2060 3074
0 2084 18 2181 w*
0 1938 12 2066 vc--v-

0 2759 20 2788 '.*··
0 2395 28 2750 '-¹›³W.W1WW’

173 811 726 896 CARMINA
797 812 946 889 DE
1022 811 1622 895 LUDOVICO
1699 814 1810 892 II.

602 939 1378 1022 IMPERATORE.

271 1106 446 1158 Perplexa
471 1118 617 1149 editionis
647 1127 741 1150 cursu
774 1118 840 1149 iam
871 1118 906 1148 in
935 1118 1051 1150 Italiae
1081 1129 1168 1150 oram
1198 1119 1295 1151 delati
1328 1120 1533 1151 consistamus
1560 1119 1744 1158 paululum,
1777 1121 1813 1150 ut

172 1172 209 1204 dc
231 1171 387 1204 Ludovico
409 1170 456 1202 II.
480 1170 665 1210 imperatore
694 1170 839 1202 carmina
865 1179 1059 1210 exponamus
1082 1170 1154 1209 duo,
1186 1172 1320 1203 alterum
1343 1171 1520 1213 rhythmum
1544 1172 1697 1212 volqarem
1718 1172 1812 1211 atque

168 1224 338 1262 horridum,
360 1223 494 1255 alterum
516 1221 635 1254 doctum
653 1222 903 1262 perpolitamque
919 1232 1042 1262 poema.

274 1286 302 1316 1.
342 1283 532 1324 Rhythmum
558 1282 791 1320 abecedarium,
818 1293 908 1323 quem
939 1283 973 1314 in
1001 1284 1186 1323 imperatore
1214 1285 1328 1316 milites
1356 1284 1403 1316 Id.
1434 1284 1516 1324 Auq.
1546 1285 1609 1315 871
1638 1283 1811 1315 Beneventi

169 1338 259 1376 capto
281 1338 310 1367 ct
331 1346 362 1368 a.
378 1335 408 1367 d.
427 1334 502 1367 XV.
517 1334 595 1366 Kal.
614 1333 676 1366 Oet.
701 1334 829 1366 dimisso
844 1335 880 1365 in
896 1335 1001 1366 triviis
1016 1335 1233 1374 decantabant,
1251 1336 1378 1376 primus
1394 1346 1432 1367 eac
1448 1335 1547 1366 codice
1565 1335 1735 1367 Veronensi
1749 1334 1814 1367 XC

169 1388 242 1429 (85)
263 1397 342 1420 saec.
357 1387 421 1420 IX.
444 1397 493 1419 ex.
515 1387 630 1426 scripto
644 1385 716 1427 (V),
738 1386 793 1418 ubi
814 1387 928 1427 lcqitur
941 1387 996 1426 sol.
1014 1389 1055 1418 76
1066 1397 1122 1427 sq„
1145 1388 1180 1418 in
1197 1388 1451 1428 Antiquitatibus
1467 1387 1590 1419 Italicis
1613 1386 1679 1418 III
1689 1388 1751 1418 711
1765 1396 1810 1426 sq.

171 1439 342 1471 Mediolani
370 1440 453 1471 1740
479 1439 581 1470 emisit
609 1438 812 1470 Muratorius
841 1440 933 1478 atque
962 1440 1178 1471 commentario
1211 1439 1383 1471 illustravit
1415 1449 1478 1471 non
1507 1438 1628 1470 indocto
1641 1439 1668 1476 ¹,·
1700 1438 1811 1470 iterum

167 1491 265 1523 edidit
286 1491 516 1524 Edelestandus
537 1490 581 1521 du
603 1490 702 1522 Merit
724 1490 759 1520 in
784 1489 911 1522 Poeseos
934 1491 1103 1530 popularis
1130 1491 1273 1531 reliquiis
1291 1502 1366 1532 paq.
1388 1492 1453 1523 264
1465 1501 1529 1530 sqq.
1555 1490 1695 1522 Parisiis
1718 1491 1811 1528 1843,

168 1543 222 1574 sed
248 1543 458 1584 rhythmorum
487 1542 573 1582 lc9e²
601 1544 636 1573 ut
664 1542 730 1573 illis
757 1542 944 1581 temporibus
967 1552 1085 1581 parum
1111 1545 1270 1582 perspecta
1296 1544 1409 1582 pravis
1436 1542 1619 1574 coniecturis
1651 1543 1810 1581 tamquam

168 1595 245 1626 mole
266 1594 418 1627 obrutum.
462 1594 533 1634 lpse
555 1603 678 1625 carmen
706 1593 872 1624 admodum
901 1596 1093 1633 corruptum,
1125 1594 1205 1632 sicut
1231 1594 1267 1624 in
1296 1593 1394 1625 codice
1422 1593 1582 1624 exhibetur
1609 1593 1648 1624 ab
1676 1593 1811 1624 Ernesto

168 1645 371 1678 Duemmler³
393 1645 492 1678 denuo
513 1654 648 1684 eaecusso,
671 1647 867 1684 repraesento
890 1646 983 1683 textu,
1007 1645 1041 1676 in
1065 1647 1224 1685 apparatu
1246 1645 1376 1677 modeste
1397 1654 1536 1684 propono
1558 1644 1703 1677 remedia.

270 1707 301 1740 2.
335 1706 485 1746 Sequitur
513 1705 706 1746 epitaphium
729 1705 881 1737 Ludevici
907 1706 989 1745 prid.
1013 1705 1062 1737 Id.
1086 1706 1168 1746 Auy.
1192 1706 1255 1736 875
1288 1706 1322 1736 in
1347 1705 1466 1745 finibus
1495 1705 1669 1736 Brixianis
1696 1705 1810 1735 mortui

169 1760 198 1790 et
224 1758 338 1798 sepulti
364 1769 394 1790 a.
423 1758 454 1790 d.
478 1757 578 1790 XIX.
600 1757 677 1789 Kal.
702 1757 786 1797 Sept.
815 1757 916 1789 eodem
943 1767 1028 1789 anno
1050 1757 1230 1789 Mediolani
1257 1757 1293 1788 in
1315 1757 1348 1789 S.
1373 1757 1534 1789 Ambrosii
1560 1757 1691 1788 basilica
1702 1757 1724 1795 ⁴,
1756 1756 1811 1787 ubi

169 1819 276 1842 versus
301 1810 403 1842 adhuc
429 1811 538 1842 extant
573 1809 675 1850 lapidi
702 1809 860 1849 insculpti.
909 1808 1153 1849 Descripserunt
1180 1809 1252 1840 inde
1278 1811 1307 1840 et
1338 1808 1501 1840 ediderunt
1536 1808 1642 1840 multi:
1671 1807 1811 1847 primum

163 1872 283 1902 parum
304 1863 448 1893 accurate
469 1862 525 1901 qui
546 1861 759 1901 antholoyiam
781 1861 956 1892 carminum
980 1861 1185 1892 recentiorum
1212 1860 1350 1892 condidit
1371 1861 1407 1891 in
1430 1859 1528 1891 codiee
1551 1859 1704 1891 Parisino
1727 1859 1812 1890 7972

167 1913 300 1952 saeculo,
323 1915 358 1944 ut
377 1913 495 1953 ferunt,
519 1923 600 1944 nono
622 1913 749 1944 exeunti
771 1913 903 1952 scripto,-
926 1914 990 1943 tum
1012 1922 1098 1943 anno
1123 1913 1206 1943 1508
1220 1913 1366 1944 Aleiatus
1378 1914 1398 1950 ⁵,
1422 1913 1476 1952 qui
1501 1912 1635 1952 lapidem
1657 1910 1812 1948 adhibuit,

168 1965 346 2006 antholoyia
373 1975 436 1996 non
459 1973 535 1996 usus
561 1966 622 2003 est,·
649 1966 713 1996 tum
736 1964 811 2001 alii,
843 1973 919 2004 quos
941 1965 1146 1996 entmzerare'3
1173 1967 1201 1995 et
1225 1964 1350 2004 lonqum
1371 1966 1415 1995 est
1438 1966 1466 1995 et
1488 1964 1601 1994 inutile
1610 1974 1620 2001 ,·
1647 1962 1811 1993 novissime

168 2017 313 2049 Fon-elza
323 2018 345 2048 ⁷.
382 2016 469 2048 Mihi
483 2025 591 2047 versus
605 2016 648 2047 ad
658 2008 803 2056 'lapidem
827 2018 891 2047 tam
913 2016 1031 2047 curiose
1054 2015 1183 2047 contulit
1199 2015 1347 2054 Iosephus
1362 2014 1546 2055 Fumaqalli
1559 2014 1811 2046 'bibliothecarius

169 2068 432 2107 Mediolanensis,
466 2070 502 2100 ut
531 2078 616 2099 nunc
646 2069 674 2099 ct
699 2068 794 2107 plene
820 2069 935 2098 constet
962 2067 998 2099 de
1025 2077 1129 2098 corum
1158 2067 1284 2099 lectione
1311 2069 1340 2098 et
1367 2067 1518 2098 mittenda
1545 2066 1644 2106 fuerit
1667 2066 1810 2105 priorum

170 2120 380 2160 indiligentia.
425 2119 562 2152 Subnoto
589 2122 693 2152 tamen
721 2122 750 2150 et
776 2130 814 2150 ea·
843 2121 928 2150 textu
959 2130 979 2150 a
1008 2118 1224 2150 Mommseno⁸
1254 2119 1417 2150 constituto
1439 2118 1561 2150 Alciati
1588 2117 1687 2158 (Alc.)
1715 2119 1743 2149 et
1772 2127 1811 2148 ew

171 2171 303 2204 Holderi
327 2171 468 2204 schedis⁹
495 2171 691 2211 antholoqiae
720 2171 809 2202 illius
837 2170 896 2211 (P)
925 2170 1169 2209 discrepantias,
1197 2172 1232 2200 ut
1262 2170 1327 2208 ipse
1357 2170 1449 2200 lector
1479 2169 1515 2200 de
1542 2169 1663 2200 Aleiati
1689 2168 1810 2199 ratione

165 2223 266 2263 possit
287 2223 444 2261 iudieare,·
465 2223 597 2254 multum
619 2223 702 2254 enim
724 2223 853 2253 interest
874 2222 962 2260 scire,
984 2221 1218 2261 antholoqiasne
1240 2221 1269 2252 is
1291 2230 1334 2252 an
1358 2220 1478 2260 lapides
1499 2220 1685 2252 adhibuerit.

275 2369 300 2400 1)
323 2368 475 2399 Muraton'i
491 2368 636 2411 *ditionem
657 2367 779 2402 Miynius
800 2367 920 2400 repetivit
941 2366 1050 2399 Patrol„
1068 2368 1128 2393 tom.
1150 2365 1221 2392 CLI.
1327 2365 1354 2398 2)
1379 2365 1421 2391 De
1444 2365 1492 2392 hoc
1514 2365 1697 2400 rhythmorum
1716 2373 1812 2399 yenere

170 2421 219 2453 cfr.
251 2419 377 2447 Guilelmi
398 2410 649 2455 Meyer“.3pire›ise1;e
671 2419 714 2446 De
738 2419 906 2446 Antichristo
926 2427 990 2452 paq.
1015 2422 1050 2444 81)
1058 2426 1119 2451 sqq„
1152 2417 1255 2443 Pmube
1278 2416 1421 2450 Karolinq.
1445 2416 1592 2451 Dichtunq.
1616 2425 1678 2451 paq.
1704 2421 1749 2443 114
1758 2425 1810 2450 sqq.

170 2473 196 2505 3)
220 2471 276 2504 Cs'r.
296 2471 332 2498 N.
350 2472 386 2499 A.
399 2471 497 2499 1V152
505 2480 558 2505 sqq.
661 2472 698 2512 «ίῂ
737 2471 769 2497 ‘'r.
788 2470 942 2497 Duemmler
962 2470 1052 2496 Gesch.
1072 2469 1098 2496 (l.
1117 2469 1194 2501 oets‘i:
1215 2468 1332 2494 Reich.‘-'
1355 2467 1394 2494 II
1403 2471 1452 2494 386
1477 2468 1540 2495 adn.
1563 2472 1591 2502 3,
1620 2468 1812 2495 Muehlbaeher

174 2523 234 2557 Ray.
254 2527 320 2551 1240
327 2532 353 2551 a.
388 2523 548 2551 Poeta-imis
569 2523 625 2550 aevi
640 2513 736 2557 poetic
755 2522 924 2548 attrilmerem
946 2518 1110 2555 epitaphium
1133 2521 1174 2552 (ut
1200 2519 1339 2546 Bernardo
1358 2519 1508 2554 presbytero
1528 2519 1741 2554 Mediolanensi,
1765 2520 1812 2554 qui

171 2575 300 2609 Ampor-ti
317 2575 481 2609 epitaphium
499 2575 575 2609 apud
594 2574 754 2602 Ferrarium
775 2574 897 2600 Manum.
917 2573 946 2598 di
957 2573 984 2599 S.
997 2572 1135 2606 Ambroqio
1151 2579 1211 2605 pay.
1226 2575 1272 2597 151
1290 2573 1338 2597 aut
1356 2571 1438 2603 fallor
1455 2574 1505 2598 aut
1523 2571 1665 2605 aliquanto
1678 2574 1739 2605 post
1756 2572 1812 2598 eius

170 2629 278 2654 'nortem
295 2627 458 2661 insculpsit),
479 2627 534 2654 nisi
551 2626 646 2654 codicis
667 2626 790 2653 Pari-*ini
808 2625 986 2652 testimonium
1003 2624 1101 2650 obstare
1121 2623 1260 2655 videretur,
1284 2630 1359 2655 quem
1377 2622 1472 2656 fciunt
1489 2623 1617 2656 scriptum
1635 2630 1689 2649 esse
1706 2623 1812 2650 saeculo

171 2679 226 2706 IX.
244 2686 283 2705 esc.
388 2680 416 2713 5)
445 2679 500 2712 Csr.
519 2679 551 2705 dc
570 2679 652 2706 Bassi
669 2679 755 2705 Inscr.
776 2677 871 2704 Christ.
892 2677 925 2702 ΙΙ
933 2681 945 2703 1
962 2684 1022 2710 pay.
1042 2679 1100 2709 183,
1119 2675 1165 2708 qui
1184 2674 1320 2701 Alcimum
1338 2674 1368 2700 in
1386 2674 1551 2700 describendo
1568 2674 1699 2708 epitaphio
1716 2674 1812 2709 sylloye

171 2730 289 2764 quadam
300 2739 380 2757 ueum
391 2738 444 2757 esse
453 2730 596 2757 emitendit.
667 2732 694 2761 6)
715 2730 771 2763 Ofr.
784 2729 821 2755 N.
835 2729 869 2755 A.
882 2729 900 2754 1
907 2728 990 2755 V527.
1061 2728 1087 2761 7)
1108 2726 1245 2754 Iscrizioni
1264 2726 1328 2752 delle
1340 2725 1421 2752 chiese
1433 2746 1437 2752 .
1449 2746 1455 2752 .
1468 2746 1474 2753 .
1487 2726 1517 2752 di
1531 2726 1637 2753 Milano
1649 2725 1812 2759 (Mediolani

172 2785 250 2816 1890)
268 2782 315 2808 col.
335 2782 385 2808 III
396 2791 460 2816 paq.
478 2787 527 2809 204
547 2791 573 2809 n.
595 2787 648 2809 2⁶7.
754 2783 781 2815 8)
802 2780 874 2806 CIL.
895 2780 1014 2813 1¹21my.
1037 2784 1084 2806 616
1104 2782 1127 2805 et
1146 2782 1202 2805 623.
1306 2779 1333 2812 9)
1356 2778 1392 2804 N.
1410 2778 1445 2804 A.
1467 2777 1546 2804 1414.

1552 2872 1607 2898 51*
