2060 3074
246 140 308 171 436
906 135 1042 162 HEIRICI
1062 134 1203 162 CARMIN
1206 135 1238 161 A.

665 224 701 256 Si
724 223 856 263 ieiunia,
879 223 906 254 si
929 232 1042 254 cruces
1065 221 1202 263 iniquas,

665 275 700 307 Si
723 278 836 307 noctes
859 274 934 306 tulit
956 273 1043 306 idem
1066 273 1245 315 inquietas3

664 328 700 359 Si
724 338 788 359 non
811 326 964 358 extimuit
986 325 1086 357 maris
1110 325 1255 357 minaces

665 378 806 411 Securus
829 378 940 420 pelagi
963 377 1072 409 subire
1095 376 1225 413 fauces;

665 431 710 472 Si,
735 430 888 473 quicquid
911 429 1038 472 gladius
1061 431 1234 472 potestque
1257 429 1397 470 flamma,

590 495 627 515 114
666 482 871 525 Contempsit
893 482 1022 525 patiens
1047 491 1157 514 amore
1182 481 1313 514 Christi.

781 716 1054 753 ALLOCVTIO
1083 715 1149 752 AD
1177 716 1359 752 LIBRVM

728 775 920 807 ΔΥΚΟΛΩ
943 774 1174 807 ΔΙΣΤΡΟΦΩ
1197 773 1419 806 DECVRSA.

720 843 755 875 Si
778 847 810 876 te
834 843 1019 886 perliquido
1043 846 1174 875 tuemur
1196 853 1252 874 ore

760 895 792 926 Ν
795 905 832 927 ec
856 895 973 927 ludunt
995 895 1156 927 insomnia
1178 897 1331 934 mentem,

716 947 791 979 Non
814 947 895 979 illud
918 947 1058 986 tulerim,
1082 947 1204 986 libelle,
1227 946 1348 978 frustra

667 1011 679 1030 4
760 999 855 1035 Quod
879 999 963 1031 tanti
986 999 1156 1042 popularia
1179 998 1280 1038 ducis,

717 1052 871 1084 Natalem
895 1052 1057 1084 latebram
1080 1055 1117 1084 ut
1139 1062 1277 1094 perosus
1300 1052 1386 1083 ultro

759 1104 876 1136 Insano
901 1105 1068 1136 oblectere
1093 1104 1243 1136 tumultu.

715 1156 790 1187 Non
814 1156 914 1187 nichil
937 1156 1091 1188 miserum
1115 1155 1372 1187 characterizant

666 1221 678 1239 s
759 1207 886 1240 Taedia
910 1208 1030 1240 secreti
1053 1218 1114 1239 nec
1137 1207 1242 1239 amica

717 1261 813 1298 Quod
837 1272 967 1304 semper
991 1261 1107 1293 studiis
1131 1261 1238 1302 sigilla
1263 1260 1362 1292 castis

761 1313 936 1356 Tantisper
959 1313 1094 1355 refugis,
1118 1313 1193 1345 licet
1217 1313 1317 1353 illam,

720 1365 812 1402 Quae
837 1365 951 1405 fertur,
974 1364 1113 1397 Danaen
1137 1367 1220 1397 aena
1243 1365 1340 1397 turris

654 1430 678 1449 12
760 1417 922 1459 Auripluo
946 1417 1002 1449 vix
1026 1417 1110 1449 texit
1133 1417 1174 1449 ab
1199 1415 1304 1449 imbri.

720 1469 806 1506 Quid
829 1472 895 1501 tam
919 1470 1133 1501 turmivomae
1156 1470 1269 1501 iuvant
1291 1470 1445 1512 plateae?

761 1521 846 1558 Quid
870 1522 992 1553 refluae
1017 1521 1185 1553 dicacibus
1209 1521 1327 1553 urbes?

718 1573 823 1610 Quem
848 1573 989 1606 necdum
1012 1574 1122 1616 tetigit
1144 1574 1241 1605 litura
1264 1573 1403 1605 necdum

653 1639 677 1658 ιε
758 1625 917 1657 Sordibus
942 1625 1089 1668 explosis
1114 1625 1202 1657 color
1225 1625 1326 1665 auxit,

718 1678 754 1710 Si
777 1688 842 1709 non
865 1677 1025 1720 insipidus
1050 1677 1181 1710 deerrat
1204 1688 1319 1719 augur,

761 1729 788 1762 O
812 1730 948 1761 nimium
972 1740 1108 1773 passure
1130 1729 1274 1772 pudoris.

718 1782 862 1824 Vulgant
886 1782 1064 1814 Bucolicen
1087 1783 1198 1815 labore
1223 1782 1319 1814 trimo

653 1848 679 1867 20
762 1834 891 1866 Cultius
916 1835 1116 1878 explicuisse
1140 1835 1324 1872 Maronem;

719 1886 873 1928 Septenis
898 1886 1011 1918 itidem
1034 1887 1159 1929 polibat
1183 1887 1277 1918 annis

763 1938 985 1974 Quadrifidam
1011 1938 1131 1971 sudore
1156 1938 1326 1981 Georgen3

718 1990 806 2022 Exin
831 1989 1005 2022 Aeneadas
1030 1991 1062 2022 in
1087 2001 1177 2022 arma
1199 1990 1353 2033 pulchros

652 2054 678 2073 24
759 2042 911 2074 Endecas
935 2043 975 2074 ad
999 2043 1175 2085 limamque
1198 2043 1335 2084 redegit.

355 2138 462 2163 Scholia
481 2151 512 2155 --
532 2138 560 2162 A.
581 2137 620 2171 Δ.]
645 2138 670 2163 id
694 2142 733 2163 est
755 2139 888 2163 bimembri
908 2139 1032 2164 carmine:
1057 2139 1082 2164 di
1100 2140 1164 2171 duo,
1190 2139 1263 2164 colon
1287 2139 1437 2164 membrum.
1458 2153 1488 2155 —
1509 2140 1537 2164 Id
1555 2143 1594 2164 est
1611 2140 1708 2173 duplici
1726 2140 1899 2165 conversione.

249 2183 271 2207 A
291 2182 405 2207 secundo
424 2181 492 2206 enim
510 2189 588 2206 versu
606 2182 674 2207 facta
692 2185 730 2206 est
747 2182 887 2214 replicatio.
924 2183 990 2207 Nam
1014 2183 1083 2216 prior
1106 2191 1196 2208 versus
1220 2182 1353 2207 falleutius
1375 2186 1420 2207 est.
1458 2183 1571 2214 Sequens
1595 2191 1628 2208 ex
1651 2184 1742 2208 ultima
1758 2182 1901 2216 ten-apodia

249 2226 345 2250 heroici
363 2228 472 2250 constat.
498 2225 614 2255 Quatuor
632 2225 700 2249 enim
719 2228 780 2250 sunt
798 2225 875 2258 pedes
895 2225 990 2251 heroici
1009 2234 1106 2251 versus.
1194 2223 1209 2250 7
1228 2224 1278 2258 clu]
1299 2226 1314 2250 i.
1334 2234 1356 2250 e.
1374 2226 1550 2258 praefigurant
1639 2225 1669 2251 ll
1689 2227 1798 2252 Danaen
1816 2223 1902 2251 Acrisi

251 2269 331 2294 filiam
350 2271 430 2294 aenea
448 2268 513 2293 turri
537 2268 664 2294 inclusam
683 2269 780 2302 Iupiter
802 2277 942 2294 conversus
964 2270 991 2294 in
1018 2270 1126 2294 imbrem
1144 2277 1250 2294 aureum
1269 2269 1411 2294 submissus
1430 2269 1490 2300 (sub
1508 2269 1536 2294 in
1554 2269 1571 2294 l.
1591 2278 1613 2294 r.
1631 2269 1666 2299 P)
1685 2270 1806 2303 corrupit.
1841 2269 1901 2295 Ful-

249 2312 352 2344 gentius
371 2310 489 2344 (Mytlzol.
509 2311 529 2336 Ι
538 2313 571 2336 24
589 2312 627 2336 ed.
644 2311 767 2337 Staveren
780 2320 843 2345 paq.
857 2311 913 2343 653)
932 2313 1000 2337 Dum
1016 2316 1042 2338 et
1054 2313 1126 2338 Dane
1145 2313 1225 2337 imbre
1243 2315 1334 2337 aurato
1346 2315 1465 2345 corrupta
1483 2315 1534 2337 est:
1554 2321 1605 2337 non
1623 2313 1711 2345 pluvia
1729 2313 1773 2338 sed
1791 2313 1902 2346 pecunia

250 2353 310 2388 (cfr.
324 2355 453 2387 Mythoqr.
474 2354 553 2380 Vatic.
574 2355 626 2379 III
636 2356 684 2386 3,5
702 2355 742 2380 ed.
755 2355 828 2380 Bode
842 2363 905 2387 paq.
919 2355 1026 2387 162,42)
1099 2355 1131 2381 13
1149 2354 1311 2388 turmivome]
1331 2355 1356 2380 id
1374 2358 1412 2380 est
1430 2355 1606 2380 multitudines
1618 2356 1751 2381 homiuum
1768 2356 1901 2381 exibentes

250 2397 351 2431 iuvant]
372 2399 500 2423 delectant
599 2397 631 2423 14
650 2397 792 2430 dicacibus]
811 2399 944 2424 locaeibus
1041 2398 1074 2425 15
1091 2409 1116 2432 q.
1135 2409 1160 2424 n.
1179 2398 1207 2432 t.]
1229 2400 1244 2424 i.
1264 2407 1300 2424 e.:
1319 2399 1363 2431 qui
1381 2398 1490 2423 necdum
1509 2399 1636 2431 expolitus
1653 2399 1689 2424 sis
1735 2397 1822 2432 litura]
1842 2399 1859 2424 i.
1877 2407 1900 2424 e.

249 2441 347 2474 regula.
371 2454 403 2458 —
433 2442 523 2466 Litura
546 2442 640 2467 dicitur
661 2442 729 2468 linea
752 2443 894 2474 fabrorum,
922 2451 987 2474 quae
1009 2443 1155 2468 extenditur
1178 2441 1249 2475 ligno
1273 2443 1305 2468 ad
1328 2442 1485 2474 equandum,
1513 2442 1581 2466 dicta
1603 2450 1620 2467 a
1642 2442 1686 2467 filo
1707 2442 1763 2467 litio
1786 2441 1865 2474 (unde
1877 2441 1900 2474 ἵ)

253 2483 284 2510 16
303 2483 424 2517 explosis]
445 2485 545 2510 eductis
581 2485 650 2510 color
668 2484 701 2518 a.]
721 2486 868 2518 pulcritudo
886 2486 1050 2519 superaddite
1068 2486 1232 2511 correctionis
1303 2484 1335 2511 19
1353 2483 1438 2518 trimo]
1458 2485 1483 2510 id
1502 2488 1541 2510 est
1558 2485 1668 2510 triennio
1737 2484 1772 2511 20
1789 2483 1900 2518 Cultius]

249 2529 364 2553 ornatius
452 2526 483 2553 21
504 2527 600 2561 itidem]
620 2528 735 2553 similiter
783 2527 887 2561 polibat]
908 2529 1018 2554 ornabat
1096 2528 1143 2558 ¹22
1161 2527 1347 2561 Quadrifidam]
1367 2529 1393 2553 in
1412 2532 1524 2560 quatuor
1542 2528 1621 2553 libros
1639 2528 1749 2553 divisam
1795 2527 1897 2561 sudore]

250 2572 337 2597 labore
441 2569 475 2595 24
500 2569 624 2604 Endeeas]
644 2571 762 2596 undecim
781 2571 843 2596 anni
896 2572 929 2597 ad
946 2570 974 2604 l.]
996 2573 1029 2597 ad
1047 2572 1235 2605 perfectionem.
1254 2585 1286 2589 —
1306 2572 1429 2596 Tractum
1447 2579 1464 2596 a
1481 2571 1573 2603 fabris,
1596 2571 1641 2604 qui
1658 2571 1719 2596 lima
1736 2572 1902 2605 erubiginaut

251 2613 442 2646 (*crubizinant
459 2613 492 2644 P)
511 2614 607 2638 ferrum

354 2689 421 2716 Onam
438 2691 493 2715 tota
506 2689 612 2716 Heirim'
629 2690 790 2717 allocutione
809 2691 908 2718 Horat.
923 2691 978 2724 Ep.
998 2691 1056 2718 120
1073 2690 1184 2717 eontulit
1202 2690 1277 2717 IAebl
1293 2691 1310 2717 Ζ.
1327 2698 1348 2717 c.
1419 2691 1435 2717 8
1445 2698 1481 2723 sm
1502 2690 1599 2718 Horat.
1611 2691 1629 2717 1.
1641 2699 1664 2718 c.
1677 2691 1693 2717 3
1707 2690 1798 2718 Odisti
1811 2690 1898 2718 clavis

250 2743 279 2769 et
297 2742 379 2776 grata
398 2739 492 2775 sigilla
510 2741 619 2775 pudico,
640 2741 740 2769 Paucis
758 2742 867 2770 ostendi
885 2742 973 2777 gemis
992 2744 1020 2769 ct
1039 2741 1202 2769 communis.
1215 2742 1320 2769 laudas.
1428 2743 1461 2769 15
1483 2742 1539 2775 Cfr.
1558 2742 1658 2768 Horat.
1677 2742 1737 2769 Art.
1753 2745 1821 2776 poet.
1839 2743 1899 2770 293.

251 2794 282 2821 17
302 2802 392 2828 augur
409 2792 507 2819 Horat.
526 2793 581 2826 Ep.
601 2793 671 2826 120,
685 2794 708 2821 9.
799 2796 901 2822 19-24
921 2795 977 2828 Cf'r.
997 2803 1017 2822 e.
1035 2804 1060 2830 9.
1081 2795 1167 2822 Servii
1186 2794 1325 2821 Gomment.
1344 2795 1375 2821 in
1393 2795 1460 2821 Aen.
1479 2795 1517 2821 ed.
1540 2795 1618 2822 Thilo
1637 2795 1657 2821 Ι
1669 2803 1728 2829 pay.
1749 2796 1772 2828 1,
1785 2795 1865 2829 Ssqq.
