2040 2996
203 123 242 156 78
774 118 938 149 AUDRADI
957 117 1085 148 MODICI
1103 117 1278 148 CARMINA.

569 208 654 240 Nam
677 213 710 241 te
734 209 789 251 qui
812 212 918 240 terrae
943 208 1110 240 dominum
1134 207 1275 239 concedo
1299 218 1442 246 manere,

571 261 709 293 Carcere
733 261 961 299 flammivomo,
985 260 1071 291 tristi
1094 270 1156 292 nec
1179 262 1315 302 torqueo
1337 260 1427 292 fumo

570 313 810 354 Horrisonique
834 313 924 344 canis
947 312 1071 343 rabiem
1096 322 1159 343 non
1182 322 1315 343 cernere
1339 322 1421 354 cogo

474 372 511 390 1⁷⁵
569 365 638 396 Nec
661 364 726 396 feci
749 363 893 406 gelidum
917 364 1063 395 tenebris
1088 364 1211 396 sentire
1237 363 1392 404 dolorem,

569 416 715 447 Alterius
739 415 847 457 fugias
871 415 991 447 domini
1014 415 1227 447 succumbere
1251 416 1362 448 iussis.

570 467 670 499 Cuius
695 470 855 509 suggestu
878 467 997 499 misero
1021 467 1048 498 si
1071 467 1186 499 riseris
1210 470 1295 507 actu,

569 519 658 556 Quas
682 519 779 550 retuli
802 529 911 561 supra,
934 519 1049 550 merito
1073 519 1276 551 succumbito
1300 519 1447 562 poenis”.

568 571 664 602 Eheu
686 588 728 593 —
751 570 806 612 qui
828 570 927 612 primi
950 570 1094 602 recinam
1118 581 1203 602 nunc
1226 570 1315 602 facta
1337 572 1512 613 parentis?‚

474 631 511 649 18⁰
569 622 633 659 Qui
656 623 778 665 sprevit
800 625 979 664 praecepta
1002 622 1056 653 dei
1080 622 1244 664 vitamque
1267 623 1408 665 reliquid

569 673 612 705 Et
633 674 744 705 mortis
768 673 897 705 domino
921 674 1086 706 consensit
1109 677 1142 706 et
1164 674 1275 706 intulit
1297 675 1366 706 orbi

569 726 678 768 Atque
703 725 770 757 suis
793 725 890 766 natis,
915 726 1003 757 omni
1027 726 1199 768 sobolique
1223 727 1382 768 sequenti,

570 778 660 815 Quas
684 778 804 809 meruit
826 789 959 820 poenas,
983 778 1114 810 domino
1138 782 1302 810 mercatus
1324 780 1446 821 iniquo.

570 830 632 866 Qui
655 830 748 861 vetiti
771 830 893 861 malum
915 830 995 872 ligni
1018 833 1211 873 porrexerat
1234 830 1335 871 Evae,

474 890 510 908 ms
570 882 641 913 Eva
663 882 744 921 viro,
767 885 907 913 mortem
931 882 1122 924 cunctisque
1146 883 1342 924 sequacibus
1365 884 1479 916 ambo:

571 933 624 965 Sic
648 933 753 972 homo,
778 944 852 965 cum
875 934 987 973 voluit,
1011 934 1112 966 vitam
1135 945 1194 976 pro
1217 938 1321 967 morte
1344 936 1495 978 reliquid.

531 985 645 1027 Incipe
670 995 756 1016 nunc
779 995 919 1024 mecum,
945 986 1099 1017 caelestis
1123 986 1238 1028 gratia,
1263 997 1394 1019 carmen

530 1037 667 1069 Aeterni
690 1037 801 1077 fontis,
825 1037 949 1079 scyphi,
973 1037 1139 1080 paschalis
1164 1040 1198 1069 et
1221 1037 1331 1070 horae.

571 1088 636 1120 Sed
660 1092 770 1120 tamen
793 1089 1010 1131 omnipotens,
1034 1099 1143 1120 rerum
1166 1089 1219 1120 cui
1242 1100 1370 1122 summa
1392 1094 1548 1134 potestas,

474 1148 511 1166 1⁹0
571 1140 674 1176 Quem
699 1141 778 1172 fecit
801 1140 977 1179 hominem,
1001 1140 1115 1179 doluit,
1139 1142 1314 1173 miseratus
1338 1145 1372 1173 et
1395 1143 1486 1174 illum

570 1192 730 1224 Dulcibus
753 1192 904 1234 alloquiis
928 1195 961 1223 et
984 1193 1074 1224 celsa
1097 1203 1178 1224 voce
1202 1193 1372 1225 reclamat:

570 1243 664 1280 “Quo
687 1243 785 1285 fugis,
809 1254 828 1274 ο
852 1243 980 1281 factura
1002 1244 1088 1275 mei?
1113 1254 1171 1287 per
1193 1244 1289 1276 devia
1311 1245 1405 1277 vallis

569 1294 691 1326 Tendis
715 1294 756 1326 ad
779 1295 908 1336 ignotas
933 1298 966 1326 et
989 1296 1080 1326 caeci
1103 1296 1242 1327 carceris
1266 1296 1367 1328 aedes

571 1347 839 1389 Sulphureasque
863 1346 979 1379 domus
1002 1347 1150 1379 flammas
1175 1348 1245 1380 sine
1269 1348 1332 1380 fine
1356 1353 1535 1381 vomentes.

474 1407 511 1425 1⁹⁵
570 1399 643 1430 Illic
666 1409 754 1430 mors
778 1399 909 1431 inimica
932 1399 1052 1431 sedens
1075 1402 1134 1431 tua
1156 1400 1272 1432 funera
1295 1402 1404 1439 sarcit,

571 1451 676 1483 Obvia
698 1452 788 1483 mille
812 1455 868 1483 tuo
890 1452 1106 1494 praemittens
1130 1453 1257 1495 spicula
1279 1453 1380 1485 cordi.

568 1503 692 1543 Flecte,
717 1504 826 1542 miser,
850 1514 993 1548 cursum,
1017 1514 1080 1546 quo
1105 1504 1152 1535 sol
1175 1505 1341 1547 consurgit
1365 1515 1435 1545 eoo,

569 1555 629 1587 Est
652 1556 709 1587 ubi
732 1558 845 1586 nostra
868 1555 984 1587 domus
1008 1559 1041 1587 et
1063 1556 1128 1587 vivi
1152 1556 1251 1588 fontis
1275 1557 1367 1599 origo

569 1607 613 1638 Et
637 1611 764 1649 septem
788 1608 918 1649 palmae
942 1607 1060 1639 faciem
1085 1608 1232 1640 salientis
1255 1609 1413 1641 amictant

474 1666 513 1685 '20⁰
569 1659 745 1691 Fecundae
768 1659 886 1695 fructu,
910 1670 1046 1701 quarum
1070 1670 1134 1691 non
1158 1670 1256 1702 poma
1277 1663 1483 1702 putrescunt,

570 1710 762 1753 Temperies
787 1711 883 1750 veris,
907 1711 1004 1742 flores
1029 1714 1062 1743 et
1083 1711 1212 1743 roscida
1233 1712 1332 1743 mella

571 1762 614 1793 Et
637 1762 786 1794 miranda
809 1773 885 1793 suos
909 1763 1062 1794 emittunt
1085 1764 1234 1805 gramina
1256 1764 1354 1797 flores
1379 1783 1419 1788 —

570 1814 745 1845 Pulchrius
768 1814 802 1845 in
825 1817 894 1846 toto
917 1825 1026 1847 rerum
1050 1815 1096 1846 nil
1120 1815 1264 1847 cernitur
1286 1816 1366 1848 orbe
1391 1826 1450 1848 ——t

570 1865 645 1897 Huc
669 1866 830 1908 plangens
854 1866 1094 1908 lacrimansque
1117 1867 1187 1899 redi
1210 1867 1404 1910 veniamque
1426 1869 1569 1911 preceris

473 1924 512 1944 20⁵
570 1917 613 1948 Et
636 1918 720 1949 votis
745 1929 888 1960 exposce
912 1919 971 1950 tibi
994 1920 1050 1962 pia
1073 1920 1191 1962 pocula
1214 1920 1311 1952 fontis

571 1969 615 2001 Et
637 1970 744 2001 fructu
767 1971 896 2012 palmae
920 1972 1048 2014 peccati
1071 1972 1201 2003 vincula
1225 1972 1330 2010 solve;

570 2021 720 2064 Namque
744 2025 820 2053 tuae
842 2023 956 2055 mortis
979 2026 1016 2054 tu
1039 2024 1188 2055 conscius
1213 2035 1287 2056 esse
1311 2024 1464 2057 videris”.

571 2073 665 2105 Haec
688 2073 878 2106 celebrante
902 2074 965 2106 deo
989 2075 1143 2107 clementi
1167 2077 1310 2108 carmine
1333 2077 1435 2108 verba

569 2125 691 2156 Infelix
715 2125 837 2165 muloti,
862 2137 1011 2168 gressum
1034 2137 1095 2158 nec
1118 2127 1212 2159 flexit
1235 2127 1275 2159 ad
1300 2128 1402 2167 illum,

474 2183 512 2202 2¹⁰
570 2176 635 2208 Sed
660 2177 774 2209 mortis
797 2178 964 2210 dominum
986 2179 1097 2211 loetali
1122 2182 1211 2210 sorte
1235 2183 1368 2211 secutus

571 2230 714 2272 Excepit
737 2229 851 2272 dignas
877 2234 968 2263 tanto
992 2242 1050 2274 pro
1073 2232 1208 2264 crimine
1232 2243 1367 2274 poenas.

309 2341 358 2367 177
379 2343 401 2367 si
423 2343 509 2368 siseris
531 2351 598 2368 corr.
621 2342 643 2367 R
736 2343 786 2369 183
808 2342 954 2370 *mercatur
976 2343 1001 2369 R
1024 2349 1152 2370 mereatur
1176 2345 1198 2370 0
1291 2344 1342 2371 186
1363 2345 1475 2379 reliquid
1498 2346 1523 2371 B
1615 2346 1666 2372 190
1683 2348 1818 2374 miseratur
1836 2348 1862 2373 B

205 2384 255 2410 194
273 2385 361 2411 domos
382 2385 404 2410 0
506 2385 558 2410 203
575 2394 665 2411 verum
684 2386 735 2410 130
752 2395 820 2412 corr.
839 2387 871 2412 F.
891 2387 1040 2413 Dzoemmler
1127 2387 1278 2414 206⁴*s01vi
1298 2388 1347 2414 Ro
1435 2388 1488 2414 210
1505 2390 1574 2415 sonte
1596 2390 1618 2415 O

309 2462 358 2487 177
379 2461 439 2495 Quo
457 2464 563 2488 auctore
580 2462 604 2488 si
620 2462 716 2495 farm-is
733 2463 772 2489 rei
788 2463 923 2496 nefandae
941 2484 947 2490 .
1018 2463 1234 2498 Suggestionem
1252 2464 1358 2491 diaboli
1372 2465 1558 2499 Auqustinum
1575 2467 1658 2492 secuti
1673 2467 1752 2493 multi
1763 2466 1859 2494 ἆίιωκ.

207 2513 257 2538 180
275 2513 341 2538 Aen.
359 2511 388 2545 V,
401 2512 452 2538 517
471 2513 614 2547 vitamque
632 2514 747 2548 reliquit
765 2535 771 2541 .
785 2535 791 2541 .
805 2536 811 2542 .
910 2515 960 2541 189
978 2506 1100 2550 AensX,
1115 2515 1166 2542 100
1184 2515 1256 2542 Tum
1275 2517 1357 2550 pater
1374 2517 1560 2551 omnipotens,
1579 2526 1670 2544 rerum
1688 2518 1733 2544 cui
1751 2527 1861 2545 summa

206 2564 253 2596 (sic
273 2564 394 2597 plerique
416 2565 489 2591 codd.
512 2567 535 2591 α·
557 2565 604 2598 cfr.
622 2574 642 2592 e.
658 2574 684 2599 9.
705 2566 816 2593 Paulin.
840 2565 904 2592 Nol.
921 2574 943 2593 c.
961 2565 1012 2599 IV,
1034 2567 1047 2592 l
1072 2569 1096 2592 et
1121 2567 1345 2602 Psmdoeyprian.
1365 2568 1403 2595 ed.
1428 2569 1465 2595 H.
1483 2577 1563 2596 carm.
1587 2569 1635 2603 VI,
1653 2570 1700 2603 83)
1725 2571 1858 2604 potestas.

207 2617 253 2642 191
278 2624 297 2642 e.
317 2625 342 2650 ῃ.
366 2616 442 2643 Fore.
465 2626 526 2650 app,
548 2617 584 2650 X,
606 2619 617 2644 1
638 2618 676 2645 etl.
700 2618 734 2645 L.
752 2626 781 2652 p.
801 2619 852 2644 282
876 2618 1009 2645 Dulcibus
1031 2618 1171 2652 alloquiis.
1278 2620 1327 2646 192
1352 2620 1442 2647 Sedul.
1461 2621 1501 2654 H,
1521 2622 1571 2648 103
1594 2621 1647 2648 Per
1670 2621 1733 2648 loca
1751 2641 1860 2648 ......

205 2667 288 2693 devia
311 2668 398 2694 callis.
508 2669 558 2695 193
581 2670 647 2696 Aen.
673 2670 724 2703 IV,
744 2671 795 2697 734
818 2679 927 2698 carcere
949 2679 1039 2698 caeco.
1149 2673 1200 2699 195
1223 2681 1296 2699 mors
1320 2673 1434 2700 inimica
1457 2682 1476 2700 e.
1499 2682 1524 2708 9.
1550 2674 1625 2701 For-t.
1651 2673 1679 2700 0.
1703 2673 1756 2707 1V,
1778 2675 1810 2705 2.
1833 2675 1858 2700 2.

207 2719 255 2745 197
275 2719 342 2746 Aen.
357 2719 413 2753 ΙΙΙ,
432 2720 483 2746 588
500 2720 589 2754 primo
606 2722 739 2755 surgebat
751 2722 819 2750 Eoo.
908 2724 958 2749 198
975 2724 1020 2757 ψ’.
1034 2725 1076 2751 39.
1164 2725 1213 2750 201
1234 2724 1294 2751 Ecl.
1308 2725 1360 2758 IV,
1373 2726 1409 2751 30
1420 2725 1529 2752 roscida
1541 2725 1633 2752 mella.
1720 2726 1772 2752 204
1794 2726 1860 2754 Aen.

206 2770 264 2804 III,
286 2771 334 2796 144
355 2771 520 2806 veniamque
538 2774 652 2807 precari.
758 2776 807 2802 211
827 2783 847 2802 e.
863 2783 887 2809 9.
909 2775 997 2802 Sodul.
1022 2776 1050 2809 V,
1073 2777 1122 2803 132
1140 2778 1222 2803 tanto
1241 2785 1291 2811 pro
1309 2777 1425 2804 crimine
1443 2778 1550 2812 eulpae.
