2092 3094
281 181 343 211 254
589 178 913 208 BIBLIO'I'HECARUM
933 178 980 208 ET
1000 179 1286 209 PSALTERIORUM
1306 179 1444 209 VERSUS
1463 181 1501 210 IV
1520 181 1568 209 ET
1587 181 1620 210 V.

555 2022 580 2041 10

376 2257 439 2292 [vu]
453 2259 479 2292 f.
498 2258 539 2284 64¹
559 2263 621 2292 pont
643 2258 775 2284 elenchum
799 2259 927 2291 euanqelii
949 2259 1089 2284 secundum
1109 2259 1210 2285 Lucam

273 2300 357 2335 [vum]
369 2303 396 2335 f.
413 2300 455 2327 96¹
469 2306 530 2334 poet
547 2302 678 2327 elenchum
696 2301 824 2334 euangelii
841 2302 981 2327 secundum
999 2302 1145 2328 Iohannem

1084 278 1136 300 vn.

644 323 753 355 Lucas
776 322 930 355 Achaicis
953 323 1078 355 calamo
1102 323 1257 355 describit
1279 323 1430 363 honesto,

646 374 738 411 Quae
761 375 845 406 tanti
869 375 1003 407 sedulus
1025 375 1119 406 Pauli
1141 385 1201 418 per
1222 375 1325 407 verba
1348 380 1480 408 secutus

643 426 805 457 Audierat
827 426 958 466 docilis,
981 426 1155 469 peregrina
1177 430 1271 458 veste
1295 427 1445 460 decorus,

644 477 715 509 Nec
738 478 849 520 pelagi
872 469 991 509 fluctus
1014 479 1119 520 potuit
1143 489 1354 520 compescere
1378 479 1497 518 verbis,

642 529 719 561 Iura
743 529 922 562 sacerdotis
947 530 1022 571 quin
1048 530 1206 562 scriberet
1228 530 1375 562 themate
1398 531 1521 573 primo:

645 581 739 613 Haec
762 581 836 613 ideo
858 581 960 613 facies
985 582 1079 614 vituli
1103 581 1290 625 depingitur
1312 583 1370 614 illi.

1074 687 1137 709 vlu.

644 732 742 764 Hunc
764 733 895 775 Moyses
920 743 1041 775 agnum
1064 733 1260 765 monstravit
1283 734 1358 775 lege
1381 734 1539 766 futurum:

645 783 778 815 Cunctis
802 795 859 826 pro
883 785 1012 827 populis
1035 785 1163 816 sufferri
1187 785 1324 817 vulnera
1346 786 1470 817 mortis.

1068 891 1144 913 vnn.

644 935 726 967 Cum
751 939 864 968 sancto
887 936 1033 979 penitras
1057 947 1177 970 arcana
1200 938 1329 978 labore,
1353 938 1529 978 Iohannes,

643 986 737 1023 Quae
760 988 869 1019 nullus
892 989 1000 1031 potuit
1022 988 1189 1021 hominum
1213 1000 1273 1021 nec
1296 991 1416 1022 mentis
1440 1001 1587 1029 acumen,

643 1039 721 1071 Alta
745 1039 871 1082 sophya
893 1040 1001 1072 nitens
1024 1051 1168 1083 unquam
1193 1042 1358 1083 penitrare
1383 1042 1541 1084 legendo:

642 1090 688 1122 Ut
711 1091 792 1123 deus
815 1094 968 1123 aeternus
992 1092 1098 1124 faetus
1123 1104 1198 1125 caro
1223 1094 1349 1136 virgine
1373 1097 1477 1126 natus.

642 1142 685 1174 Et
707 1143 783 1185 quia
806 1144 979 1176 verborum
1003 1145 1119 1187 pennis
1143 1156 1241 1188 super
1263 1149 1350 1178 astra
1373 1146 1496 1188 petisti,

642 1194 690 1226 Te
715 1196 845 1238 species
869 1196 998 1238 aquilae
1022 1197 1185 1239 sequitur,
1210 1208 1293 1240 quae
1316 1198 1466 1240 pervolat
1489 1197 1593 1230 ethra.

1090 1301 1122 1324 X.

641 1346 790 1378 Dextera
813 1346 895 1378 haec
917 1347 1020 1389 patris
1043 1347 1200 1379 mundum
1224 1347 1353 1379 dicione
1378 1348 1564 1390 gubernans

688 1397 846 1440 Protegat
869 1402 902 1430 et
924 1398 1084 1431 Karolum
1109 1409 1238 1442 semper
1260 1400 1301 1432 ab
1325 1400 1420 1432 hoste
1445 1411 1551 1432 suum.

1083 1504 1126 1527 X!-

640 1548 698 1580 Bis
724 1548 958 1591 quadringenti
981 1549 1118 1581 volitant
1142 1552 1175 1581 et
1199 1550 1410 1593 septuaginta

687 1600 794 1640 Anni,
818 1611 881 1643 quo
905 1601 986 1633 deus
1011 1604 1063 1633 est
1086 1601 1211 1644 virgine
1234 1604 1332 1633 natus
1357 1602 1464 1634 homo.

640 1652 706 1684 Ter
728 1651 822 1684 denis
846 1652 939 1684 annis
962 1652 1105 1684 Karolus
1129 1653 1288 1695 regnabat
1312 1656 1344 1684 et
1368 1663 1443 1692 uno,

686 1703 770 1736 Cum
793 1703 899 1736 codex
922 1707 1015 1736 actus
1039 1705 1128 1736 illius
1151 1704 1300 1748 imperio,

639 1755 810 1787 Hactenus
833 1755 995 1787 undosum
1019 1756 1145 1787 calamo
1168 1756 1400 1798 descripsimus
1424 1767 1558 1798 aequor,

685 1807 808 1839 Litoris
831 1807 872 1839 ad
895 1807 993 1840 finem
1017 1810 1129 1839 nostra
1151 1808 1262 1840 carina
1284 1811 1405 1840 manet.

639 1858 807 1901 Sanguine
831 1869 891 1890 nos
914 1869 980 1891 uno
1003 1859 1105 1901 patris
1128 1860 1443 1902 matrisquecreati,

686 1911 795 1953 Atque
819 1910 999 1943 sacerdotis
1024 1914 1134 1943 servat
1155 1914 1296 1954 uterque
1319 1911 1467 1954 gradum.

637 1963 689 1994 En
712 1963 943 2006 Beringarius,
966 1963 1168 1996 Liuthardus
1191 1965 1320 1996 nomine
1343 1964 1435 2004 dicti,

685 2014 766 2052 Quis
789 2015 897 2047 fuerat
921 2015 1020 2047 sudor
1043 2015 1252 2058 difficiiisque
1275 2016 1384 2048 nimis.

637 2067 700 2098 Hic
723 2067 867 2107 tibimet,
890 2067 1010 2108 lector,
1035 2067 1212 2100 succedant
1235 2068 1337 2100 verba
1358 2068 1537 2111 precantis,

685 2118 732 2150 Ut
755 2118 859 2151 dicas:
887 2119 1020 2162 capiant
1041 2130 1144 2162 regna
1167 2119 1266 2152 beata
1288 2119 1353 2153 dei.

271 2345 409 2370 simulacro
533 2343 589 2378 [x1.]
608 2345 635 2370 in
656 2345 744 2370 ultimo
756 2345 827 2378 folio
845 2343 896 2370 126

375 2429 448 2464 [vnn]
468 2437 501 2456 ea:
512 2429 631 2456 Alcuino
648 2430 665 2457 l.
677 2438 698 2457 c.
711 2438 741 2464 p.
754 2430 806 2457 293
817 2431 849 2456 11
861 2438 908 2464 sq„
927 2429 971 2456 sed
993 2438 1015 2456 v.
1035 2430 1048 2456 1
1068 2430 1223 2457 monstravi
1240 2430 1258 2457 2
1282 2431 1406 2465 perferri.

270 2481 385 2508 dextera
403 2481 506 2508 Christi
525 2483 568 2508 est
586 2482 670 2516 picta.
707 2482 836 2514 Dextera,
854 2490 927 2516 quae
946 2482 1035 2516 patris
1054 2482 1189 2509 mundum
1207 2470 1316 2510 ditione
1334 2483 1474 2518 gubernat
1489 2485 1494 2516 Ι
1510 2485 1539 2510 et
1555 2485 1654 2510 natum
1673 2484 1764 2511 caelos
1783 2483 1927 2519 proprium

695 2534 754 2569 [xa]
774 2534 791 2561 3
808 2542 843 2568 sq.
863 2534 913 2561 Ex
930 2535 1047 2562 Alcuimo
1064 2536 1081 2563 l.
1094 2544 1115 2563 e.
1135 2537 1168 2564 15
1185 2544 1222 2570 sq.
1246 2537 1278 2563 In
1301 2537 1384 2564 finem
1403 2537 1536 2564 Iohannis
1555 2537 1755 2573 euangelistae.
1790 2537 1841 2564 Est
1859 2538 1927 2572 (090,-

271 2587 300 2612 et
324 2585 392 2620 cod.)
414 2586 543 2620 princeps
566 2586 697 2619 Karolus,
724 2588 822 2614 sancto
845 2587 894 2621 qui
920 2596 996 2614 more
1019 2587 1172 2622 benignus:
1188 2589 1193 2623 Ι
1208 2588 1284 2615 illius
1307 2588 1353 2615 hic
1376 2589 1462 2616 codex
1486 2589 1576 2616 enitet
1593 2590 1673 2616 actus
1691 2598 1752 2624 ope.
1790 2588 1847 2622 Gfr.
1863 2597 1884 2616 e.
1898 2597 1926 2623 9⁴

271 2533 427 2559 transvexit
444 2533 474 2559 in
493 2533 574 2561 altos.

271 2637 382 2663 Aleum.
397 2646 425 2671 p.
438 2638 489 2664 284
508 2637 560 2665 JV.

1334 2259 1408 2294 [vnn]
1422 2261 1448 2294 f.
1467 2260 1509 2286 65¹
1527 2261 1659 2294 inscriptio
1677 2261 1797 2294 imaqt'nis
1816 2261 1928 2294 aquinae

1267 2301 1314 2336 [x.]
1327 2304 1354 2336 f.
1372 2302 1415 2328 97¹
1434 2304 1649 2330 circumscribitur
1666 2313 1760 2330 manua
1785 2304 1928 2330 deauratae

1500 2432 1546 2467 [x.]
1569 2440 1601 2459 ex
1623 2432 1741 2459 Alcm'no
1765 2432 1798 2459 13
1815 2440 1852 2466 aq.
1871 2431 1927 2459 Ubi
