2060 3074
745 123 790 150 DE
809 123 1037 151 SOBRIETATE
1055 124 1164 151 LIBER
1177 124 1212 151 11.
1741 128 1801 158 661

560 208 650 240 XIV.
674 208 800 241 Muniat
824 220 902 252 ergo
926 210 1028 253 pedes
1051 214 1179 254 patrum
1203 211 1349 243 doctrina
1371 211 1522 254 priorum,

518 259 674 294 Conterat
695 261 782 293 unde
807 265 904 304 caput
928 263 1052 294 colubri
1074 266 1131 294 tua
1153 264 1265 306 planta
1286 263 1420 305 maligni

517 312 706 355 Allidatque
729 317 843 355 petrae
865 313 1066 357 Babylonica
1089 315 1235 357 germina
1259 314 1396 346 Christo.

517 364 612 405 Nam,
637 375 720 407 quae
744 365 846 408 prima
869 366 928 397 tibi
950 367 1163 409 temptamina
1185 367 1331 409 suggerit
1353 366 1464 406 hostis,

434 428 472 448 5⁵5
517 416 552 448 Si
574 426 713 457 reseces,
737 418 841 449 minor
862 417 936 449 hinc
959 418 1068 450 veniet
1092 418 1217 450 iactura
1239 421 1440 461 sequentum.

518 468 640 505 Quodsi
663 468 746 500 forte
770 469 912 511 aliquem
935 470 1040 501 furiali
1064 469 1161 502 dente
1184 470 1357 502 momordit

517 521 702 563 Inflixitque
725 531 781 552 reo
804 522 933 553 mortali
956 522 1087 554 crimine
1110 522 1234 562 vulnus,

516 572 602 605 Huic
629 583 720 616 opus,
743 576 780 604 ut
802 573 903 605 multo
928 577 1019 605 curet
1041 573 1255 606 medicamine
1280 575 1411 617 plagam

517 623 780 667 Gompensetque
802 625 857 667 pio
881 624 1036 656 damnosa
1058 625 1202 668 pericula
1224 626 1322 658 lucro.

435 689 474 708 ιω
516 676 612 709 Felix
635 677 689 708 ille
714 676 855 719 quidem,
881 678 935 719 qui
957 680 1083 709 vastum
1106 678 1239 720 navigat
1262 688 1385 720 aequor

515 728 659 771 Fertque
681 728 901 761 redundantes
924 729 1086 761 cumulato
1110 729 1222 761 fenore
1245 740 1342 771 gazas

515 780 653 813 Illaesus
675 781 808 812 veniens
832 784 964 824 optatae
988 781 1031 813 ad
1052 781 1146 813 litora
1169 784 1293 818 terrae;

515 833 806 875 Fluctivagumque
830 833 912 865 alius
934 833 1071 876 pelagus
1095 833 1171 865 dum
1194 834 1288 866 lintre
1313 834 1462 874 resulcat,

515 884 592 917 Heu
614 885 863 920 miserincurrit
887 885 1018 917 Scillam
1040 885 1254 928 rabidamque
1279 885 1444 918 Caribdim

434 950 472 970 m
517 937 763 980 Confi-ingitque
786 940 901 977 ratem,
924 947 1048 969 merces
1072 948 1199 980 quoque
1223 937 1332 980 perdit
1355 938 1478 980 opimas

515 989 560 1021 Et
581 989 712 1022 tabulae
735 989 855 1021 innisus
878 992 1024 1032 portatur
1047 989 1088 1021 ab
1112 999 1254 1031 aequore
1277 988 1380 1021 nudus

515 1041 755 1084 Expoliumque
779 1042 906 1074 animae
929 1045 1022 1084 grata
1044 1041 1196 1074 mercede
1219 1046 1372 1074 reservat.

515 1093 590 1126 Non
613 1104 705 1126 secus
727 1093 792 1134 ille,
816 1094 864 1126 sui
888 1094 941 1137 qui
964 1094 1090 1137 plangit
1113 1093 1231 1126 damna
1254 1097 1378 1126 reatus:

516 1146 712 1178 Praeveniat
734 1146 873 1178 lacrimis
895 1146 1022 1178 venturi
1044 1146 1158 1178 iudicis
1181 1147 1271 1186 iram,

434 1211 472 1230 svo
517 1198 643 1231 Sentiat
665 1198 817 1230 amissam
841 1197 967 1230 Christo
990 1202 1027 1229 ut
1048 1198 1222 1230 miserante
1245 1197 1418 1238 medelam,

512 1250 672 1282 Lamento
696 1253 730 1282 et
751 1250 891 1282 lacrimis
915 1250 968 1293 qui
990 1250 1059 1282 vult
1082 1250 1254 1282 commissa
1276 1250 1367 1293 piari.

512 1302 588 1334 Istis
610 1301 748 1334 addatur
770 1302 930 1334 confessio
953 1312 1035 1345 pura
1057 1305 1177 1342 reatus,

514 1353 559 1386 Ut
582 1357 671 1386 tanto
694 1353 821 1387 medico
844 1357 980 1397 peccata
1003 1354 1130 1386 occulta
1151 1354 1290 1386 reveles.

512 1406 552 1438 In
574 1416 668 1438 cruce
691 1405 889 1449 pendentem
913 1417 985 1438 cum
1009 1405 1135 1438 Christo
1159 1417 1255 1438 cerne
1279 1407 1449 1447 latronem,

431 1471 470 1490 πο
513 1458 667 1501 Percepit
690 1459 832 1491 celerem
855 1459 910 1501 qui
932 1469 996 1490 uno
1020 1468 1169 1490 sermone
1193 1459 1331 1491 salutem

512 1509 556 1542 Et
577 1509 778 1554 paradisiaco
802 1510 861 1542 sub
884 1510 965 1542 hora
988 1513 1038 1542 est
1059 1509 1203 1542 redditus
1226 1510 1335 1545 hortm

513 1562 666 1606 Perspice
688 1562 871 1605 perfossum
895 1562 1061 1604 geminato
1083 1562 1216 1595 vulnere
1240 1562 1346 1594 David

512 1613 738 1657 Lamentoque
761 1614 853 1646 brevi
876 1614 1005 1646 veniam
1028 1614 1184 1646 meruisse
1208 1614 1320 1657 piacli;

513 1666 642 1709 Inspice
665 1666 844 1709 apostolico
867 1666 1049 1709 lapsantem
1072 1666 1211 1698 culmine
1235 1666 1367 1698 Petrum

430 1730 470 1750 uo
512 1717 567 1750 Ad
588 1718 668 1761 galli
690 1721 820 1750 cantum
843 1718 968 1750 tristem
991 1719 1166 1761 sumpsisse
1190 1718 1336 1750 dolorem

511 1769 742 1813 Respectuque
765 1769 902 1812 gradum
925 1769 1044 1802 Christi
1067 1780 1236 1813 reparasse
1259 1771 1410 1812 priorem.

513 1822 626 1855 Gallus
648 1826 824 1855 nocturnae
848 1826 955 1854 custos
979 1826 1012 1854 et
1034 1822 1163 1854 nuntius
1186 1822 1298 1863 horae,

513 1874 641 1907 Gnarus
664 1873 778 1906 doctor
800 1874 861 1906 erit
883 1874 1067 1906 discernere
1091 1884 1172 1906 voce
1195 1876 1315 1914 suetus,

513 1925 606 1964 Quae
628 1929 790 1959 tormenta
813 1927 860 1958 rei
882 1926 1034 1967 referant,
1059 1936 1142 1968 quae
1164 1927 1310 1969 praemia
1332 1927 1416 1958 iusti.

431 1991 469 2011 ser
513 1978 690 2011 Succinctis
712 1978 830 2010 lumbis
853 1978 928 2010 dum
952 1981 1070 2010 tractat
1091 1978 1216 2020 pulpito
1239 1978 1272 2010 in
1295 1978 1372 2018 alto,

512 2030 655 2063 Auribus
677 2030 858 2071 intendens,
881 2030 993 2062 humili
1017 2039 1144 2072 quoque
1169 2029 1265 2062 corde
1289 2033 1470 2073 receptans,

513 2081 600 2120 Quid
621 2082 742 2115 referat
765 2082 882 2114 doceat
904 2082 1025 2122 iubeat,
1049 2081 1126 2124 quid
1151 2081 1286 2121 nuntiet,
1309 2081 1398 2113 audi:

514 2134 549 2166 si
571 2135 714 2166 lamenta
737 2134 831 2174 canit,
856 2133 961 2176 dignis
984 2137 1019 2165 tu
1044 2133 1226 2176 planctibus
1250 2133 1342 2173 insta,

513 2185 641 2218 Gaudia
663 2186 690 2217 si
713 2185 847 2228 profert,
870 2185 958 2217 laeta
979 2185 1061 2216 haec
1084 2187 1119 2216 tu
1142 2187 1250 2216 mente
1274 2187 1424 2216 retracta.

431 2251 470 2271 m
514 2237 574 2270 Ille
598 2247 702 2280 sagax
716 2238 750 2269 si
775 2236 888 2269 doctor
911 2237 981 2276 erit,
1005 2236 1155 2278 miscebit
1177 2239 1359 2278 utrumque,

251 2385 304 2413 556
321 2387 416 2413 fluia-le
427 2386 452 2412 A
538 2386 588 2412 561
608 2387 778 2413 redondantes
792 2385 815 2410 A
903 2384 955 2411 564
973 2385 1082 2418 scyllam
1096 2384 1118 2409 L
1170 2384 1294 2417 caripdir‘n
1308 2384 1333 2408 A
1420 2382 1472 2410 576
1491 2387 1547 2410 orto
1560 2384 1584 2409 L

253 2463 305 2490 552
326 2462 393 2490 Gen.
412 2463 437 2495 3,
451 2463 484 2491 15
502 2463 564 2498 ipsa
582 2463 708 2490 conteret
726 2463 812 2497 caput
830 2463 918 2488 tuum.
993 2461 1045 2488 553
1062 2461 1108 2487 Ps.
1129 2461 1186 2491 136,
1200 2461 1217 2487 8
1236 2459 1294 2486 filia
1312 2460 1465 2494 Babylonis
1484 2459 1584 2487 misera
1604 2481 1610 2487 .
1621 2481 1627 2488 .
1639 2481 1645 2492 ‚
1664 2461 1681 2487 9
1699 2460 1798 2487 beatus

151 2513 200 2548 qni
219 2514 328 2542 tenebit
346 2516 376 2542 et
393 2514 493 2542 allidet
511 2514 642 2550 parvulos
661 2516 724 2541 tuos
742 2514 778 2540 ad
797 2515 919 2548 petram;
945 2511 1162 2540 stando-Melite
1181 2511 1300 2545 Spici'ley.
1319 2511 1424 2539 Solam.
1444 2511 1482 2538 II
1489 2512 1541 2539 326
1563 2513 1645 2546 petra
1663 2511 1798 2539 Christus.

149 2564 289 2592 seo—564
309 2565 365 2599 Otr.
385 2566 541 2601 Hieronym-
562 2566 624 2600 Bpl.
639 2566 671 2593 14
687 2565 795 2599 (Mifflte
812 2565 855 2597 22,
867 2565 938 2598 350).
1009 2565 1059 2590 566
1079 2563 1123 2590 Id.
1143 2563 1206 2597 Epl.
1222 2563 1272 2590 130
1289 2563 1344 2596 (M.
1359 2571 1422 2597 pay.
1438 2563 1516 2597 1115)
1536 2571 1631 2590 verum
1649 2572 1700 2591 nos
1718 2563 1798 2599 igno-

149 2624 241 2644 remus
259 2617 475 2652 poenitentiam.
494 2627 529 2646 ne
546 2618 628 2646 facile
647 2626 800 2652 peccemus.
836 2617 887 2643 illa
910 2616 990 2650 quasi
1010 2615 1131 2642 secunda
1149 2617 1213 2649 post
1235 2614 1415 2650 naufragium
1439 2615 1547 2642 miseris
1573 2615 1671 2642 tabula
1693 2615 1743 2642 sit:
1768 2615 1798 2642 in

149 2667 260 2703 virgine
282 2668 394 2704 integra
415 2671 540 2696 servetur
565 2669 652 2696 navis.
741 2668 880 2695 574—576
902 2667 970 2694 Luc.
993 2667 1160 2700 23‚42—43.
1253 2666 1392 2694 577-578
1415 2667 1432 2693 2
1445 2666 1510 2700 Rea
1531 2667 1573 2694 12.
1660 2667 1799 2694 580—590

151 2718 260 2754 Gom.
284 2720 384 2748 Moral.
405 2720 528 2749 XXX3
549 2721 603 2755 (M.
627 2721 668 2752 76,
681 2721 744 2754 528)
767 2719 859 2754 gallus
883 2718 1040 2746 succinctus
1064 2717 1172 2744 lumbos
1195 2717 1289 2751 (Prov.
1312 2718 1354 2750 30,
1368 2707 1423 2751 31)
1438 2717 1456 2744 i.
1478 2717 1686 2752 praedicatores
1707 2717 1797 2745 sancti

150 2770 225 2798 inter
242 2771 325 2799 huius
342 2772 434 2799 noctis
451 2772 580 2799 tenebras
599 2780 695 2799 verum
714 2780 796 2798 mane
814 2771 977 2798 nuntiantes
995 2773 1040 2797 cet.

254 2822 358 2850 Porus
375 2831 459 2850 ιΑτιιιι
477 2832 536 2851 uvi
554 2823 680 2851 Cinnano
699 2823 782 2856 111.2.
1556 2821 1591 2848 84
