2060 3074
303 122 364 152 750

300 218 374 247 paq.

296 607 373 637 Ραθ-

297 1265 373 1295 pay·

1004 120 1250 148 PRAETERITA.

393 209 454 238 144
522 207 545 238 I
564 207 583 238 5
607 207 725 247 eorriyo
754 207 865 238 inianti
896 207 938 238 ad
967 207 1102 239 aethera
1130 208 1248 239 vietum
1278 218 1416 250 porgere
1444 212 1597 251 (pergere
1626 209 1735 247 codex)
1766 220 1950 242 mansurum

604 262 697 301 parat
721 262 754 290 et
778 259 892 291 tollere
916 259 1044 291 clamat.

390 311 451 342 145
485 311 542 343 IV
602 310 645 352 ef.
668 311 813 351 acmiqma
843 311 880 342 de
906 310 1027 350 flabello
1055 322 1070 342 e
1094 304 1197 343 0032·oe
1219 311 1370 343 Leidensi
1399 312 1519 344 editum
1540 323 1562 344 a
1583 313 1729 345 Luciam
1751 313 1888 346 Mueller
1914 314 1951 346 in

603 362 817 394 Fleckeisenii
839 362 1012 394 annalibus
1034 373 1064 394 a.
1082 364 1167 401 1866
1182 374 1258 404 pay.
1274 365 1347 395 270.

806 508 1049 548 APPENDIX
1076 512 1141 548 AD
1170 511 1400 550 CIPRIANU
1401 513 1448 550 M.

392 597 455 627 147
513 606 539 627 v.
564 597 583 626 1
606 595 667 636 leye
698 595 777 627 deus
804 595 957 627 miserere
989 596 1063 627 mei.
1088 615 1129 619 —-
1152 606 1179 627 v.
1202 597 1223 627 4
1250 597 1458 638 interpunyas
1487 598 1542 640 qui
1564 598 1679 630 venisti
1708 597 1847 630 liberare
1877 609 1950 630 sau-

604 648 752 689 ciumque
776 648 849 679 telis
872 657 1005 689 gravem
1029 647 1067 688 (i.
1091 647 1161 679 telis
1182 648 1328 680 saucium
1350 651 1380 680 et
1399 650 1552 689 9ravem):
1577 652 1612 681 tu
1634 659 1686 681 me
1712 650 1824 682 libera.

392 701 455 730 148
500 699 546 731 II
562 701 582 730 4
601 698 742 741 fortasse
763 709 871 731 mores
893 699 977 731 illius
1000 699 1145 731 clanculo
1169 699 1373 743 deseerpere.

443 756 445 758 ’
474 751 539 783 ΙΙΙ
555 752 586 790 2,
600 753 619 782 1
642 750 703 791 leye
725 750 901 783 abiudioor.
925 769 966 775 —
991 753 1053 790 6,3
1074 751 1194 792 cor-rigo
1217 752 1328 784 votiba
1354 751 1441 795 [que]
1467 753 1598 795 exigite.

390 804 452 835 149
487 803 544 835 IV
559 805 582 835 2
599 802 677 845 fort.
700 803 774 835 huic
796 803 925 835 nomine
949 806 1004 835 tuo
1028 803 1141 835 mistus
1164 803 1338 836 dinosceris
1362 814 1443 836 esse.
1468 823 1509 828 —
1531 807 1553 836 3
1570 804 1649 846 fort.
1673 804 1852 836 amabatur.

559 857 579 886 4
597 855 676 897 fort.
701 866 831 898 semper
854 856 969 887 alueris
992 855 1054 896 (vel
1076 855 1167 888 dives
1191 856 1278 895 eris),
1302 857 1330 888 si
1352 867 1484 900 semper
1506 867 1525 888 a
1547 856 1675 889 Christo
1699 856 1849 899 quereris.

561 909 580 938 6
598 907 677 949 fort.
702 918 721 939 a
743 908 847 950 nugis,
872 918 945 950 que,
968 908 1116 951 propriis,
1141 908 1204 950 egi.

515 960 544 991 V
562 963 592 998 3,
606 962 702 991 1—-3
723 970 784 1000 quo
807 960 896 992 modo
918 960 1108 992 restituendi
1130 960 1204 999 siut,
1226 971 1291 992 nou
1312 960 1408 993 video.

560 1012 588 1050 5,
603 1014 622 1043 1
645 1012 764 1052 corriqo
785 1012 904 1044 inclito.

807 1170 994 1207 SEDULII
1022 1169 1195 1206 SCOTTI
1222 1169 1453 1206 CARMINA.

391 1254 453 1285 151
605 1254 766 1294 disputavi
794 1254 831 1285 de
861 1253 985 1286 Sedulii
1013 1253 1094 1292 vita,
1123 1254 1281 1293 operibus,
1309 1253 1483 1292 codicibus,
1513 1254 1766 1295 Abhandlunyen
1787 1254 1807 1286 l.
1830 1265 1856 1286 c.
1877 1265 1954 1295 paq.

602 1307 800 1344 338-—373;
821 1305 859 1337 de
879 1305 985 1337 titulis
1006 1305 1046 1337 ab
1063 1316 1096 1337 eo
1110 1306 1207 1346 factis
1229 1306 1269 1345 ef.
1286 1305 1395 1337 Iulius
1410 1306 1447 1337 de
1463 1305 1632 1344 Schlosser,
1654 1306 1806 1348 Beitrc'iqe
1819 1317 1882 1338 aus
1895 1307 1956 1339 den

604 1357 847 1398 Schriftquellen
859 1357 888 1389 d.
901 1357 1017 1397 frithen
1032 1357 1237 1389 Mittelalters
1252 1357 1451 1389 Vindobonae
1466 1358 1550 1388 1891
1561 1358 1619 1399 (z
1631 1357 1911 1399 Sitzunqsberichte
1923 1358 1954 1390 d.

604 1410 778 1442 Alcademie
786 1409 1038 1450 philos-histor.
1059 1409 1103 1442 Ol.
1116 1409 1217 1441 Band
1234 1409 1399 1451 CXXIII)
1408 1420 1484 1450 pay.
1501 1411 1573 1448 101,
1588 1412 1618 1441 et
1632 1410 1690 1442 Fr.
1703 1410 1761 1442 Fr.
1774 1410 1955 1449 Leitschuh,

608 1462 790 1494 Geschiohte
821 1462 851 1494 ct.
875 1461 1141 1502 Karolinyisehen
1172 1461 1309 1494 Malerei
1330 1461 1478 1494 Berolini
1501 1462 1585 1493 1894
1614 1472 1688 1503 pay.
1713 1464 1792 1501 144,·
1824 1462 1862 1495 de
1887 1462 1956 1494 eius

606 1514 734 1546 lectione
756 1514 942 1546 Horatiana
964 1514 1138 1552 Manitius,
1161 1513 1339 1546 Analekten
1360 1524 1386 1546 z.
1405 1513 1588 1546 Gesehiehte
1609 1514 1641 1545 d.
1658 1514 1768 1546 Horae
1789 1513 1956 1556 Gottinyae

607 1567 691 1597 1893
716 1576 792 1608 paq.
814 1568 875 1604 33‚·
905 1566 943 1598 de
973 1566 1076 1598 codice
1103 1565 1256 1598 Palatino
1278 1566 1341 1597 591
1357 1566 1426 1598 Ioh.
1443 1565 1486 1598 B.
1503 1566 1541 1598 de
1563 1566 1673 1604 Rossi,
1706 1567 1957 1607 Inscriptiouum

609 1618 871 1650 Christianarum
891 1619 937 1650 II
947 1618 997 1650 50.
1820 1611 1826 1617 ’

392 1671 455 1702 152
606 1670 725 1702 codices
747 1669 818 1702 illos
844 1669 1001 1709 Gusanos,
1028 1680 1163 1710 quorum
1191 1680 1230 1701 ecc
1249 1680 1359 1710 yenere
1381 1680 1467 1702 nunc
1489 1670 1586 1702 etiam
1605 1669 1715 1710 plures
1735 1670 1821 1709 novi,
1844 1670 1957 1702 Leodii

605 1722 740 1762 scriptos
761 1722 863 1762 fuisse
885 1722 970 1754 alias
992 1722 1218 1754 demonstrabo.

391 1776 453 1806 153
605 1773 761 1806 Ludovici
782 1774 887 1806 Havet
908 1774 1066 1806 iudicium
1087 1774 1125 1806 de
1147 1773 1297 1806 Pirermii
1324 1774 1460 1806 editione
1490 1774 1611 1814 (Revue
1639 1774 1774 1814 critique
1797 1774 1855 1806 XI
1860 1773 1891 1805 V
1899 1774 1957 1815 86)

606 1836 671 1858 non
691 1836 848 1865 noveram,
871 1827 926 1858 sed
948 1829 1054 1858 tamen
1075 1827 1143 1858 viro
1166 1826 1250 1858 inter
1265 1836 1390 1866 paucos
1411 1826 1527 1858 harum
1549 1837 1657 1858 rerum
1672 1826 1778 1866 perito
1800 1837 1847 1858 me
1861 1826 1956 1858 satis-

603 1879 714 1919 fecisse
729 1881 821 1918 puto.

391 1931 453 1962 154
530 1931 555 1962 I
573 1943 586 1962 1
606 1930 688 1962 artis
710 1930 887 1962 amatoriae
902 1929 1102 1969 principium
1124 1930 1281 1962 imitatur.

392 1983 455 2014 157
491 1994 517 2014 v.
564 1985 582 2014 1
606 1984 661 2015 Ps.
685 1985 757 2022 127,
774 1986 795 2015 3
816 1994 900 2015 uxor
927 1986 983 2014 tua
1010 1983 1091 2015 sieut
1113 1983 1187 2015 vitis
1213 1983 1382 2016 abundans
1409 1984 1520 2024 (vinea
1540 1983 1654 2015 fertilis
1676 1983 1895 2024 Auyustinus)
1924 1983 1958 2014 in

606 2036 762 2068 lateribus
785 2036 899 2069 domus
926 2038 1016 2071 tuae3
1047 2034 1132 2067 locus
1154 2035 1234 2067 mihi
1255 2046 1277 2066 a
1299 2035 1404 2067 Paulo
1427 2035 1465 2067 de
1486 2035 1677 2076 Wuterfeld
1697 2035 1959 2068 subministratus

606 2088 820 2120 coniecturam
842 2098 943 2119 meam
965 2088 1141 2127 confirmat.

392 2141 454 2170 160
490 2139 589 2171 XIII
605 2140 752 2180 strophas
777 2142 815 2171 ut
841 2140 876 2171 in
899 2139 1025 2172 Sedula·
1052 2141 1081 2171 et
1106 2138 1290 2171 Godescalci
1316 2139 1511 2171 carminibus
1538 2139 1677 2171 metricis
1703 2142 1814 2172 eontra
1840 2139 1959 2171 codices

606 2191 815 2229 restituerem,
847 2191 999 2222 disertum
1022 2190 1241 2223 Wandalberti
1263 2191 1477 2222 testimouium
1500 2190 1536 2222 in
1565 2190 1702 2231 epistula
1730 2190 1775 2222 ad
1798 2189 1959 2227 Oaetrieum

607 2243 710 2284 (Poet.
726 2242 769 2275 ΙΙ
781 2243 976 2284 570-571)
998 2253 1046 2274 me
1068 2243 1245 2281 oommovit;
1267 2243 1303 2275 iu
1324 2243 1512 2284 rhythmicis
1532 2253 1654 2283 quoque
1674 2245 1756 2275 reete
1771 2242 1960 2275 ordinandis

608 2298 637 2327 et
659 2295 773 2327 horum
795 2298 823 2327 et
845 2295 984 2327 aliorum
999 2297 1169 2335 poetarum
1196 2295 1337 2327 versibus
1365 2305 1423 2327 uos
1450 2295 1593 2327 codicum
1620 2294 1810 2327 auctoritate
1830 2294 1960 2336 saepius

604 2347 705 2387 fuisse
738 2347 902 2379 destitutos
938 2357 1035 2387 quam
1067 2346 1195 2378 adiutos
1214 2347 1284 2383 ‚vix
1324 2349 1370 2379 est
1403 2346 1488 2387 quod
1521 2356 1671 2379 moneam.
1703 2365 1745 2370 —
1773 2357 1801 2378 v.
1825 2347 1867 2378 10
1897 2345 1960 2387 leye

605 2399 647 2430 ob
684 2399 746 2431 hoc
782 2398 953 2441 provideat
988 2401 1095 2431 rector
1131 2398 1307 2431 honoribus
1345 2399 1524 2440 excellens,
1568 2409 1720 2442 superum
1760 2409 1841 2441 quos
1879 2397 1959 2430 deus

606 2453 724 2485 attulit.

394 2507 455 2536 161
492 2516 520 2537 v.
546 2506 586 2536 10
609 2505 728 2545 eorriqo
751 2505 878 2536 animae
901 2505 937 2536 fit
959 2515 1034 2537 cara
1055 2504 1194 2537 medela.
1240 2504 1361 2536 morbis
1384 2503 1586 2536 medicantur
1608 2503 1732 2535 anhelis
1753 2503 1817 2535 iam
1841 2503 1959 2546 quique

608 2557 791 2588 salubribus
812 2556 933 2597 herbis,
957 2557 1089 2588 tulerint
1111 2558 1147 2597 (a
1163 2556 1310 2598 tollendo)
1334 2567 1397 2599 quo
1421 2557 1564 2599 corporis
1587 2566 1687 2598 aegra.
1709 2567 1785 2588 eura
1805 2555 1959 2598 vigilante
2008 2551 2014 2586 J

609 2609 732 2650 sagaci:
757 2609 898 2641 famulae
922 2609 949 2640 si
970 2611 1062 2640 tanta
1083 2611 1138 2641 cet.
1163 2627 1202 2632 —
1227 2619 1254 2640 v.
1273 2609 1314 2639 19
1337 2609 1500 2640 simulanti
1521 2609 1591 2640 iura
1612 2608 1810 2640 retinendum
1833 2609 1910 2639 erat.

393 2661 456 2691 162
504 2660 524 2692 Z.
569 2662 589 2691 4
612 2661 651 2692 ab
673 2661 735 2692 imo
758 2659 820 2700 leqe
842 2662 880 2692 21
899 2670 962 2700 pro
979 2662 1031 2693 24.

396 2713 459 2742 163
495 2722 522 2744 v.
545 2713 589 2743 22
612 2712 731 2752 corriyo
753 2712 921 2754 hilarique,
946 2712 986 2752 cf.
1009 2712 1054 2744 ad
1071 2722 1146 2753 paq.
1163 2713 1227 2744 188
1249 2722 1274 2744 e.
1293 2711 1409 2744 XXII.

396 2763 458 2794 165
499 2774 525 2794 v.
552 2764 593 2793 10
615 2764 735 2804 eorriyo
758 2764 969 2806 insequendo.
993 2783 1034 2787 —
1051 2775 1126 2805 pay.
1144 2766 1207 2795 166
1229 2774 1257 2796 v.
1274 2764 1295 2794 9
1316 2763 1382 2796 dele
1403 2774 1523 2796 comma
1538 2765 1613 2804 post
1635 2762 1822 2806 condignus.
