2060 3074
232 170 293 199 482

520 318 558 336 *⁷:60

521 577 559 595 265

523 836 562 856 ‘270

525 1097 563 1116 2¹15

526 1357 564 1376 280

527 1620 565 1639 285

528 1880 568 1899 ‘2⁰0

531 2142 569 2161 205

535 2401 573 2419 300

347 2588 453 2613 Scholia
472 2603 503 2606 ——
522 2589 573 2614 259
586 2589 682 2623 fatalis]
697 2591 772 2615 noxia
845 2590 897 2615 260
911 2591 1050 2615 abnuerem
1064 2589 1188 2615 Boechiue
1259 2588 1310 2615 265
1324 2590 1410 2615 Poene
1421 2588 1489 2621 tulit]
1509 2589 1618 2622 perdidit

891 169 1028 195 HEIRICI
1048 169 1224 195 CARMINA.

639 254 686 286 Te
711 265 850 296 quoquc,
876 255 1049 286 Caesareis
1074 256 1182 287 fatalis
1206 255 1320 287 Alesia
1344 257 1471 295 castris,

574 306 693 337 ,Haud
718 307 787 338 iure
811 306 978 338 abnuerim
1004 307 1139 338 calamis
1165 307 1368 339 committere
1393 309 1523 344 nostris,

597 357 698 396 Quae,
723 358 809 399 quod
833 358 903 389 alas
928 358 1076 400 proprios
1101 359 1292 401 praepingui
1317 370 1401 402 pane
1425 360 1567 392 colonos.

596 409 743 440 Nominis
768 409 896 441 adiectu
920 410 1083 452 quondam
1109 411 1239 452 signata
1261 412 1395 454 putaris,

597 460 644 492 Te
668 461 750 492 fines
774 461 911 493 Heduos
936 465 970 493 et
992 462 1104 493 limina
1126 473 1252 493 summa
1275 466 1422 495 tuentem

597 512 784 554 Adgressus
809 514 972 555 quondam
997 524 1096 546 saevo
1122 515 1300 547 certamine
1327 514 1451 548 Caesar

596 564 708 596 Poene
732 565 807 596 tulit
829 566 941 597 Latias
965 576 1027 597 non
1052 576 1158 608 aequo
1183 566 1287 598 Marte
1311 567 1492 609 phalangas

597 616 774 658 Expertus,
802 618 915 659 patriis
940 617 1017 659 quid
1041 617 1150 649 Gallia
1173 622 1286 660 posset
1309 619 1341 650 in
1368 620 1476 651 armis.

597 668 693 699 Nunc
716 672 842 700 restant
866 669 986 701 veteris
1011 672 1137 701 tantum
1160 670 1300 712 vestigia
1324 671 1433 703 castri.

598 720 776 762 Presbyter
799 721 956 752 extiterat
979 721 1075 753 claris
1099 722 1265 753 natalibus
1289 722 1365 761 illic,

600 771 728 803 Clarior
751 772 892 814 ingenio,
921 773 974 804 cui
997 776 1066 804 tum
1090 774 1214 815 gentile
1240 773 1380 806 Senator

597 824 727 856 Nomen
751 827 836 862 erat;
860 825 927 856 vita
950 825 1134 868 meritoque
1158 826 1322 857 simillima
1345 826 1487 858 coniunx

598 877 774 919 Aequabat
798 876 913 908 studiis
939 877 1021 908 casti
1045 877 1178 909 decreta
1200 877 1334 919 iugalis:

599 928 706 960 Ambo
730 929 885 971 provecti,
909 929 1007 960 macti
1032 929 1240 961 successibus
1264 929 1370 961 ambo.

600 980 663 1012 His
688 980 820 1023 praesul
845 981 959 1019 sancti,
984 981 1038 1023 qui
1064 980 1319 1021 commendatur,
1343 981 1462 1013 amoris

599 1032 746 1064 Foedere
770 1032 897 1064 iunctus
921 1036 1010 1069 erat;
1033 1033 1092 1064 hos
1117 1035 1185 1064 tum
1209 1043 1282 1064 cum
1306 1033 1389 1065 forte
1414 1033 1561 1075 petisset,

598 1084 785 1126 Excipiunt,
809 1087 931 1126 quanto
957 1085 1120 1116 consensit
1145 1085 1240 1127 copia
1263 1085 1361 1116 cultu.

601 1136 666 1168 Hic
690 1139 840 1168 matrona
862 1137 949 1179 piam
974 1137 1093 1168 struxit
1117 1137 1176 1168 sub
1201 1137 1353 1179 praesule
1378 1136 1525 1169 fraudem

602 1188 766 1220 Stramine
791 1189 950 1228 subiecto,
975 1199 1038 1231 quo
1062 1189 1192 1221 nescius
1216 1189 1412 1220 incubitavit

601 1241 742 1272 Telluris
766 1241 880 1272 solitus
905 1241 986 1273 alias
1011 1241 1201 1273 incumbere
1224 1244 1330 1283 tergo.

600 1293 734 1336 Impulit
758 1296 858 1335 utque
881 1304 965 1338 novo
987 1296 1091 1324 terras
1116 1293 1280 1325 afflamine
1303 1293 1411 1332 Titan,

602 1345 707 1386 Urget
728 1345 790 1376 iter
813 1345 1000 1387 gaudetque
1025 1345 1138 1376 domus
1161 1345 1371 1388 gaudentque
1395 1345 1533 1376 ministri

603 1397 684 1429 Sese
708 1398 886 1429 illustratos
911 1399 978 1429 noti
1003 1397 1160 1429 solamine
1185 1398 1296 1440 patris.

602 1450 784 1492 Relliquias
808 1453 958 1481 matrona
981 1453 1051 1481 toro
1075 1450 1209 1491 collegit
1233 1453 1266 1482 et
1289 1450 1376 1482 omni

604 1502 809 1544 Compositas
834 1501 943 1534 studio
967 1502 1072 1534 causis
1096 1502 1250 1534 vitalibus
1275 1502 1375 1534 abdit.

603 1555 684 1586 Post
708 1555 796 1587 soles
820 1555 944 1597 aliquot
967 1554 1068 1586 natali
1092 1554 1243 1596 lampade
1266 1554 1397 1596 quidam

605 1606 804 1649 Splendidus
829 1610 862 1638 et
885 1607 988 1638 multa
1011 1617 1118 1638 rerum
1143 1606 1271 1638 dicione
1296 1606 1455 1649 superbus

604 1659 774 1691 Daemone
799 1659 964 1701 perflatur.
1012 1658 1177 1690 Suberant
1201 1658 1357 1700 suffragia
1379 1659 1480 1698 nulla,

1624 263 1663 288 De
1670 262 1793 287 stramine
1799 262 1826 287 in
1833 271 1882 294 quo

1626 307 1646 331 A
1652 306 1728 331 lesiae
1738 305 1831 330 inscius
1838 313 1881 330 cu-

1705 348 1799 374 laetavit.

605 1711 765 1753 Quodque
791 1711 910 1743 absens
935 1710 1119 1742 Germanus
1147 1714 1226 1749 erat,
1253 1721 1328 1753 spes
1352 1714 1497 1743 cesserat
1519 1711 1632 1743 omnis.

605 1763 830 1805 Praesumpsit
853 1766 1002 1794 matrona
1025 1762 1121 1794 fidem
1145 1762 1343 1804 Christoque
1365 1765 1481 1794 vocato

606 1815 743 1847 Servato
767 1815 878 1847 miseri
903 1815 1083 1847 circumdat
1107 1815 1263 1846 stramine
1287 1825 1420 1857 corpus:

605 1867 764 1899 Absentis
788 1867 902 1898 merito
927 1867 1028 1899 cessit
1051 1877 1103 1899 res
1128 1866 1230 1898 ardua
1253 1869 1340 1899 voto.

605 1920 709 1951 Nocte
733 1920 832 1951 miser
855 1930 974 1962 magno
998 1923 1162 1961 tamquam
1187 1919 1328 1950 vallatus
1353 1919 1394 1950 ab
1417 1919 1486 1961 igni

606 1972 748 2004 Aestuat
772 1975 805 2004 et
829 1972 949 2014 replico
975 1971 1175 2004 Germanum
1199 1971 1330 2003 nomine
1354 1971 1507 2003 frendens

606 2024 776 2067 Abripitur
799 2025 889 2056 saevi
913 2024 1044 2056 tandem
1068 2023 1108 2055 de
1132 2024 1227 2055 fauce
1251 2023 1355 2055 leonis

606 2076 645 2107 In
668 2077 830 2118 reliquum
855 2086 970 2118 sospes
995 2076 1113 2107 collato
1137 2085 1272 2107 munere
1296 2078 1434 2117 tempus.

650 2128 688 2159 In
711 2127 951 2170 Lugdunenses
974 2127 1087 2170 aequis
1111 2127 1319 2169 processibus
1342 2137 1435 2159 arces

607 2180 709 2212 Voxit
733 2180 818 2212 Arar
839 2180 999 2212 Rhodano
1024 2191 1098 2212 sese
1122 2181 1182 2212 sub
1207 2181 1377 2212 moenibus
1402 2180 1538 2213 abdens.

606 2232 769 2275 Lugduno
794 2232 961 2264 celebrant
985 2232 1155 2264 Gallorum
1178 2233 1299 2265 famine
1323 2243 1442 2265 nomen

606 2284 796 2327 Impositum
822 2285 994 2326 quondam,
1018 2285 1103 2326 quod
1127 2285 1169 2316 sit
1192 2295 1284 2316 mons
1309 2284 1436 2316 lucidus
1460 2285 1557 2318 idem.

608 2336 794 2378 Exceptum
818 2335 933 2367 studiis
957 2336 1073 2378 plebes
1097 2337 1305 2378 amplectitur
1327 2337 1450 2378 aequis.

610 2388 713 2420 Aetas
738 2391 856 2420 cuncta
878 2389 952 2428 ruit,
977 2399 1076 2420 sexus
1101 2389 1261 2420 concurrit
1284 2391 1436 2430 uterque:

608 2440 758 2482 Tangere
782 2451 844 2472 nec
868 2443 1003 2479 tantum,
1027 2441 1117 2472 iuvat
1139 2441 1311 2483 aspexisse
1335 2440 1535 2482 frequenter.

608 2492 762 2524 Procedit
786 2493 911 2524 cunctis
935 2492 1124 2525 benedictio
1148 2493 1247 2535 plena
1270 2493 1400 2530 salutis;

244 2632 260 2655 i.
279 2640 299 2656 e.
319 2632 459 2657 medicinae
477 2633 536 2657 ‘not
554 2633 620 2658 mss)
640 2633 765 2659 Bosclziua
782 2638 807 2659 et
824 2631 1008 2666 I’eseeliaerus)

347 2708 399 2734 268
417 2711 562 2735 l'raesbiter
581 2710 606 2735 P

707 2710 758 2735 282
777 2714 801 2736 et
819 2709 955 2744 Boeohius]
975 2715 1004 2736 ut
1022 2711 1047 2736 P
1149 2709 1200 2736 296
1218 2710 1331 2735 rhodono
1350 2710 1375 2734 Ρ

1649 2135 1680 2160 Ut
1699 2135 1884 2167 Luffllunemee

1635 2178 1753 2204 doctrina
1771 2183 1794 2203 el
1814 2178 1893 2210 niquis

1677 2221 1851 2246 illustraverit.

1689 2587 1752 2622 (283
1765 2590 1895 2616 Vitalibus

347 2786 397 2811 259
407 2794 458 2818 sqq.
486 2787 542 2818 Cl'r.
563 2786 665 2813 Gaas-ar.
686 2787 749 2813 Bell.
770 2787 840 2813 Gall.
862 2787 922 2814 VII
931 2788 964 2815 68
973 2795 1040 2821 39114
1065 2786 1112 2813 sed
1128 2786 1256 2813 imertwm
1274 2789 1324 2820 est,
1349 2794 1415 2813 num
1435 2785 1559 2812 Caesaris
1577 2785 1674 2813 librum
1693 2787 1748 2821 ipse
1768 2787 1895 2814 Edi-icus

245 2836 396 2869 inspexerit.

1886 2878 1908 2906 ,ἢ
