2040 2996
252 96 310 125 166
806 91 949 118 SEDULII
968 90 1096 118 SCOTTI
1117 90 1285 118 CARMINA
1304 91 1338 117 II.

611 178 659 209 Ac
683 178 735 210 dei
759 179 845 210 colat
868 178 1033 209 ministros
1058 177 1231 209 sanctitate
1255 177 1407 219 fulgidos,

611 230 674 266 Qui
697 230 759 261 deo
783 230 913 272 placere
937 233 1056 260 norunt
1080 239 1135 260 ore
1159 229 1256 260 corde
1281 229 1436 261 moribus.

610 281 672 312 His
697 281 907 324 precantibus
931 281 1037 312 beatis
1062 291 1114 312 res
1139 280 1236 311 beata
1259 280 1401 322 publica,

529 341 554 358 2⁰
612 333 768 364 Omnibus
791 333 886 364 bonis
911 333 1079 364 habundat
1102 333 1184 364 sicut
1207 343 1286 364 arva
1309 333 1484 365 fructibus:

613 385 775 427 Principis
795 385 896 416 h'onos
922 385 1085 417 thronizat
1108 395 1146 416 ac
1170 385 1307 426 trophea
1329 385 1493 423 bueinant,

612 437 715 468 Laeta
737 447 802 479 pax
824 437 946 479 ubique
970 440 1086 478 regnat
1110 436 1191 468 dans
1217 437 1326 479 quiete
1350 437 1481 478 gaudia.

1050 671 1097 704 ΙΙ.

1067 743 1075 765 1

264 787 499 821 INCIPIUNT
527 787 709 834 VERSUS,
735 787 851 825 QUOS
879 786 1103 821 SEDULIUS
1129 786 1327 821 SOOTTUS
1352 788 1632 822 VENERABILI
1655 789 1887 823 PONTIFICI

791 841 1064 873 HARTGARIO
1089 841 1357 874 COMPOSUIT.

612 901 744 933 Florida
767 901 989 944 Thespiadum
1013 912 1104 933 soror
1128 913 1165 933 ac
1189 903 1389 945 praenobilis
1413 902 1517 945 Eglae

661 952 795 994 Cignea,
819 954 990 985 mellifluos
1013 964 1098 985 nunc
1122 964 1212 993 cane,
1237 965 1345 996 posco,
1370 958 1499 997 trop0s;

614 1004 774 1036 Obsecro:
810 1004 962 1046 Pegaseo
986 1005 1105 1036 flavum
1130 1009 1228 1048 caput
1252 1006 1339 1047 erige
1363 1006 1465 1046 fonte,

659 1055 796 1086 Femina
819 1055 1027 1097 doctiloquax
1051 1056 1305 1098 organicumque
1328 1057 1446 1091 decus;

616 1107 766 1148 Syrmate
789 1117 951 1149 purpureo
976 1107 1167 1149 glaucisque
1193 1111 1329 1139 venusta
1353 1108 1491 1150 capillis,

661 1158 782 1190 Oscula
806 1158 847 1189 da
869 1158 964 1190 labiis
988 1158 1122 1190 Sedulio
1147 1159 1270 1196 roseis3

613 1210 821 1252 Musigenum
845 1211 969 1253 plectro
994 1211 1200 1253 cytharizans
1225 1212 1328 1243 texito
1352 1222 1484 1243 carmen

660 1262 872 1293 Permuleens
895 1273 990 1294 aures
1015 1263 1134 1294 nobilis
1158 1263 1336 1305 Hartgarii.

613 1314 673 1344 Est
696 1314 769 1356 pius
792 1314 847 1346 ille
870 1314 963 1346 melis
988 1314 1179 1356 condignus,
1203 1315 1301 1347 laude
1325 1317 1463 1356 canoris,

532 1373 555 1390 10
661 1365 814 1408 Europae
839 1365 927 1397 sidus
950 1367 1168 1409 nobilitasque
1194 1370 1320 1410 potens.

614 1418 744 1449 Aureus
769 1422 819 1450 est
842 1429 963 1458 ramus,
986 1419 1106 1451 florens
1131 1419 1304 1451 virtutibus
1327 1421 1422 1452 almis

662 1470 887 1513 Egregiusque
910 1471 994 1502 nitet
1017 1471 1160 1503 moribus
1186 1475 1218 1503 et
1242 1473 1361 1514 specie.

615 1521 686 1558 Quo
710 1525 844 1564 pastore
867 1523 920 1565 pio
944 1515 1087 1555 laetatur'
1110 1524 1176 1555 fllia
1201 1523 1291 1565 Sion,

660 1573 821 1606 Exultant
843 1575 942 1607 variis
966 1575 1056 1607 dives
1081 1576 1240 1618 inopsque
1263 1577 1378 1608 modis.

534 1632 555 1651 ¹⁵
616 1625 783 1658 Oonstruit
806 1627 974 1659 excelsam
998 1628 1128 1659 sublimi
1150 1629 1272 1660 vertice
1296 1629 1410 1660 turrim

662 1678 818 1710 Centenis
842 1679 973 1720 cubitis,
997 1690 1060 1722 quo
1085 1691 1184 1722 super
1207 1684 1296 1712 astra
1319 1681 1416 1713 volet.

614 1729 957 1772 Ingreditur'scalam
981 1742 1064 1773 quae
1089 1732 1193 1774 surgit
1215 1733 1247 1763 in
1271 1733 1337 1764 alta
1360 1733 1519 1775 polorum,

663 1782 810 1814 Moribus
835 1786 868 1815 et
890 1784 1001 1815 verbis
1025 1784 1156 1815 instruit
1179 1784 1249 1826 ipse
1264 1789 1402 1826 greges.

616 1833 679 1869 Qui
703 1834 858 1875 pastorali
883 1833 1057 1876 disponens
1082 1835 1190 1866 omnia
1213 1846 1292 1866 cura

532 1894 556 1911 ²0
662 1885 814 1927 Eripiens
838 1896 939 1928 agnos
963 1890 1054 1918 arcet
1078 1889 1111 1918 et
1133 1887 1204 1929 ipse
1227 1887 1333 1930 lupos

614 1937 756 1968 Pectora
779 1938 831 1969 cui
855 1937 1004 1969 redolent
1027 1938 1181 1970 flaventia
1203 1942 1311 1970 musta
1333 1940 1467 1982 sophiae

661 1988 792 2031 Oreque
815 1989 999 2032 doctiloquo
1024 1990 1143 2022 mellea
1166 1990 1252 2022 dona
1274 1991 1387 2024 fluunt.

615 2041 675 2072 Oui
699 2041 798 2072 micat
819 2042 853 2073 in
878 2042 968 2073 vultu
991 2043 1157 2074 vernantis
1181 2043 1288 2084 gratia
1310 2043 1446 2083 formae,

663 2092 843 2134 Splendida
867 2093 925 2125 sed
947 2095 1050 2125 menti
1074 2095 1180 2136 gratia
1202 2095 1307 2127 maior
1329 2096 1423 2127 inest.

350 2226 357 2237 ⁵
367 2224 383 2249 2
439 2225 445 2231 “
506 2224 594 2249 Maius

350 2225 527 2301 [211.]q[li.l]etgdd.
547 2269 609 2293 baro
629 2268 659 2292 de
678 2267 836 2300 Reiffe‘nbe‘rq
855 2269 984 2293 annuaire
1003 2268 1028 2294 d.
1043 2269 1059 2293 l.
1072 2269 1130 2294 bibl.
1141 2278 1164 2294 r.
1178 2269 1210 2294 de
1221 2269 1293 2301 Belq.
1306 2269 1357 2301 IV,
1376 2269 1443 2295 1843
1451 2279 1480 2303 p.
1493 2269 1526 2295 87
1539 2279 1590 2303 xqq.
1614 2271 1707 2296 Grom
1716 2280 1807 2304 proqr.
1814 2281 1900 2305 yymn.

247 2312 387 2344 Reyimom.
408 2311 475 2337 1868
490 2321 517 2344 p.
530 2311 547 2336 2
565 2320 600 2343 sq.
649 2311 740 2336 Scotus
759 2320 826 2336 corr.
841 2311 863 2336 0
946 2311 959 2336 1
979 2312 1060 2337 lorida
1071 2312 1093 2337 Ο
1141 2313 1290 2345 thepiadum
1310 2322 1378 2338 corr.
1390 2313 1416 2338 0
1436 2312 1464 2344 (i.
1477 2322 1497 2338 e.
1512 2314 1597 2339 altera
1614 2315 1641 2339 in
1653 2315 1674 2339 C
1688 2324 1782 2340 manus
1799 2317 1905 2348 coma)

247 2355 263 2379 5
283 2355 390 2380 Sirmate
406 2355 428 2380 0
442 2355 487 2380 secl
504 2359 569 2379 recle
585 2354 648 2386 VII,
667 2353 702 2378 90
789 2354 805 2379 6
823 2355 921 2380 sedulio
937 2355 959 2380 C
974 2364 1040 2380 corr.
1055 2355 1086 2380 de
1100 2355 1258 2389 Reiffeaberq
1340 2355 1354 2380 7
1373 2357 1464 2382 textito
1479 2356 1501 2381 0
1510 2365 1577 2383 corr.
1589 2357 1624 2382 id.
1707 2357 1724 2382 8
1742 2358 1874 2392 hartagirii
1886 2359 1909 2385 C

249 2406 315 2422 corr.
339 2399 431 2423 Grosse
520 2397 553 2422 10
571 2398 761 2429 nobilitatisque
779 2406 845 2422 corr.
868 2398 890 2422 Ο
975 2397 1006 2423 13
1025 2407 1089 2431 syon
1103 2399 1203 2431 passim
1220 2399 1242 2424 Ο
1325 2397 1358 2423 21
1378 2400 1483 2424 Pectore
1495 2400 1518 2425 0
1532 2409 1598 2425 corr.
1621 2400 1714 2426 oram

351 2478 407 2512 [IL]
428 2478 465 2512 [1.]
492 2479 503 2504 1
527 2478 637 2504 Musam
659 2486 737 2504 suam
758 2477 916 2511 adloquitur
935 2481 1014 2511 poeta
1036 2479 1084 2511 cfr.
1101 2479 1177 2511 infra
1195 2486 1215 2504 c.
1235 2479 1302 2512 VII,
1326 2487 1408 2512 quam
1425 2487 1484 2505 cum
1503 2480 1587 2514 fingat
1605 2481 1636 2506 in
1653 2481 1787 2508 Permesso
1804 2484 1905 2510 morari

246 2529 386 2563 Nymphae
405 2529 512 2555 nomine
529 2532 609 2555 ornat
627 2537 659 2556 ez·
677 2530 719 2556 ecl.
735 2530 781 2563 VI,
799 2530 833 2556 21
852 2530 958 2564 (Aegle,
978 2530 1119 2557 Naiadum
1138 2530 1344 2565 pulcherrima).
1433 2532 1450 2558 3
1470 2531 1515 2558 Ge.
1535 2532 1587 2566 IV,
1605 2533 1658 2559 352
1675 2541 1783 2560 summa
1801 2535 1904 2562 flavum

246 2582 332 2614 caput
357 2581 459 2607 extulit
483 2581 567 2607 unda.
661 2582 678 2607 8
695 2581 865 2617 Hartyarius
888 2584 1024 2617 episcopus
1044 2584 1205 2618 Tumqrensis
1226 2584 1342 2610 eeclesia
1357 2585 1496 2612 840-855
1513 2585 1563 2617 cfr.
1587 2585 1618 2611 de
1634 2585 1724 2612 woeuae
1746 2586 1770 2612 le
1787 2586 1905 2620 chapare

245 2631 276 2657 de
301 2640 322 2658 S.
342 2632 466 2658 Lamban
493 2632 511 2657 ὰ
531 2632 609 2665 Dicae
627 2633 712 2659 Bruae.
736 2634 799 2660 1871
820 2635 849 2668 Ι,
875 2635 907 2661 13
934 2637 956 2661 et
975 2635 1129 2661 Duemmle‘r
1155 2635 1248 2661 arnnal.
1275 2635 1332 2661 hist.
1358 2638 1430 2669 patr.
1454 2636 1563 2662 Vindob.
1585 2637 1653 2663 1860
1672 2645 1700 2671 p.
1721 2638 1772 2664 170
1794 2638 1858 2665 adn.
1878 2640 1905 2666 6.

248 2683 279 2708 13
296 2683 376 2709 Zach.
397 2683 424 2716 9,
443 2683 459 2708 9
483 2683 586 2709 Exulta
611 2684 679 2710 satis
705 2685 762 2711 filia
785 2685 863 2719 Sion,
890 2686 937 2718 cfr.
956 2686 1067 2720 [Γυνὴ]
1088 2695 1117 2719 p.
1137 2687 1199 2718 374,
1220 2687 1277 2713 107.
1366 2688 1398 2714 15
1418 2689 1482 2714 Aen.
1503 2688 1565 2721 IX,
1585 2689 1635 2714 682
1659 2689 1772 2715 sublimi
1796 2690 1902 2717 vertice

245 2735 356 2759 nutant.
444 2734 478 2759 22
499 2733 575 2760 Fort,
595 2735 619 2767 I,
641 2736 680 2767 15,
702 2737 751 2762 102
771 2737 855 2763 Cuius
874 2738 909 2763 ab
928 2738 1040 2771 eloquio
1059 2738 1153 2764 dulcia
1171 2738 1256 2764 mella
1274 2739 1372 2765 fluunt.

2023 2661 2040 2732 Aha...
2032 2629 2040 2650 ι.
2031 2590 2040 2618 Ὰι.
2035 2527 2040 2580 .2..„
2038 2479 2040 2506 --
2035 2448 2040 2460 -
