2060 3074
852 82 961 109 VITAE
980 83 1005 109 S.
1025 83 1193 110 GERMANI
1212 84 1353 111 LIBERI.
1812 90 1874 119 449

592 167 723 198 Lucifer
747 172 885 200 exactae
910 170 987 200 fecit
1011 170 1196 202 discrimina
1221 172 1334 203 noctis.

592 218 756 249 Praesidis
780 219 820 249 ad
845 220 968 251 celsum
993 232 1028 251 se
1052 232 1189 263 pergere
1215 222 1298 254 velle
1324 223 1467 254 tribunal

590 269 725 301 Praesul
750 270 795 301 ait
819 275 1034 314 properatque
1059 273 1155 305 viam.
1202 274 1278 305 Fert
1303 274 1421 306 obvius
1446 275 1491 306 illi

591 321 651 352 llle
674 321 809 362 gradum
833 323 1028 365 quantisque
1054 328 1164 366 potest
1188 330 1335 357 sanctum
1361 331 1534 358 veneratur

515 385 552 403 aas
591 372 766 414 Obsequiis
792 372 970 415 humilique
995 375 1077 416 petit
1101 374 1287 407 benedicier
1311 387 1375 407 ore.

591 424 672 455 Tum
698 425 763 455 voti
788 434 921 466 compos
946 426 1110 467 praetoria
1133 426 1223 458 ducit
1248 428 1279 458 in
1305 429 1388 459 alta:

591 476 719 515 Coram,
743 486 826 518 quae
850 477 962 511 vellet.
989 488 1060 508 cum
1085 479 1172 510 facta
1195 483 1245 510 est
1269 481 1363 522 copia
1386 481 1486 516 fandi,

591 527 724 559 Talibus
749 528 951 570 aggreditur:
979 529 1108 566 ⁶Nolim,
1133 530 1217 572 quod
1242 531 1412 569 venimus?
1437 534 1546 575 inquid

591 579 731 611 *Eventu
755 581 846 615 reris,
870 581 918 612 vir
947 582 1237 623 praestantissime,
1262 583 1393 616 factum.

515 644 553 663 ³90
590 631 684 663 Seria
708 642 760 662 res
783 635 973 674 tantumque
998 633 1070 664 viae
1096 637 1286 676 tantumque
1310 635 1432 666 laboris

591 683 725 715 Sumere
749 694 806 715 nos
832 684 963 716 monuit.
1010 684 1177 716 Decessus
1203 690 1349 728 tempora
1373 688 1474 718 nostri

591 734 749 766 Conditor
771 736 943 773 accelerat,
967 737 1115 777 gravium
1140 737 1322 779 molemque
1346 738 1491 770 laborum

592 786 670 818 Fine
694 787 782 818 levat
805 787 943 829 finisque
967 788 1052 819 diem
1078 788 1285 830 praediscere
1310 789 1423 821 donat:

592 838 661 870 Nec
685 843 749 870 tam
775 849 947 881 supremae
971 850 1041 871 sors
1067 845 1100 871 et
1124 841 1242 872 vicinia
1267 842 1386 877 mortis,

515 903 552 922 :195
590 891 695 927 Quam
721 901 780 922 nos
804 902 881 922 cura
904 892 946 933 pii
972 895 1044 934 post
1068 902 1126 923 nos
1150 893 1299 934 percellit
1323 894 1428 925 ovilis.

590 942 633 974 Et
655 943 730 984 quia
754 943 995 984 magnanimum
1021 954 1083 974 non
1108 948 1160 975 est
1183 955 1362 987 permagna
1386 946 1525 977 virorum

591 995 702 1037 Copia,
727 995 799 1037 quis
823 998 956 1027 sanctae
981 996 1139 1027 committi
1165 997 1310 1038 regmina
1335 997 1439 1039 plebis

591 1046 666 1078 Iure
691 1051 821 1089 queant,
846 1051 879 1078 at
903 1047 1003 1078 multa
1027 1058 1122 1089 seges
1147 1048 1287 1090 fortique
1311 1049 1458 1091 bonoque

590 1098 720 1140 Indiget
742 1099 895 1140 agricola.
920 1109 972 1130 res
996 1103 1055 1132 est,
1081 1110 1163 1142 quae
1189 1101 1328 1132 maxime
1354 1105 1492 1133 vestram

515 1163 552 1181 wo
590 1150 699 1182 Poscit
723 1161 828 1193 opem,
853 1151 982 1192 quando
1006 1151 1128 1183 iniussu
1153 1163 1214 1183 non
1240 1153 1394 1195 principis
1418 1154 1505 1185 illam

591 1201 697 1234 Moliri
721 1202 806 1245 potis
832 1206 900 1238 est;
926 1206 1050 1234 tantum
1075 1203 1139 1235 fert
1162 1207 1272 1236 vestra
1295 1204 1422 1236 decoris

591 1254 746 1286 Maiestas
771 1255 905 1297 ipsoque
931 1266 989 1286 suo
1013 1256 1049 1286 fit
1073 1255 1215 1298 pondere
1239 1256 1350 1298 pluris.

591 1306 724 1338 Summa
747 1307 793 1338 rei
817 1310 880 1338 est:
907 1307 1047 1349 petimus
1073 1327 1108 1330 —
1138 1318 1200 1339 non
1223 1318 1401 1350 aspernare
1426 1312 1592 1351 petentem
1618 1327 1653 1331 —

591 1357 754 1390 Germano
778 1358 876 1390 liceat
899 1359 972 1390 flavi
997 1359 1175 1401 decerpere
1200 1359 1298 1391 crinis

516 1422 553 1441 405
591 1410 788 1442 Cacsariem.
830 1409 896 1442 Vas
920 1411 974 1442 ille
999 1410 1060 1442 deo
1085 1411 1268 1453 lectumque
1294 1422 1486 1454 sacrumque

595 1461 716 1493 Usibus
740 1461 898 1493 ecclesiae
922 1462 1037 1494 studiis
1062 1462 1222 1494 conducet
1246 1462 1415 1495 honestis?

590 1513 733 1555 Diriguit
756 1514 898 1546 novitate
924 1514 969 1545 rei
995 1514 1194 1556 multumque
1220 1518 1399 1546 retractans

590 1565 805 1608 ‘Quanquam’
829 1565 912 1597 dixit
935 1569 1016 1597 *erat
1042 1576 1140 1608 regno
1164 1567 1367 1608 gratissimus
1391 1567 1487 1598 omni.

590 1617 718 1649 Divinis
743 1618 884 1649 humana
907 1618 1000 1649 nefas
1025 1618 1188 1660 praeferre
1212 1624 1373 1660 putamus.

513 1681 550 1701 uu
587 1669 757 1707 Quocirca,
781 1669 867 1712 quod
891 1670 988 1701 flante
1013 1669 1074 1701 deo
1099 1670 1287 1712 praenoscis
1311 1670 1484 1712 agendum.

591 1721 764 1753 Accelera:
789 1721 894 1752 officio
920 1720 1241 1762 nowdefraudaberc
1266 1721 1396 1753 nostro?

590 1773 674 1804 Veto
698 1773 872 1815 perfruitus
897 1777 1071 1815 notamque
1095 1774 1216 1805 relatus
1241 1773 1281 1805 ad
1305 1773 1418 1805 urbem

590 1824 708 1868 Ampla
730 1835 788 1867 per
811 1825 970 1856 ecclesiae
994 1825 1216 1868 sollempniter
1239 1825 1321 1856 atria
1344 1824 1472 1867 plebem

591 1877 693 1908 Stare-
709 1877 798 1908 iubet
822 1880 970 1909 cunctam
995 1882 1156 1919 coetuque
1181 1887 1222 1908 ex
1246 1887 1334 1908 more
1359 1880 1471 1908 coacto

516 1940 553 1959 ⁴15
590 1927 694 1970 Inque
717 1938 816 1959 unum
842 1929 968 1960 cunctis
991 1929 1095 1960 aciem
1120 1928 1329 1960 tendentibus
1352 1929 1434 1960 infit:

590 1979 732 2011 *Fratres
757 1984 790 2012 et
813 1980 867 2019 fiii,
893 1979 1021 2011 sudoris
1045 1981 1189 2022 praemia
1213 1980 1326 2014 nostri.

589 2031 715 2063 Sumite
739 2042 818 2066 rem,
843 2031 975 2063 modicis
1000 2032 1097 2063 liceat
1120 2042 1216 2074 quam
1241 2043 1390 2075 promere
1415 2032 1531 2063 verbis.

588 2083 668 2115 Post
691 2084 831 2115 infinitos
856 2084 977 2115 inmani
1001 2084 1085 2115 mole
1108 2084 1251 2122 labores,

587 2134 699 2167 Rebus
723 2135 755 2167 in
779 2136 926 2178 angustis
951 2146 1030 2177 quos
1055 2135 1118 2167 hue
1143 2135 1354 2167 toleravimus
1378 2146 1490 2177 usque,

511 2199 550 2218 4:⁹0
586 2186 667 2218 Post
690 2187 902 2218 inconstantis
927 2197 1102 2229 permensa
1125 2187 1291 2218 volumina
1314 2186 1411 2225 vitae,

589 2238 667 2270 Post
690 2238 797 2280 gravis
821 2238 909 2270 exilii
935 2249 999 2269 nou
1023 2238 1112 2269 mitia
1135 2238 1280 2280 pondera
1303 2238 1391 2270 sesso

587 2289 708 2332 Optato
731 2290 868 2332 patriam
893 2289 1030 2321 donatur
1053 2300 1186 2321 cernere
1211 2300 1331 2322 veram.

330 2421 436 2447 Scholia
455 2435 485 2439 —
504 2419 554 2446 397
572 2419 640 2454 quis]
661 2429 704 2454 pru
722 2421 817 2453 quibus
899 2419 950 2445 400
967 2419 1080 2453 quando]
1101 2420 1225 2453 siquidem
1306 2419 1354 2445 401
1376 2418 1469 2451 Moliri,
1488 2419 1574 2444 conari
1661 2418 1711 2444 4015
1729 2419 1865 2452 conducet]

227 2465 336 2498 proderit
438 2463 489 2490 407
522 2463 642 2498 Diriguit]
670 2465 830 2497 stupefactus
857 2468 895 2488 est
922 2465 1066 2496 praefectus
1118 2461 1269 2496 retractans]
1298 2463 1440 2495 recogitans
1544 2459 1595 2486 409
1624 2461 1706 2494 nefas]
1734 2467 1867 2495 peccatum

227 2506 276 2534 411
301 2507 432 2540 Accelern]
457 2509 496 2533 fac
548 2506 642 2539 officio]
663 2507 784 2540 permissu
890 2505 941 2531 412
961 2505 1109 2539 perfruitus]
1129 2507 1236 2539 adeptus
1260 2506 1312 2531 voti
1366 2503 1470 2537 relatus]
1491 2513 1608 2530 reversus
1711 2504 1762 2531 41ss
1790 2505 1867 2539 fil[i]i]

226 2551 342 2577 sinimus
392 2549 504 2583 sudoris]
524 2550 619 2575 laboris
1545 2559 1549 2562 -

328 2636 380 2663 388
397 2636 480 2670 inquit
497 2639 513 2661 2
530 2645 562 2661 m.
582 2637 606 2661 Ρ
713 2635 765 2662 395
785 2635 871 2669 §cellit
889 2645 956 2661 corr.
975 2639 990 2660 2
1008 2644 1040 2660 m.
1058 2634 1084 2660 P
1189 2633 1239 2660 397
1259 2635 1303 2666 qui
1322 2643 1388 2659 corr.
1407 2637 1424 2659 2
1441 2643 1474 2659 m.
1493 2634 1518 2659 Ρ
1626 2633 1678 2660 398
1695 2643 1726 2660 ae
1743 2635 1868 2661 Boschius

226 2679 274 2706 401
298 2684 348 2706 tert
370 2688 438 2705 corr.
456 2679 481 2704 P
582 2678 634 2704 403
657 2678 718 2711 rellli
738 2679 762 2704 P
862 2678 914 2704 405
936 2679 1082 2711 lectumque
1100 2677 1234 2711 Bosclu'm]
1258 2678 1351 2704 lectum
1371 2678 1396 2702 P
1495 2676 1547 2703 409
1570 2679 1697 2711 praeferre
1715 2678 1742 2703 ἰη
1767 2679 1783 2704 l.
1803 2688 1824 2704 r.
1845 2679 1870 2704 I’

226 2721 278 2750 410
294 2723 421 2755 Quocirca
438 2723 516 2748 flaute
533 2731 600 2747 corr.
618 2722 644 2747 P
744 2722 796 2748 413
814 2722 944 2748 solleniter
963 2722 987 2746 P
1037 2720 1153 2755 plebe-alls(
1172 2721 1196 2746 P
1297 2720 1348 2747 416
1367 2721 1404 2746 fili
1423 2720 1558 2754 Bouchiuaes]
1579 2721 1625 2746 filii
1644 2721 1671 2746 P

330 2773 432 2802 Poma
450 2782 531 2802 tunm
551 2782 607 2801 ηνι
626 2774 749 2802 canonio
768 2773 852 2804 111.2.
1629 2772 1662 2799 57
