2040 2996
280 175 321 205 58
906 169 1122 197 ENGELMODI
1141 168 1317 196 CARMINA.

647 257 722 289 Alia
745 257 908 289 Sterculio
932 256 1130 299 gratissima,
1154 259 1263 287 musta
1285 255 1395 298 Lyeo;

715 309 758 340 Et
781 308 920 340 trahitur
942 307 1044 340 studii
1067 307 1170 339 omnis
1193 306 1302 339 amore
1326 307 1387 339 sui.

647 360 822 393 Novimus:
846 360 980 392 urbanis
1005 360 1071 391 late
1096 359 1218 391 ditatus
1241 358 1365 395 amicis,

715 412 852 444 Illorum
875 411 978 443 nitido
1003 411 1111 443 affluis
1134 410 1300 452 obsequio,

565 472 589 489 ‘³⁵
650 463 763 495 Gloria
785 462 991 505 pontificum,
1014 462 1141 504 pollens
1165 471 1262 503 quem
1286 471 1430 504 purpura
1453 471 1567 503 regum

715 515 852 556 Diligit,
874 513 996 545 attollit
1020 516 1054 545 et
1077 513 1138 544 sub
1161 513 1284 544 honore
1308 513 1395 544 colit.

647 567 721 599 Non
745 560 990 605 vero'invidem
1014 565 1174 597 stomachi
1197 575 1261 596 non
1283 565 1360 597 felle
1383 568 1542 604 tumesco,

716 618 789 650 Non
812 618 915 650 livore
941 627 1053 656 voror,
1078 619 1188 648 mente
1211 627 1272 649 nec
1297 617 1479 649 excrucior.

648 670 691 702 Et
713 680 809 712 mage
833 680 911 701 cura
934 669 1019 710 iugis
1043 668 1144 700 vestri
1166 678 1218 699 me
1241 668 1349 710 tangit
1370 668 1490 700 amoris

554 731 591 749 ¹0⁰
719 722 887 765 Optoque,
912 731 987 753 care
1011 720 1106 760 mihi,
1130 724 1162 752 te
1186 731 1285 763 super
1308 721 1372 753 ista
1395 721 1479 753 vehi.

647 773 778 806 Foedus
801 773 964 806 amicitiae
987 772 1120 805 tandem
1145 772 1203 805 sed
1227 773 1354 816 respice
1377 776 1520 812 nostrae,

718 825 841 865 Quam,
865 825 892 856 si
915 825 1000 857 forte
1024 825 1121 865 velis,
1146 824 1355 857 dissimulare
1377 825 1509 867 nequis:

648 877 776 909 Profuit
799 877 911 919 exigui
935 877 1090 920 precibus
1114 876 1254 909 cessisse
1277 877 1365 908 leoni

718 929 819 960 Muris
843 928 1030 971 complicito
1055 928 1227 971 decipulae
1251 929 1379 971 laqueo.

555 989 591 1008 1⁰5
651 980 695 1013 Et
717 981 746 1012 si
767 981 834 1013 fors
858 980 987 1022 gelidae
1012 980 1111 1022 riguit
1133 991 1192 1022 pro
1215 983 1364 1023 tempore
1387 980 1522 1012 brumae

717 1031 842 1064 Noster
865 1042 971 1071 amor,
994 1032 1079 1063 laxis
1103 1032 1167 1063 iam
1191 1032 1370 1064 revirescat
1393 1031 1490 1074 agris.

650 1084 761 1126 Atque
784 1084 909 1115 utinam
931 1083 1081 1116 mihimet
1104 1087 1136 1115 te
1161 1093 1239 1126 sepe
1263 1083 1373 1115 videre
1397 1083 1512 1116 liceret

721 1135 891 1178 Solarique
914 1138 970 1167 tuo
992 1135 1140 1167 crebrius
1163 1135 1305 1177 alloquio

650 1187 719 1220 Nec
743 1197 809 1219 non
833 1189 867 1219 et
890 1186 1010 1219 collum
1035 1186 1153 1229 cupido
1179 1186 1257 1218 dare
1280 1185 1414 1218 brachia
1437 1186 1576 1226 circum;

554 1247 592 1266 11⁰
718 1238 814 1275 Quod
838 1249 911 1270 cum
934 1238 1008 1280 plus
1033 1238 1126 1277 sitio,
1151 1241 1228 1270 vota
1250 1241 1373 1280 negata
1395 1247 1502 1280 gemo.

652 1290 741 1322 Scito
765 1293 891 1330 tamen,
916 1290 1030 1332 quavis
1054 1290 1174 1322 absens
1197 1290 1330 1332 regione
1354 1289 1503 1329 moreris,

718 1342 881 1384 Umquam
904 1351 971 1373 non
994 1341 1102 1373 animo
1127 1344 1230 1374 temet
1252 1342 1371 1374 abesse
1394 1351 1478 1374 meo.

653 1394 789 1435 Iamque
813 1393 1018 1425 verecundas
1042 1394 1154 1426 miseri
1179 1393 1328 1425 cohibeto
1353 1394 1505 1436 querelas

724 1444 886 1477 Carminis
911 1445 1082 1485 affectum,
1106 1446 1244 1488 pagina,
1268 1445 1337 1478 fata
1360 1455 1478 1477 meum.

390 1576 422 1602 91
441 1576 500 1602 *Αη
519 1575 661 1609 squalida?
713 1575 843 1601 stelrculio
862 1584 929 1600 corr.
944 1576 974 1600 Ῥ
1061 1574 1094 1601 97
1113 1575 1225 1601 *invidio
1243 1575 1268 1600 P

389 1663 421 1688 91
439 1670 476 1695 sq.
496 1661 639 1695 Augyustin.
653 1668 691 1694 ep.
709 1661 740 1687 cl.
755 1661 777 1693 Ι,
798 1661 839 1692 17,
857 1661 903 1687 ubi
922 1664 958 1688 eet
978 1662 1058 1688 etium
1075 1662 1173 1695 88111,
1193 1662 1227 1689 65
1245 1661 1335 1688 trahit
1353 1669 1404 1687 sua
1421 1669 1560 1695 quemque
1578 1661 1719 1695 voluptas,
1736 1659 1783 1692 cfr.
1796 1659 1941 1694 Auqustin.

285 1713 316 1740 de
333 1713 423 1740 mmw'b.
442 1713 557 1740 manich.
572 1713 611 1746 Π,
632 1712 671 1739 12.
764 1713 798 1739 95
816 1713 890 1739 Fort.
911 1712 938 1739 O.
952 1713 1010 1746 III,
1027 1713 1070 1745 21,
1088 1714 1105 1739 2
1125 1716 1150 1739 et
1167 1712 1274 1746 saepius
1291 1712 1389 1739 Gloria
1406 1712 1580 1747 pontificum.
1614 1711 1662 1739 Ge.
1683 1711 1725 1745 II,
1743 1712 1796 1739 495
1818 1719 1942 1746 purpura

285 1774 389 1799 regum.
488 1765 537 1791 101
562 1772 599 1798 sq.
621 1763 700 1790 Trist.
717 1764 777 1798 III,
800 1765 828 1796 6,
854 1765 867 1791 1
891 1773 928 1798 sq.
959 1764 1066 1792 Foedus
1092 1764 1234 1791 amicitiae
1261 1772 1313 1791 nec
1336 1763 1391 1796 vis,
1419 1763 1571 1795 carissime„
1599 1765 1723 1796 nostrae,
1751 1771 1804 1797 1180,
1823 1763 1847 1790 si
1869 1763 1942 1790 forte

285 1816 366 1848 velis,
394 1816 568 1842 dissimulare
597 1817 684 1850 potes.
791 1816 841 1843 103
864 1824 900 1849 sq.
925 1816 1015 1843 Potest
1039 1824 1094 1843 esse
1115 1819 1146 1843 ut
1165 1815 1349 1850 Enydwwdus
1370 1816 1442 1842 hanc
1467 1818 1498 1844 et,
1513 1816 1557 1849 11,
1571 1809 1589 1842 '7
1611 1823 1663 1849 sqq.
1684 1815 1810 1848 fabeuam
1833 1815 1889 1841 iam
1911 1814 1943 1840 in

282 1868 400 1902 pleniore
421 1867 467 1894 illo
494 1870 517 1894 et
539 1867 570 1893 in
586 1875 698 1901 prosam
724 1875 846 1894 converso
871 1867 999 1894 Phaedro
1020 1867 1164 1901 invenerit,
1193 1867 1230 1894 ad
1250 1875 1329 1901 quem
1355 1867 1402 1901 qm*
1427 1867 1529 1894 eaedem
1552 1866 1687 1894 comment
1711 1866 1798 1894 redire
1819 1866 1943 1893 videmur

284 1919 339 1946 cod.
359 1919 518 1953 Wisselmrq.
531 1920 570 1952 II,
591 1920 622 1945 11
643 1922 667 1946 et
689 1919 731 1951 10,
750 1919 882 1946 Rmnuzus
899 1920 922 1953 Ι,
941 1920 973 1946 17
993 1922 1018 1946 et
1037 1920 1069 1946 16
1093 1920 1153 1952 (cfr.
1173 1912 1312 1954 Oesterlcy.
1327 1919 1433 1946 Romul.
1447 1927 1476 1953 p.
1492 1919 1528 1945 48
1545 1919 1601 1952 sq),
1624 1925 1750 1953 anonym.
1781 1917 1891 1945 ΝΜ
1910 1918 1944 1945 18

286 1974 310 1998 et
329 1972 369 2004 17;
390 1979 535 2005 possumus
555 1970 635 1997 etiam
657 1970 790 2004 suspicari
812 1970 1009 2005 Ertyelmodsum
1032 1971 1121 2005 ipsum
1144 1971 1220 1998 illwm
1240 1965 1342 2004 fohtem
1362 1970 1460 1998 adiisse
1483 1970 1618 1997 Rubrium
1643 1969 1700 2004 (cfr.
1725 1969 1875 1996 Eberhard.
1901 1969 1943 1996 ed.

288 2032 313 2050 n.
334 2023 395 2054 1073
416 2023 465 2050 132
486 2025 510 2050 et
529 2022 635 2049 Dosith.
652 2022 703 2055 fab.
722 2023 749 2057 2)
775 2022 966 2057 latinianum,
989 2023 1060 2050 unde
1083 2025 1191 2057 uterque
1213 2023 1336 2057 apoloyus
1353 2031 1371 2048 α
1389 2022 1510 2049 Phaedri
1527 2021 1711 2055 Jxvraphrasta
1727 2023 1763 2048 esi
1775 2021 1878 2055 petitus
1895 2021 1944 2055 qui

288 2075 317 2101 in
332 2074 415 2108 primi
429 2074 474 2100 sui
490 2073 628 2101 secmuzive
645 2073 706 2100 lssm'
721 2074 776 2107 fine
791 2074 969 2101 collocaremr.
999 2075 1133 2101 Meliorem
1151 2077 1216 2101 certe
1233 2083 1315 2108 quam
1327 2074 1371 2101 hic
1383 2074 1518 2100 lectionem
1529 2073 1649 2107 sequitur
1661 2073 1819 2108 decipulam
1829 2073 1944 2100 soranus

286 2126 383 2159 (Babr.
402 2125 574 2160 ἐδικιυώθη),
599 2133 655 2152 mm
671 2126 780 2152 foveam
801 2126 848 2160 (sic
865 2126 970 2153 ‘Gesta-l.
983 2134 1013 2160 p.
1025 2127 1067 2158 49,
1088 2127 1140 2161 17).
1187 2126 1232 2153 Ge.
1246 2126 1270 2159 Ι,
1289 2126 1335 2153 181
1361 2125 1479 2160 exiguus
1503 2134 1573 2152 mus.
1649 2125 1700 2152 105
1720 2124 1798 2151 Tn'et.
1810 2124 1866 2159 IV,
1884 2125 1908 2156 7,
1928 2125 1942 2151 1

286 2177 398 2212 gelidae
422 2178 486 2212 post
508 2177 613 2212 frigora
633 2177 757 2204 brumae.
830 2178 879 2205 108
897 2178 944 2209 cfr.
963 2185 995 2204 ex
1014 2177 1094 2204 Prmt.
1112 2178 1135 2211 Ι,
1156 2178 1181 2209 6,
1206 2178 1246 2205 18.
1318 2177 1368 2203 109
1386 2177 1453 2203 Aen.
1470 2176 1511 2210 II,
1531 2177 1593 2208 7923
1617 2176 1663 2210 VL
1681 2175 1733 2203 700
1750 2175 1805 2202 Ter
1827 2176 1943 2202 conatus

289 2229 327 2255 ibi
347 2229 417 2256 collo
436 2228 502 2255 dare
520 2228 651 2255 bracchia
669 2228 780 2256 circum.
870 2229 920 2256 110
932 2228 1007 2255 Fort.
1022 2228 1049 2255 O.
1066 2228 1129 2262 VII,
1144 2229 1161 2255 8
1179 2228 1215 2255 Et
1232 2237 1295 2255 cum
1314 2228 1377 2262 plus
1396 2228 1515 2263 cupiam,
1533 2229 1600 2255 vota
1618 2229 1722 2262 negata
1740 2226 1943 2263 (nugataoodd.

288 2281 414 2311 consens.)
432 2288 551 2315 gemam.
636 2281 685 2307 111
703 2288 740 2314 sq.
762 2280 841 2307 Tm‘st.
855 2281 914 2312 ΙΙΙ,
931 2281 956 2312 4,
976 2281 1010 2308 73
1026 2289 1064 2315 sq.
1084 2280 1158 2308 Scite
1177 2282 1284 2312 tamen,
1308 2280 1435 2314 quamvis
1454 2281 1539 2315 longa
1556 2280 1670 2314 regione
1688 2280 1831 2314 remotmfl
1844 2267 1943 2313 absim}

288 2341 336 2359 vos
354 2332 448 2359 animo
466 2341 574 2367 semper
592 2332 688 2359 adesse
706 2340 775 2359 meo.
866 2333 916 2359 114
935 2333 1039 2367 Εαθενι.
1056 2332 1132 2360 Τοῖά.
1147 2334 1220 2366 part.
1235 2332 1257 2366 Ῑ,
1270 2331 1312 2365 24,
1327 2333 1358 2359 19
1377 2331 1413 2359 ed.
1431 2331 1496 2359 Im.
1505 2340 1534 2366 p.
1548 2331 1590 2359 31.
1626 2331 1668 2358 Ε11
1687 2331 1754 2366 quia
1772 2331 1946 2367 deprompsit

289 2384 419 2411 affectum
437 2384 542 2419 pagina
560 2385 693 2411 nostrum.

2026 2359 2027 2362 Α
2033 2261 2040 2336 μᾷ.-
2035 2186 2040 2236 --,
2036 2160 2040 2173 -
