2040 2996
230 132 240 160 1
252 132 288 161 16
798 123 961 150 AUDRADI
979 122 1107 149 MODICI
1127 121 1304 148 CARMINA.

590 211 660 243 Iam
683 211 791 243 valeat
813 209 1034 251 mundumque
1058 209 1153 240 malis
1177 208 1340 240 deliberet
1363 207 1457 240 istis’.

591 263 684 294 Haec
708 263 820 294 dicens
844 261 957 293 sedem
980 260 1088 292 medio
1112 260 1203 292 iubet
1226 259 1458 302 amphitheatri

591 315 716 346 Extolli
740 317 774 345 et
797 316 927 345 sanctos
951 312 1099 344 residens
1123 322 1165 343 ex
1187 321 1277 343 more
1299 311 1443 343 tribunal

590 366 674 397 Illuc
697 365 917 397 adducifeoit
941 364 1151 396 saevissimus
1175 363 1288 395 hostis.

494 425 533 444 2⁷0
592 418 823 459 Sistunturque
847 416 964 447 dehinc
988 425 1142 458 proceres
1165 415 1250 446 intra
1273 414 1547 457 amphitheatrum

592 469 819 510 Obscenisque
843 468 921 500 feris
943 467 1116 498 traduntur
1138 467 1261 498 lumina
1284 467 1376 498 caeli.

591 521 739 552 Exiliunt
763 521 872 552 caveis
895 519 964 551 ursi
987 519 1160 561 Libicique
1183 519 1305 559 leones,

591 573 737 604 Saltibus
762 575 795 603 et
817 572 929 614 primis
952 571 1108 603 evolvunt
1131 581 1283 613 corpora;
1306 571 1362 613 qui
1384 582 1471 611 mox,

592 625 638 657 Ut
660 625 795 668 propius
820 623 963 663 veniunt,
986 623 1116 655 blandis
1139 626 1307 655 mutantur
1329 624 1362 654 in
1386 624 1490 665 agnis,

496 685 534 704 2⁷5
595 678 734 709 Pronius
760 679 793 708 et
816 676 894 708 flexi
916 676 1045 717 lingunt
1067 675 1209 717 vestigia
1233 678 1358 708 sancta.

224 740 247 760 ο.
263 739 336 760 xnu.
443 748 448 752 —
591 730 686 761 Haec
711 739 848 761 cernens
871 738 1008 770 praeses
1032 728 1192 770 primores
1216 730 1377 759 convocat
1400 728 1491 760 urbis

589 782 699 824 Atque
721 782 948 824 magistratum
972 783 1005 812 et
1027 780 1085 812 tali
1109 782 1195 812 sorte
1218 780 1327 822 perire

590 834 735 866 Dictavit
759 836 901 873 sanctos,
925 833 1020 864 nexis
1044 835 1080 864 ut
1103 832 1237 864 crimine
1260 832 1365 872 mixti,

592 885 776 927 (Accusans
799 885 965 928 proprium
990 895 1070 927 quos
1094 895 1234 916 naevum
1258 886 1405 916 traxerat
1426 895 1541 927 usque,

496 945 533 963 280
591 938 637 969 Ut
660 948 767 981 poena
789 937 904 969 mortis
928 937 1098 968 damnaret
1120 936 1230 968 littera
1253 935 1349 978 Iegis)

592 989 745 1021 Personis
769 989 873 1031 pulcri
895 988 1147 1026 decollarentur,
1170 990 1207 1019 ut
1230 988 1304 1020 illos

592 1041 768 1073 Nescirent
791 1040 879 1079 socii,
905 1041 932 1072 si
957 1040 1012 1082 qui
1035 1050 1207 1083 superesse
1229 1040 1387 1079 valerent,

592 1093 643 1124 Ne
667 1095 779 1124 tantae
802 1091 880 1124 fidei
902 1102 1075 1131 memores,
1099 1092 1287 1124 certaminis
1311 1095 1410 1134 atque

593 1145 746 1177 Victores
770 1145 916 1176 colerent
939 1147 972 1175 et
996 1144 1083 1175 clara
1105 1144 1258 1186 sepulcra
1280 1147 1444 1186 pararent.

498 1205 535 1224 235
592 1197 698 1229 Iussio
723 1197 916 1239 completur:
942 1196 1046 1227 sancti
1067 1206 1145 1227 mox
1169 1196 1384 1238 sacrilegique

595 1249 776 1281 Miscentur
799 1248 908 1290 gladio
931 1247 1103 1279 truncandi
1125 1247 1233 1280 iudice
1257 1258 1378 1280 coram.

226 1308 250 1328 C·
265 1307 316 1328 XV·
636 1300 682 1332 Ut
704 1300 784 1332 belli
807 1300 907 1331 finem
929 1299 1074 1341 praescit
1096 1298 1244 1330 Iulianus
1267 1298 1385 1331 adesse

595 1353 741 1395 Signifer
765 1352 930 1394 egregius,
954 1350 1102 1393 gaudens
1126 1350 1209 1383 haee
1233 1351 1325 1382 audit
1348 1354 1383 1383 et
1404 1362 1470 1383 una

595 1404 677 1436 Cum
701 1404 797 1436 sociis
823 1403 954 1435 domino
978 1402 1092 1435 laudes
1117 1405 1151 1435 et
1174 1403 1321 1435 carmina
1344 1406 1464 1444 cantat,

496 1464 535 1484 2⁹0
593 1456 743 1488 Postulat
766 1459 799 1488 et
822 1456 964 1498 supplex
985 1455 1083 1487 finem
1107 1455 1294 1487 certaminis
1317 1455 1414 1487 huius

594 1509 664 1540 Iam
688 1508 853 1550 complere
876 1507 984 1547 deum,
1008 1507 1095 1539 vitae
1120 1518 1180 1539 seu
1203 1507 1322 1549 gaudia
1346 1510 1479 1540 sanctae

594 1560 746 1592 Iustitiae
770 1559 887 1592 dextra
910 1558 1010 1590 tribui
1033 1559 1192 1601 reddique
1217 1570 1366 1592 coronas.

227 1627 250 1647 o.
266 1626 328 1647 xvi,
594 1613 686 1645 Tunc
709 1612 840 1654 genitus
863 1611 986 1653 pariter
1008 1611 1243 1654 genetrixque:
1268 1611 1411 1652 ‘Notato,
1434 1615 1573 1655 tyranne

593 1664 745 1697 Crudelis
767 1664 904 1695 nimium
928 1666 961 1695 et
983 1664 1066 1695 nulli
1088 1663 1219 1695 feritate
1244 1663 1398 1705 secunde,

497 1724 534 1743 295
594 1717 733 1748 Nostras
757 1726 838 1758 quas
861 1715 964 1747 facies
988 1715 1144 1747 divinitus
1167 1715 1319 1747 irradiari
1414 1756 1416 1758 v

594 1769 709 1801 Gratia
732 1768 894 1800 concessit
917 1767 1049 1807 domini,
1072 1770 1108 1799 ut
1132 1786 1171 1791 —
1196 1778 1269 1799 cum
1293 1767 1401 1800 iudice
1426 1767 1558 1800 Christo

594 1823 645 1854 Tu
669 1832 743 1854 cum
765 1824 859 1863 patre
883 1823 939 1852 tuo
963 1820 1065 1852 fueris
1089 1820 1277 1852 submersus
1301 1821 1335 1852 in
1357 1821 1490 1853 umbras

593 1874 637 1906 Et
659 1874 754 1905 nobis
778 1873 824 1904 sol
847 1872 993 1922 iustitiae
1018 1871 1192 1914 splendore
1215 1875 1352 1915 paterno

593 1926 750 1959 Vultibus
774 1924 933 1966 angelicis
957 1923 1084 1956 dederit
1108 1924 1340 1966 splendescere
1365 1935 1476 1957 secum
1501 1943 1539 1947 —

499 1987 537 2006 ³00
595 1979 688 2010 Tunc
711 1987 772 2009 nos
796 1986 958 2019 agnoscas
982 1978 1138 2007 aeternae
1161 1975 1243 2008 lucis
1266 1977 1390 2008 amicos

335 2038 403 2063 Acta
421 2037 452 2063 B.
473 2038 524 2062 Iul.

229 2086 303 2110 Tunc
325 2086 397 2110 iubet
421 2085 635 2118 amphitheatrum
654 2082 714 2114 (sibi
733 2083 760 2107 in
778 2081 951 2115 ampetheatro
970 2081 1055 2106 sedem
1074 2080 1110 2113 B)
1129 2082 1284 2114 praeparari;
1309 2082 1336 2106 in
1353 2082 1422 2114 quod
1438 2082 1570 2116 ingressus
1588 2091 1648 2109 cum
1665 2084 1779 2109 tribunal
1796 2091 1883 2109 aseen-

229 2129 314 2160 deret,
339 2129 411 2153 iubet
433 2129 473 2153 dei
497 2131 598 2153 sanctos
622 2126 737 2152 exhiberi
760 2129 786 2151 et
809 2125 924 2150 omnium
948 2125 1060 2150 ferarum
1085 2125 1178 2150 dimitti
1200 2125 1398 2151 multitudinem.
1439 2126 1556 2159 Cumque
1575 2127 1695 2152 dimissae
1713 2130 1799 2152 essent
1816 2127 1885 2152 ferae

231 2171 349 2204 singulae
366 2171 505 2196 veniebant
522 2174 547 2195 et
565 2174 711 2195 sanctorum
730 2169 807 2202 pedes
824 2169 967 2201 lingebant.

332 2213 373 2239 61.
393 2215 465 2239 Haec
483 2214 573 2238 videns
591 2221 700 2246 praeses,
720 2220 866 2237 convocans
884 2211 1049 2244 magistratus
1067 2211 1180 2236 civitatis
1198 2211 1270 2236 iubet
1288 2219 1377 2236 omnes
1395 2212 1524 2237 custodias
1542 2213 1696 2245 perscrutari
1718 2217 1744 2238 et
1761 2221 1884 2246 personas

232 2258 283 2282 iam
313 2261 393 2282 morte
419 2258 510 2290 dignas
541 2257 567 2281 in
591 2257 806 2290 amphitheatrum
837 2255 971 2281 intromitti
999 2259 1025 2280 et
1048 2258 1151 2286 sanctos
1177 2255 1217 2279 dei
1248 2255 1419 2280 intermisceri
1445 2263 1475 2280 ac
1506 2255 1574 2281 iuter
1599 2256 1738 2289 sacrilegas
1765 2263 1886 2289 personas

233 2300 353 2325 decollari
370 2300 507 2333 praecepit.

333 2344 408 2368 Tunc
426 2344 451 2368 S.
470 2344 490 2368 Ι.
509 2351 567 2368 cum
586 2343 741 2375 martyribus
759 2342 834 2368 sociis
852 2343 906 2367 suis
924 2342 1001 2367 dixit:
1021 2341 1129 2367 ‘Gratias
1147 2342 1201 2374 tibi,
1220 2342 1328 2374 Christe,
1348 2342 1393 2375 qui
1410 2350 1457 2367 nos
1475 2350 1558 2375 usque
1574 2343 1601 2367 in
1614 2342 1682 2367 hanc
1692 2343 1780 2368 horam
1792 2342 1883 2368 salutis

230 2386 388 2419 perduxisti‘.
430 2387 504 2411 Tunc
523 2386 677 2411 venerabilis
695 2394 760 2419 puer
777 2394 837 2411 cum
855 2389 943 2411 sancta
961 2390 1043 2411 matre
1061 2393 1108 2410 sua
1125 2385 1190 2410 dixit
1212 2385 1244 2410 ad
1261 2386 1415 2418 praesidem:
1442 2386 1516 2411 ‘Nota
1533 2386 1580 2411 tibi
1598 2386 1676 2411 facies
1693 2389 1801 2416 nostras,
1820 2394 1885 2419 qun

230 2429 257 2453 in
279 2429 327 2453 hoc
350 2429 437 2454 seculo
455 2429 538 2461 gratia
556 2429 662 2459 Christi,
685 2429 753 2454 sicut
772 2429 855 2461 vides,
878 2429 1024 2454 inmutavit.
1059 2429 1116 2454 Tua
1133 2429 1202 2454 enim
1220 2429 1327 2462 perfidia
1345 2429 1491 2454 foeditatem
1509 2429 1584 2454 nobis
1601 2429 1737 2455 conabaris
1754 2430 1885 2463 inponere,

232 2472 315 2504 gratia
333 2480 394 2497 vero
412 2476 437 2497 et
455 2473 536 2505 pietas
551 2472 646 2497 domini
659 2472 754 2497 Christi
772 2473 855 2497 induit
873 2481 920 2498 nos
939 2481 1031 2505 magna
1049 2472 1131 2505 gloria
1149 2480 1207 2497 cum
1221 2472 1319 2502 decore,
1337 2476 1368 2498 ut
1384 2473 1411 2497 in
1429 2473 1474 2498 illa
1491 2473 1532 2498 die
1543 2480 1668 2505 agnoscas
1685 2481 1732 2498 nos
1750 2473 1778 2498 in
1795 2473 1885 2506 glori»,

233 2522 291 2539 curn
310 2519 338 2539 tu
357 2515 435 2540 fueris
454 2515 480 2539 in
499 2515 616 2540 inferno'.

335 2617 384 2643 281
405 2617 516 2651 *pulcris
529 2619 554 2643 P
568 2628 634 2644 corr.
654 2620 768 2652 pulchris
781 2619 811 2645 P‘
900 2619 951 2645 289
969 2624 995 2645 et
1012 2620 1124 2645 carmina
1142 2623 1230 2645 cantat
1248 2619 1276 2644 in
1293 2628 1346 2644 rae.
1359 2619 1395 2649 P,·
1413 2620 1461 2651 cfr.
1474 2620 1502 2645 ίπ
1516 2619 1584 2645 Par.
1598 2618 1631 2646 67
1717 2618 1771 2645 290
1788 2623 1886 2646 caem-

233 2660 309 2686 minis
328 2669 394 2686 corr.
408 2661 433 2686 P

335 2720 386 2746 269
399 2721 447 2753 cfr.
455 2729 528 2754 pase.
543 2721 568 2754 I,
581 2721 621 2748 17.
711 2723 760 2749 ‘271
774 2723 823 2755 cfr.
836 2731 857 2749 υ.
868 2723 910 2749 89.
992 2723 1043 2749 272
1057 2721 1135 2748 Fast.
1149 2722 1193 2755 11,
1203 2722 1254 2748 209
1267 2721 1371 2755 Libyca
1383 2721 1418 2748 de
1430 2723 1515 2756 gente
1528 2722 1631 2749 leones.
1715 2722 1766 2748 294
1779 2722 1828 2755 cfr.
1839 2721 1884 2749 ad.

239 2770 267 2797 V.
287 2770 371 2797 Leuci.
393 2771 416 2804 Ι,
438 2772 494 2803 141,
508 2772 554 2798 ubi
572 2772 639 2799 adde
658 2774 777 2807 eaeemplis
795 2773 936 2800 Hadriani
955 2774 977 2800 1.
997 2773 1109 2807 epitaph.
1126 2775 1185 2800 tom.
1205 2774 1227 2807 I,
1248 2774 1297 2800 113
1315 2782 1337 2801 v.
1358 2774 1388 2800 11
1407 2776 1430 2800 et
1448 2774 1532 2801 Ionae
1549 2773 1587 2801 ed.
1606 2774 1708 2808 Miym.
1723 2782 1751 2808 p.
1773 2774 1830 2801 119.
