2060 3074
824 160 967 189 PRAETE
971 162 1066 189 RITA.
1704 170 1722 200 7
1726 170 1764 199 51

117 256 192 287 pay.
210 247 273 277 167
293 255 321 277 v.
337 245 381 276 27
401 244 526 283 adptmo
547 244 807 284 subscriptionem
829 247 946 279 codicis
967 248 1194 281 Laudunensis
1210 252 1259 289 11,
1283 261 1343 291 quo
1369 251 1512 292 Oriqenis
1533 253 1570 284 in
1592 253 1767 285 Levitieum

400 295 547 327 homiliae
577 297 777 329 continentur
804 300 845 340 (v.
871 298 1039 341 Gataloque
1065 301 1192 341 yeneral
1213 302 1238 334 I
1249 304 1314 341 60),
1347 314 1417 335 oum
1446 314 1537 336 versu
1565 305 1675 345 quinto
1702 306 1766 345 cpi—

399 357 512 387 seopus
532 347 715 380 Leodiensis
736 350 914 390 siqnisieari
930 353 1049 391 possit:

503 425 654 468 Quisquis
676 426 719 458 ad
741 430 894 460 aeternae
918 429 1050 461 festinas
1073 431 1193 472 gaudia
1214 432 1310 472 vitae,

502 476 574 509 Hos
595 478 690 510 flores
713 480 837 522 typicos
860 480 978 512 devota
1000 486 1109 514 mente
1133 484 1270 525 require,

500 528 608 561 Noxia
631 540 694 572 quo
716 531 826 563 valeas
850 533 1026 575 contempti
1048 534 1193 576 linquere
1216 536 1314 567 saecli

502 580 546 612 Et
567 581 700 614 tandem
723 583 832 625 capias
855 585 1003 616 caelestis
1026 587 1170 627 praemia
1192 588 1293 629 regni.

446 646 458 665 ⁵
501 632 667 675 Hartgarii
689 645 814 666 memor
837 638 918 676 esto,
941 647 1065 678 precor,
1090 639 1143 680 qui
1165 639 1263 670 noxia
1286 642 1409 680 cuncta,

504 684 596 722 Quae
620 686 734 728 potuit,
759 688 837 720 rasit
858 698 919 720 nec
941 699 1006 721 non
1028 690 1186 732 condigna
1208 692 1341 723 remisit.

292 782 320 806 v.
356 773 377 803 4
399 770 461 812 kye
482 771 640 814 rapuitne‚
663 775 767 814 pater.

208 824 272 855 168
291 834 319 855 υ.
336 823 378 854 19
399 822 461 864 leye
482 823 594 855 niveus
617 823 743 864 chorus,
767 825 892 868 amplus
915 829 949 857 et
971 825 1059 858 ordo.

208 877 271 908 171
300 874 324 919 l.-
357 877 379 906 3
400 875 440 906 ab
461 875 524 907 imo
546 875 608 916 leqe
629 875 683 916 ‘cfi
707 876 792 908 Gest.
815 877 920 917 Apoll.
943 880 1029 918 (tom.
1053 878 1097 910 II
1108 877 1186 916 506)
1209 879 1292 912 789².

208 929 272 960 172
291 938 319 959 v.
337 928 378 958 66
400 926 462 967 leye
484 927 642 969 zaphirus.
668 921 713 951 —'
731 929 769 960 de
791 939 817 960 v.
835 931 876 960 71
897 929 967 961 vide
988 929 1078 969 infra
1098 930 1143 962 ad
1157 941 1232 971 pay.
1247 932 1321 962 227.

208 982 271 1012 176
299 979 319 1011 l.
357 979 377 1009 5
399 979 439 1011 ab
461 979 523 1011 imo
544 979 609 1011 dele
631 978 710 1020 ‘post
729 982 787 1012 146
810 980 1003 1023 Hartgarius
1029 981 1076 1014 0².

207 1032 271 1064 178
291 1042 318 1064 v.
336 1031 377 1062 15
401 1030 463 1071 leye
484 1041 586 1064 arces.
610 1050 653 1056 --
668 1041 744 1073 paq.
762 1033 823 1064 179
845 1043 872 1064 v.
891 1034 932 1064 18
953 1034 1183 1066 restituendum
1206 1034 1350 1067 eximior.

207 1085 270 1116 181
291 1093 319 1115 v.
335 1084 376 1114 61
398 1082 468 1114 vide
487 1082 579 1123 infra
600 1083 646 1115 ad
659 1094 736 1125 paq.
751 1085 824 1116 227.
851 1104 890 1108 -
907 1095 983 1126 paq.
1000 1086 1062 1116 185
1085 1096 1111 1118 v.
1128 1087 1150 1117 3
1171 1085 1232 1127 leye
1254 1086 1447 1119 venerande.

207 1137 270 1167 186
303 1134 372 1166 XX
398 1134 468 1166 vide
489 1134 744 1176 Abhamdlunyen
765 1135 785 1168 l.
802 1146 827 1168 e.
845 1147 920 1177 pay.
939 1138 1010 1168 186.

206 1188 270 1219 189
301 1186 320 1218 l.
357 1188 380 1218 3
401 1186 440 1218 ab
462 1186 539 1218 imo:
562 1186 730 1230 [laveno]
749 1188 786 1220 in
805 1199 874 1228 yen.
891 1189 975 1220 1230
991 1203 1031 1217 =
1052 1188 1201 1230 Gyprian.
1225 1189 1270 1220 ed.
1296 1189 1335 1221 R.
1352 1189 1466 1229 Peiper
1481 1200 1557 1231 pay.
1572 1191 1623 1223 48.

208 1240 270 1270 190
284 1237 356 1271 XX
362 1237 471 1270 Vvide
492 1238 747 1280 Abhandlunyen
769 1239 788 1272 l.
805 1250 830 1271 e.
854 1259 895 1263 -
919 1241 982 1272 192
1004 1240 1023 1272 l.
1041 1242 1062 1271 8
1083 1241 1123 1272 ab
1147 1241 1207 1273 imo
1230 1241 1291 1282 leye
1312 1241 1419 1273 ‘carm
1443 1242 1585 1274 LXXII
1598 1242 1661 1274 28³.

207 1291 269 1323 195
290 1301 317 1322 v.
333 1291 375 1321 13
397 1289 549 1322 carminis
576 1290 614 1322 de
635 1290 757 1323 Karolo
785 1294 814 1323 et
836 1292 939 1324 Leone
960 1302 987 1324 v.
1010 1294 1051 1323 13
1073 1292 1175 1333 (Poet.
1195 1293 1307 1331 1366)
1335 1294 1458 1336 spargit
1486 1293 1527 1325 ad
1557 1297 1643 1326 astra
1672 1305 1764 1326 suum

400 1341 536 1374 Carolus
558 1352 618 1374 rex
639 1353 758 1375 nomen
782 1344 924 1386 opimum
947 1347 1109 1384 comparat
1130 1345 1304 1377 Manitius.

208 1395 271 1426 199
291 1404 321 1427 v.
359 1395 380 1424 6
400 1393 531 1426 restitue
552 1395 651 1426 nutrit
673 1396 852 1438 apostolico
875 1396 1001 1428 roseida
1023 1397 1098 1428 vina
1119 1407 1214 1430 novo.

205 1448 270 1479 200
291 1456 318 1478 v.
333 1446 376 1478 21
397 1455 484 1478 nunc
506 1445 647 1487 Hauptii
667 1448 878 1480 coniecturam
894 1448 1046 1488 praefero
1069 1449 1251 1490 corriqentis
1271 1449 1428 1481 Beuohell
1449 1459 1517 1481 noa.

208 1500 272 1531 201
293 1508 321 1530 v.
339 1497 380 1528 15
400 1496 465 1538 leye
486 1508 606 1540 magna
628 1498 707 1540 e(t);
728 1498 871 1532 elisiones
892 1500 981 1540 apud
1002 1499 1166 1532 sedulium
1181 1511 1317 1541 paucae,
1339 1501 1394 1533 sed
1415 1503 1525 1532 certae.

205 1552 270 1583 204
302 1549 367 1582 XL
400 1549 595 1582 Duemmlem‘
625 1551 806 1583 coniectura
828 1551 1011 1592 plenissime
1039 1553 1255 1596 confirmatur,
1288 1549 1413 1585 exstant
1441 1552 1524 1584 enim
1556 1551 1701 1584 Coloniae
1730 1553 1766 1584 in

398 1601 527 1634 eeclesia
549 1601 581 1635 S.
600 1602 751 1635 Gereonis
767 1604 894 1644 priores
923 1604 986 1636 duo
1007 1615 1115 1636 versus
1143 1604 1245 1646 lapidi
1271 1604 1423 1644 insculpti
1451 1604 1511 1636 hae
1539 1607 1614 1636 nota
1637 1604 1765 1636 chrono-

401 1653 500 1694 loyioa
521 1653 740 1694 subsequente:
772 1654 877 1687 OBIT
905 1649 970 1688 ffl
996 1649 1141 1688 INOAff
1161 1650 1243 1688 Dffi
1267 1654 1479 1688 DCCOLXII
1498 1656 1566 1688 IIII
1589 1655 1648 1688 KL
1671 1655 1766 1692 IVL;

400 1706 441 1747 ef.
463 1706 504 1738 F.
527 1706 570 1739 X.
592 1706 708 1739 Kraus
731 1707 881 1748 Inseript.
910 1707 1024 1741 Christ.
1048 1709 1093 1741 ΙΙ
1106 1709 1170 1740 261
1192 1719 1223 1740 n.
1247 1708 1323 1747 552,
1357 1708 1413 1740 ubi
1439 1711 1544 1740 tamen
1570 1707 1766 1748 epitaphium

399 1758 443 1790 ad
463 1758 625 1790 saeculum
647 1761 789 1791 octavum
807 1770 976 1801 perperam
997 1760 1144 1800 refertur.
1188 1771 1280 1792 versu
1295 1762 1314 1792 1
1337 1759 1421 1800 lapis
1442 1760 1542 1792 codici
1562 1758 1766 1799 adstipulans

398 1809 715 1843 HILDEBERTVS
750 1811 884 1851 praebet.
913 1830 954 1835 —
980 1822 1005 1844 c.
1036 1812 1123 1844 XLI
1143 1813 1181 1844 8.·
1217 1812 1282 1844 dele
1315 1812 1548 1844 adnotationem
1589 1821 1690 1843 meam
1727 1810 1765 1842 de

398 1862 583 1905 cornigeris.

206 1917 270 1948 211
303 1914 332 1946 L
355 1916 374 1945 1
402 1914 495 1946 nobis
517 1914 626 1946 aventi
647 1914 774 1953 mirum,
797 1915 913 1947 mir-ias
933 1915 1018 1955 quod
1039 1915 1138 1957 patris
1160 1915 1237 1947 almi
1259 1916 1297 1956 (i.
1313 1915 1463 1956 φίεσιῃή)
1484 1925 1595 1947 nomen
1609 1914 1765 1946 reticetur.

401 1976 446 1998 an
468 1965 589 1998 Aventi
607 1976 668 2006 pro
691 1965 846 1998 Adventii
862 1967 997 2007 posuit?
1017 1967 1057 2007 cf.
1080 1967 1124 1998 ad
1145 1978 1170 1998 e.
1193 1967 1338 1999 LXXII
1348 1969 1389 1999 17
1406 1977 1480 2008 paq.
1495 1967 1568 1999 224.

205 2020 270 2051 214
291 2029 319 2050 v.
335 2019 380 2050 23
400 2017 487 2060 refer
508 2017 672 2050 mendosis
694 2018 808 2061 plastis
829 2019 873 2050 ad
895 2018 1002 2061 digna.

205 2071 270 2103 216
291 2081 319 2103 υ.
335 2070 378 2102 56
399 2069 525 2102 melius:
546 2069 628 2102 haee
643 2080 767 2112 sugam,
790 2071 872 2103 siout
893 2071 970 2112 (sibi
985 2071 1094 2112 codex)
1114 2081 1218 2113 spero.
1235 2088 1277 2094 —
1293 2081 1320 2102 c.
1338 2070 1427 2102 LIX
1446 2081 1474 2102 v.
1489 2070 1531 2102 25
1554 2070 1590 2101 in
1603 2071 1765 2110 apparatu

401 2121 479 2163 leye:
503 2123 544 2155 25
565 2125 640 2154 ante
662 2122 784 2155 francia
806 2123 864 2156 del.
887 2123 1007 2166 gaudia
1033 2123 1066 2156 0.
1091 2142 1131 2147 —
1153 2125 1218 2155 224
1239 2134 1267 2156 υ.
1282 2124 1326 2155 22
1347 2122 1408 2163 leqe
1430 2126 1489 2156 tot.

205 2175 270 2206 226
298 2173 317 2205 l.
357 2175 377 2204 6
398 2174 438 2205 ab
465 2174 544 2206 imo:
571 2185 609 2206 ea
638 2174 841 2206 adnotatione
867 2175 1047 2215 adpellatus
1079 2175 1128 2207 vir
1158 2174 1210 2206 ille
1236 2175 1523 2207 venerandissimus
1552 2175 1587 2206 in
1615 2174 1764 2214 Inseript.

403 2225 519 2258 Christ.
543 2225 634 2258 Rani.
651 2226 695 2258 II
707 2236 784 2267 pay.
800 2226 865 2258 458
885 2227 1054 2267 respondit.

205 2278 271 2309 227
291 2287 319 2309 v.
357 2278 378 2308 9
400 2277 542 2317 Haupt&
555 2277 736 2310 coniectura
751 2278 926 2318 improbata
941 2278 1077 2319 corrulo:
1099 2278 1240 2320 quisquis
1255 2288 1382 2310 amarus
1406 2278 1436 2309 ei
1458 2278 1494 2309 fit
1518 2288 1614 2309 rauco
1631 2280 1764 2320 pectore

399 2327 540 2369 Codrus,
569 2329 624 2361 olli
653 2329 697 2361 fel
725 2330 854 2366 refluat;
887 2330 1033 2361 similiter
1059 2329 1174 2369 falsam
1207 2330 1488 2369 interpunctionem
1510 2339 1682 2369 posueram
1703 2330 1767 2361 172

397 2391 425 2413 v.
442 2382 492 2419 71,
515 2380 571 2412 ubi
592 2381 824 2421 eorriyendum:
855 2381 996 2424 quisquis
1026 2381 1187 2413 Homerus
1214 2381 1251 2422 (i.
1269 2382 1380 2421 poeta)
1408 2384 1495 2413 amat
1525 2381 1609 2412 hunc
1631 2380 1764 2423 pulchro

399 2431 507 2464 dicere
522 2442 617 2464 versu
639 2455 646 2463 .
663 2457 670 2464 .
688 2456 712 2472 .‚
735 2431 860 2464 desinat
875 2433 929 2464 ille
945 2433 1037 2475 niger
1052 2434 1109 2474 (se.
1125 2433 1213 2472 esse),
1237 2433 1277 2464 sit
1293 2433 1404 2474 cignus
1420 2442 1590 2469 amoenus;
1613 2433 1687 2464 item
1704 2433 1765 2463 181

397 2494 426 2516 v.
442 2485 492 2522 61,
514 2484 568 2515 ubi
589 2483 688 2524 legas:
711 2485 854 2527 quisquis
869 2484 1031 2516 Homerus
1055 2487 1142 2516 amat
1165 2484 1225 2516 hoc
1240 2494 1358 2516 nomen
1375 2484 1483 2516 dicere
1499 2494 1594 2516 versu
1618 2509 1625 2516 .
1642 2508 1650 2516 .
1668 2508 1687 2524 .‚
1710 2484 1765 2515 ille

398 2535 439 2567 sit
460 2536 493 2567 in
514 2536 636 2578 populo
660 2535 774 2568 doctus
797 2536 887 2568 Maro
912 2536 1059 2568 Caesaris
1083 2537 1173 2568 alter.

0 2579 27 2626 Ε
40 2623 47 2630 ,
206 2587 271 2618 230
291 2596 318 2619 υ.
333 2587 378 2618 22
398 2597 443 2619 an
465 2587 693 2630 splendescunt
715 2588 824 2620 omnia
846 2587 967 2620 laude?

205 2638 269 2670 235
290 2648 319 2671 v.
334 2639 377 2669 36
398 2637 460 2679 leye
482 2639 518 2670 in
539 2642 719 2679 murata:
741 2640 860 2671 christo
885 2639 917 2671 B
938 2650 1018 2672 corr.
1041 2639 1161 2679 Hayen.

205 2691 270 2722 238
313 2689 357 2722 II
399 2689 480 2722 male
506 2692 628 2723 nuscum·
649 2691 742 2723 haec:
773 2702 800 2725 v.
817 2693 838 2722 6
858 2691 975 2723 tellum.
997 2694 1026 2722 et
1048 2701 1098 2729 ea,
1120 2701 1147 2722 v.
1164 2692 1206 2721 33
1228 2693 1336 2733 parte,
1360 2701 1385 2722 v.
1401 2692 1443 2721 34
1466 2690 1532 2729 lite,
1555 2701 1586 2723 v.
1601 2693 1644 2722 48
1667 2693 1764 2733 atque

398 2753 526 2784 gresus;
556 2745 628 2783 post
653 2754 680 2776 v.
701 2745 745 2774 38
771 2745 922 2783 quattuor
947 2742 996 2774 illi
1021 2753 1129 2774 versus
1154 2742 1314 2774 inserendi
1340 2745 1429 2780 sunt,
1458 2743 1515 2782 qui
1543 2742 1632 2782 apud
1659 2753 1707 2774 me
1728 2745 1765 2774 ut

398 2804 525 2826 carmen
539 2794 703 2834 peculiare
724 2798 809 2835 (pay.
824 2795 889 2826 238
903 2794 938 2835 I)
960 2793 1115 2835 leguntur.

1507 2854 1561 2880 95*
