2060 3074
221 170 282 200 ⁴98
878 168 1014 195 Hslmci
1034 169 1210 195 CARMINA.

587 254 733 296 Indignis
758 255 863 297 magis
887 255 942 287 illc
967 255 1057 287 favet
1080 267 1139 298 per
1162 257 1294 288 saecula
1317 257 1428 289 dicens

588 306 639 337 Nil
666 307 756 348 prius
782 318 855 338 csse
881 307 941 338 sibi
966 318 1061 349 quam
1086 308 1173 339 iussa
1197 308 1365 340 facessere
1389 308 1509 340 Christi

588 357 710 399 Bisque
736 358 816 389 mori
841 362 974 401 propter
998 359 1119 391 domini
1144 363 1322 403 praecepta
1346 363 1505 402 paratum.

511 422 549 440 370
590 409 616 440 O
640 412 765 451 patrem
791 421 916 442 summo
941 411 1124 453 splendoris
1150 411 1290 443 culmine
1314 412 1459 453 dignum,

587 461 615 492 Ο
640 461 702 492 sibi
727 462 780 503 qui
805 462 968 504 propriam
992 463 1113 505 refugit
1136 463 1324 506 dependere
1348 464 1459 501 vitam,

587 512 716 554 Quique
740 512 801 545 deo
827 514 950 554 vivens,
974 515 1072 546 immo
1097 515 1147 547 cui
1172 516 1282 547 vivere
1308 515 1468 554 Christus,

588 564 752 596 Fraternis
778 565 918 597 animam
941 566 1065 597 mavult
1088 577 1251 609 opponere
1277 567 1386 598 lucris.

587 616 675 658 Ergo
700 620 864 648 memento
889 618 962 660 piis,
986 622 1080 660 pater
1104 630 1133 658 o,
1158 619 1335 661 persistere
1359 619 1494 661 coeptis:

513 681 550 699 375
589 668 662 699 Non
689 668 792 700 deerit
816 672 928 701 sancto
953 670 1100 701 bravium
1126 689 1166 693 —
1194 671 1293 702 michi
1318 670 1412 703 crede
1437 689 1475 693 —
1499 670 1613 702 labori.

629 719 772 762 Legatos
796 720 916 753 hilares
941 722 1028 753 subit
1051 723 1209 754 exultatio
1233 723 1340 765 digna,
1616 727 1647 752 Ut
1667 727 1799 754 diaconem
1817 738 1870 761 pro

587 771 746 814 Quodque
772 773 838 803 suis
863 773 947 804 votis
971 774 1123 816 dignatur
1147 775 1262 806 cedere
1286 775 1426 818 praesuL
1601 771 1704 803 fraude
1727 773 1871 805 increpave-

586 823 644 855 Bis
669 827 797 856 centum
822 829 974 867 promunt
997 826 1156 858 instructo
1179 838 1314 858 munere
1339 826 1448 858 soldos
1718 820 1759 840 Μ·

586 876 682 907 Dona
706 876 784 908 viro.
830 877 966 909 Praesul
990 889 1054 909 non
1078 881 1204 910 tantum
1228 890 1363 911 munere
1388 879 1492 910 laetus

511 941 549 960 εει]
587 928 731 970 Pignore
755 940 851 971 quam
874 929 950 962 fidei
975 930 1181 963 commendat
1204 935 1321 963 cuncta
1345 931 1502 963 ministro.

587 980 692 1012 ‘Haec
717 991 797 1023 cape
822 981 918 1013 nunc'
943 982 1055 1014 dicens
1080 985 1128 1015 ‘ac
1152 986 1184 1015 te
1210 983 1424 1015 succumbere
1446 994 1553 1015 noxae

587 1032 696 1071 Disce,
721 1033 807 1075 quod
830 1034 862 1065 in
886 1034 1024 1066 miseros
1048 1035 1196 1067 fraudem
1220 1034 1395 1066 meditatus
1419 1045 1541 1077 egenos

587 1084 742 1116 Malveris
767 1095 839 1116 esse
863 1088 973 1118 tenax.
1019 1086 1103 1118 Nam
1127 1087 1164 1126 si,
1188 1087 1273 1128 quod
1298 1087 1426 1119 tradere
1451 1087 1543 1123 iussi,

590 1136 757 1168 Cessisses
783 1138 891 1177 solito,
917 1138 1047 1170 Christo
1071 1138 1235 1171 tribuente
1259 1139 1368 1171 refuso

513 1201 550 1219 385
589 1188 654 1220 Ter
678 1191 808 1220 centum
833 1200 972 1232 caperes
997 1190 1154 1222 hodierno
1178 1191 1312 1223 faenore
1338 1189 1469 1223 soldos.’

588 1240 719 1272 Invadit
742 1240 880 1272 formido
903 1242 1068 1274 hominem
1093 1246 1221 1275 secreta
1244 1246 1354 1275 reatus

589 1292 754 1325 Germano
778 1294 925 1337 patuisse
949 1295 1007 1326 sui.
1053 1294 1127 1327 Non
1151 1306 1230 1327 saue
1254 1299 1367 1338 putato

588 1345 661 1376 Hoc
684 1345 812 1385 mirum,
836 1346 922 1378 bone
947 1347 1005 1386 vir,
1030 1349 1121 1378 tanto
1147 1347 1231 1389 quod
1256 1347 1370 1379 clausa
1392 1347 1573 1390 prophetae

592 1396 706 1428 Cordis
731 1397 832 1435 hiant,
857 1398 973 1440 plenus
997 1399 1102 1430 sancti
1126 1399 1181 1441 qui
1205 1399 1336 1431 numine
1360 1399 1456 1430 flatus

513 1462 552 1481 390
591 1449 661 1480 Iam
685 1448 765 1480 deus
790 1452 850 1487 est,
873 1450 937 1481 iam
963 1450 1089 1482 divinos
1113 1452 1247 1482 sortitur
1269 1451 1419 1483 honores.

631 1501 724 1532 Neve
749 1501 821 1543 opis
845 1501 995 1544 indiguos
1019 1502 1133 1535 dilatio
1156 1503 1257 1535 multa
1280 1506 1440 1546 gravaret,
1619 1505 1800 1539 UtLeporium
1816 1515 1873 1531 cnm

588 1553 763 1585 Accelerat
786 1557 945 1596 raptoque
969 1555 1083 1597 gradu,
1108 1565 1170 1597 quo
1194 1558 1270 1587 vota
1293 1556 1471 1597 requirunt,
1651 1549 1704 1574 ἀἶ’
1722 1549 1837 1575 visitarit.

591 1605 822 1637 Praestaturus
845 1606 940 1638 adest
962 1607 1071 1639 missis
1097 1607 1329 1639 comitantibus
1352 1607 1465 1641 isdem.

590 1657 678 1697 Mox,
702 1660 867 1700 tamquam
891 1659 1067 1691 manifesta
1091 1660 1180 1691 salus
1203 1660 1353 1701 ingressa
1376 1659 1529 1698 subisset,

513 1723 550 1741 395
588 1709 772 1751 Expectata
796 1711 896 1752 patris
921 1711 1047 1743 relevat
1068 1711 1257 1753 praesentia
1282 1714 1424 1743 cunctos.

587 1761 651 1792 Hic
675 1764 762 1792 artes
786 1762 950 1794 medicum
976 1766 1072 1795 notas
1096 1763 1212 1795 efferre
1236 1763 1380 1794 videres:

586 1813 673 1844 Hinc
697 1813 815 1855 pietas‚
841 1813 929 1845 illinc
953 1814 1101 1857 perfecta
1124 1815 1242 1857 peritia
1267 1814 1379 1846 claret.

590 1865 754 1898 Sternitur
779 1869 812 1898 et
837 1866 1003 1899 Christum
1028 1868 1124 1899 solito
1149 1870 1332 1909 prostratus
1356 1866 1471 1899 adorat

589 1917 679 1949 Tunc
702 1919 807 1960 magis
831 1919 899 1950 alta
922 1922 1049 1962 petens,
1072 1919 1167 1951 fieret
1191 1930 1264 1951 cum
1287 1919 1419 1961 pronior
1442 1920 1537 1951 arvis.

513 1982 552 2001 400
590 1970 734 2002 Auribus
758 1970 833 2002 hinc
858 1972 986 2014 superis
1011 1972 1114 2004 oratio
1139 1972 1213 2003 fusa
1237 1971 1387 2006 salubris,

589 2021 650 2053 Cui
674 2022 828 2054 lacrimae
852 2023 966 2055 fecere
991 2024 1075 2055 viam
1101 2034 1199 2066 super
1223 2026 1310 2055 astra
1332 2023 1463 2059 volanti,

589 2073 717 2105 Gaudia
740 2075 916 2106 multorum
943 2079 1128 2107 mercantur
1150 2075 1284 2107 flumina
1308 2085 1454 2116 quarum.

587 2126 703 2158 Invisit
726 2125 884 2167 dominos,
908 2128 1024 2159 invisit
1047 2127 1187 2170 denique
1212 2137 1340 2163 servos;

588 2178 736 2210 Certanti
761 2178 868 2210 studio
894 2179 1071 2212 indiscreta
1094 2179 1213 2211 cubilia
1236 2179 1368 2211 lustrat:

513 2243 550 2261 405
589 2230 748 2262 Omnibus
773 2231 949 2263 aethereas
972 2232 1118 2274 impertit
1140 2232 1211 2263 iure
1234 2231 1389 2263 medelas.

589 2282 695 2313 Unius
720 2283 827 2325 spatio
852 2294 903 2315 res
929 2287 981 2316 est
1005 2283 1158 2316 confecta
1180 2282 1260 2319 diei;

588 2333 662 2365 Una
686 2333 756 2366 dies
783 2335 908 2366 cunctis
933 2335 1016 2366 fudit
1039 2335 1184 2367 fomenta
1209 2334 1331 2366 salutis.

588 2386 668 2418 Post
692 2386 766 2418 hinc
792 2386 987 2429 digreditur:
1014 2387 1165 2419 dominus
1190 2386 1362 2418 comitatur
1385 2389 1515 2418 euntem

589 2437 665 2480 Ipse
689 2438 815 2478 domus,
839 2438 983 2480 gaudent
1007 2439 1167 2481 reparatis
1191 2438 1313 2470 viribus
1339 2447 1460 2468 omnes.

515 2502 553 2521 410
590 2489 731 2522 Plausus
754 2490 876 2532 ubique
902 2493 1007 2531 sonat,
1031 2490 1186 2533 pulchrae
1209 2492 1242 2522 et
1265 2488 1445 2521 modulatio
1469 2488 1592 2520 laudis:

328 2584 433 2609 Scholia
454 2599 482 2601 —
504 2583 555 2609 368
575 2584 656 2618 prius]
676 2586 762 2611 carius
861 2584 912 2611 383
931 2586 1054 2618 Virgilius
1073 2585 1129 2616 (Ge.
1149 2584 1250 2616 1397):
1270 2584 1378 2611 ‘Tenvia
1397 2594 1442 2618 per
1459 2585 1559 2610 ¹saelum
1578 2592 1626 2609 nec
1648 2583 1708 2609 lans
1725 2582 1783 2616 (nec
1801 2583 1875 2609 lanne

223 2636 267 2659 per
294 2628 393 2653 caelum
424 2627 505 2660 γεω-9.)
533 2628 628 2654 vellera
655 2629 722 2654 ferri'
750 2629 828 2661 (ferrc
854 2628 888 2662 P)
1010 2628 1061 2654 393
1088 2627 1182 2661 missis]
1211 2629 1311 2654 nunciis
1427 2627 1479 2654 408
1506 2629 1568 2653 Post
1593 2625 1663 2660 hinc]
1690 2635 1771 2652 unum
1798 2630 1874 2652 vacat

223 2668 274 2695 410
292 2669 411 2703 Plausus]
431 2672 523 2696 Letitia

325 2747 375 2773 384
394 2750 479 2774 refuso
497 2748 529 2781 P]
548 2750 646 2775 refusos
658 2749 783 2775 Boscltiues
853 2750 889 2776 ad
909 2749 961 2776 391
979 2749 1123 2775 visitaverit
1134 2749 1226 2775 ΒοεοΙι.
1297 2748 1348 2775 393
1366 2749 1464 2775 hisdem
1477 2749 1502 2774 P
1569 2746 1621 2774 409
1638 2747 1756 2773 dominus
1772 2755 1838 2773 cor-r.
1852 2747 1877 2774 P

328 2824 378 2851 369
400 2824 452 2857 Cfr.
473 2825 538 2852 Hor.
561 2825 587 2852 C.
608 2826 661 2852 III
668 2827 691 2858 9,
708 2826 747 2852 15.
