2040 2996
265 141 304 171 52
799 138 987 165 PASCHASH
1006 137 1194 165 RADBERTI
1213 138 1390 164 OARMINA.

1062 259 1122 291 III.

458 322 523 357 AD
552 321 815 358 PLACIDIUM
843 322 903 357 DE
931 322 1160 358 CORPORE
1188 322 1248 358 ET
1277 321 1517 358 SANGUINE
1544 322 1721 359 DOMINI.

632 396 742 438 Regis
766 397 856 428 adire
880 407 994 428 sacrae
1018 397 1072 438 qui
1095 397 1143 428 vis
1169 397 1341 428 sollemnia
1363 407 1508 433 mensae,

633 448 829 479 Almificum
854 448 974 480 Christi
999 459 1116 490 corpus
1141 449 1331 490 contingere
1355 448 1450 486 votis,

633 499 787 532 Delicias
811 500 911 539 vesci,
935 511 1066 532 roseum
1090 503 1203 543 potare
1228 510 1389 531 cruorem:

633 551 766 583 Bachia
789 554 902 583 nostra
922 552 1031 591 velim⁷
1054 562 1156 594 puero
1181 562 1264 594 quae
1288 552 1435 583 misimus
1459 551 1548 591 olim,

634 603 685 634 Et
707 603 822 634 niveos
847 606 938 635 casto
963 603 1084 635 condas
1107 604 1139 635 in
1164 607 1297 647 pectore
1321 604 1428 635 flores.

632 655 777 687 Rustica
799 655 882 687 forte
906 656 1014 690 animo
1039 655 1181 695 sordent,
1207 655 1265 687 sed
1288 656 1387 687 mella
1410 655 1588 687 manabunt

633 707 794 748 Tantum,
820 718 904 750 quae
930 708 1073 739 calamus
1098 707 1219 739 Christi
1243 707 1284 739 de
1307 707 1397 739 fonte
1421 707 1596 738 ministrat:

633 759 739 791 Unde
763 770 845 801 puer
866 759 970 801 possit
994 760 1102 791 saltim
1125 759 1332 801 restinguere
1358 759 1456 797 sitim,

633 811 678 843 Si
700 811 802 843 libeat
825 811 921 853 digne
946 812 1064 843 sectari
1088 811 1178 843 iussa
1201 811 1355 843 tonantis.

551 871 575 890 1⁰
631 863 789 896 Libertas
813 864 935 895 etenim
959 863 1052 895 Fidei
1075 874 1251 905 numquam
1275 862 1417 905 abnegat
1440 863 1498 894 ulli

633 915 791 947 Eximios
816 914 901 947 vitae
925 915 1050 947 fructus
1075 914 1115 947 de
1139 915 1265 957 cespite
1289 915 1406 946 carnis.

634 967 730 1008 Vita,
755 967 853 1007 salus,
875 977 952 1009 pax,
975 968 1043 1007 lux,
1069 967 1230 1009 sapientia
1253 966 1393 1008 denique
1418 966 1543 998 cunctis

634 1020 723 1051 Inde
747 1022 858 1051 manat
880 1030 940 1062 per
962 1030 1023 1051 eon
1048 1019 1130 1051 caeli
1155 1018 1215 1050 sub
1239 1018 1371 1050 cardine
1396 1018 1527 1059 quadro.

634 1072 692 1103 Tu
715 1081 845 1113 quoque
868 1071 1057 1102 muneribus
1082 1070 1109 1102 si
1132 1070 1248 1112 dignus
1273 1070 1396 1101 vixeris
1419 1070 1502 1109 istis,

551 1132 575 1150 15
634 1123 797 1165 Accipies
821 1123 963 1165 palmam
988 1122 1081 1164 regni
1105 1122 1225 1154 virtute
1249 1122 1377 1154 beatus.

1065 1312 1124 1344 IV.

375 1379 440 1415 AD
469 1377 706 1414 KAROLUM
734 1377 899 1414 REGEM
927 1377 987 1413 DE
1016 1376 1247 1413 CORPORE
1275 1376 1336 1412 ET
1365 1376 1605 1413 SANGUINE
1631 1376 1812 1414 DOMINI.

635 1452 777 1484 Idoneae
802 1446 886 1484 nunc
910 1463 996 1484 nunc
1020 1452 1130 1495 gelida
1153 1451 1194 1483 de
1218 1462 1298 1494 rupe
1322 1451 1488 1484 Camenae

634 1505 680 1537 Ut
702 1505 846 1545 veniant,
869 1505 1029 1548 petimus:
1054 1515 1167 1536 verum
1190 1507 1234 1545 te,
1260 1504 1384 1547 Sophia
1406 1505 1509 1546 virgo,

633 1558 804 1600 Fulgentis
827 1558 959 1590 niveum
983 1568 1066 1600 quae
1091 1568 1203 1589 servas
1226 1558 1355 1589 culmen
1379 1557 1510 1599 Olimpi,

635 1610 748 1642 Aurea
770 1610 828 1641 lux
851 1610 1007 1642 mundum
1031 1610 1197 1642 inradians
1221 1610 1274 1641 cui
1297 1610 1420 1642 vertice
1444 1610 1549 1651 surgit

635 1661 678 1693 Et
700 1662 857 1694 Phoebae
881 1662 991 1694 radios
1014 1662 1113 1694 faties
1136 1661 1325 1704 gratissima
1347 1662 1458 1701 mittit,

634 1713 809 1756 Componit
832 1714 986 1746 humeros
1010 1714 1122 1756 ignitis
1146 1724 1301 1756 purpura.
1313 1713 1460 1755 gemmis,

634 1765 815 1808 Deprecor,
840 1769 876 1797 ut
898 1766 1049 1808 precibus
1073 1765 1218 1808 digneris
1242 1765 1359 1806 cedere
1383 1766 1512 1805 nostris,

632 1817 733 1859 Regis
758 1821 791 1849 et
814 1817 856 1849 ad
880 1818 997 1850 solium
1021 1828 1079 1860 pro
1104 1818 1275 1850 maiestate
1299 1817 1477 1850 verendum

634 1869 771 1902 Incessu
794 1880 949 1912 properes
973 1869 1109 1912 gravido
1134 1870 1290 1912 vultuque
1314 1869 1471 1902 modesto.

550 1928 575 1946 ¹0
633 1921 678 1953 Ut
701 1932 810 1954 coram
835 1922 975 1961 steteris,
999 1921 1103 1953 nitido
1128 1922 1175 1953 sic
1199 1932 1254 1954 ore
1273 1921 1434 1964 loquaris:

631 1973 715 2005 ‘Rex
734 1974 854 2005 virtute
877 1977 1003 2016 potens,
1028 1973 1172 2016 sophyae
1189 1984 1286 2015 quem
1310 1973 1466 2016 splendor
1486 1973 1634 2014 adornat,

371 2101 437 2136 [HL]
458 2104 654 2136 [ascriptionem
671 2106 788 2138 praefixi.
819 2105 853 2130 1η
874 2105 896 2130 G
916 2105 987 2139 hieip
1007 2114 1097 2131 versus
1117 2105 1243 2138 paschasii
1262 2105 1367 2130 ratberti
1385 2105 1418 2130 ad
1437 2106 1576 2138 placidiam
1595 2106 1757 2140 discipulum,
1775 2107 1803 2132 in
1816 2107 1842 2132 P
1856 2107 1923 2133 niluil

264 2147 412 2172 inscribitur
506 2147 516 2172 l
540 2156 610 2173 sacre
631 2148 669 2173 Gb
721 2149 837 2181 solepnia
857 2149 895 2174 Gb
949 2158 1035 2175 mense
1057 2149 1094 2174 G'b
1193 2147 1210 2173 2
1228 2148 1358 2181 contigere
1380 2149 1418 2173 Gb
1509 2148 1526 2173 3
1545 2149 1644 2175 delitias
1665 2150 1703 2175 Gb
1789 2149 1807 2175 4
1824 2151 1923 2176 Baebia

267 2189 298 2214 P‘
318 2190 357 2214 P¹⁴
377 2190 448 2215 Mon.
467 2192 548 2216 21516
566 2191 638 2216 Mon.
652 2193 722 2217 4608
739 2192 855 2217 nondum
873 2191 951 2225 com]
969 2193 1077 2218 Bachica
1093 2193 1140 2220 θς
1231 2191 1247 2217 6
1266 2192 1407 2217 manebunt
1419 2200 1434 2220 ς
1452 2193 1502 2217 ‘nisi
1519 2193 1588 2225 quod
1603 2202 1692 2218 verum
1709 2194 1785 2218 etiam
1802 2194 1829 2219 in
1841 2194 1881 2219 1²¹¹
1899 2198 1924 2219 et

265 2232 384 2265 Sanqall,
471 2233 486 2258 7
504 2235 555 2259 Hic
573 2238 674 2260 tantum
691 2235 805 2260 calamus
823 2244 839 2263 ς
861 2240 968 2268 praeter
993 2237 1042 2261 Iste
1067 2240 1152 2261 tamen
1182 2236 1297 2261 calamus
1316 2235 1356 2259 P¹‘
1402 2244 1452 2267 que
1470 2235 1544 2261 1³⁴Gb
1628 2235 1645 2260 8
1663 2237 1737 2262 Unde
1754 2237 1822 2262 sitim
1840 2237 1923 2270 possis

266 2277 406 2309 flammasq.
425 2277 575 2309 extinguere
595 2276 738 2310 (extingere
751 2277 801 2310 1³¹¹)
820 2279 909 2304 mortis
926 2287 940 2306 ς
999 2279 1088 2304 saltem
1104 2279 1126 2304 G·
1220 2277 1236 2302 9
1254 2278 1341 2303 scitari
1357 2278 1379 2303 G
1471 2277 1504 2303 13
1522 2283 1609 2305 manat
1626 2288 1671 2312 per
1688 2288 1737 2305 eon
1755 2280 1886 2306 caeli'sub
1899 2279 1925 2305 P

264 2326 326 2359 (nisi
347 2328 416 2360 quod
437 2315 493 2361 gon,
517 2329 560 2354 ubi
578 2338 593 2354 a
611 2337 656 2354 sec.
676 2338 746 2354 man.
765 2330 863 2355 videtur
886 2330 1015 2363 additum)
1033 2335 1056 2356 et
1068 2329 1094 2363 ς]
1120 2335 1207 2356 manat
1231 2331 1295 2356 caeli
1319 2339 1420 2363 semper
1443 2331 1492 2355 sub
1512 2331 1535 2356 G
1553 2331 1605 2356 duo
1624 2332 1698 2358 codd.
1711 2331 1836 2357 Marmei
1858 2332 1922 2357 Inde

265 2371 322 2396 fluit
340 2375 419 2397 testor
437 2372 502 2397 caeli
521 2372 569 2397 sub
587 2376 707 2404 quattuor
725 2373 800 2398 codd.
820 2373 900 2398 Mart.

369 2413 434 2447 [1v.]
451 2415 646 2447 Inscriptionem
654 2416 777 2449 praefixi,
795 2415 863 2442 deest
874 2416 902 2441 in
916 2416 954 2441 1³¹¹
1027 2415 1039 2440 l
1054 2417 1160 2451 idoneae
1170 2415 1221 2448 P‘¹]
1235 2417 1359 2442 audenter
1372 2415 1505 2448 Mamilio)
1551 2418 1652 2450 gelidae
1663 2417 1697 2442 M
1763 2418 1780 2444 3
1791 2419 1880 2445 lumen
1890 2418 1925 2444 Μ

265 2456 282 2481 6
300 2458 480 2490 componitque
499 2458 533 2482 M
617 2458 648 2483 11
667 2460 765 2492 sophye
783 2459 822 2484 P“

369 2533 438 2567 [HL]
467 2535 478 2560 1
500 2534 590 2561 Sedul.
609 2543 630 2561 c.
645 2544 674 2568 p.
688 2536 756 2569 prol.
778 2537 790 2562 1
810 2544 861 2569 sqq.
886 2536 1032 2562 Paschales
1051 2536 1220 2570 quicumque
1243 2537 1328 2571 dapes
1349 2537 1465 2563 conviva
1483 2537 1600 2570 requiris
1621 2537 1690 2571 ΙΙΙ..
1710 2538 1836 2565 modicae
1855 2547 1921 2566 con—

265 2586 360 2611 tentus
381 2586 426 2612 adi
446 2586 581 2613 solemnia
600 2596 718 2614 mensae.
798 2589 814 2614 4
833 2596 869 2621 sq.
889 2588 1002 2614 Librum
1019 2588 1158 2622 siqnifoeat,
1176 2597 1252 2622 quem
1269 2588 1393 2615 Flac-idio
1411 2589 1525 2615 Warirw
1543 2589 1714 2623 inscripserat
1731 2588 1762 2616 de
1778 2589 1839 2622 fide.
1875 2589 1921 2617 De

265 2636 366 2664 baebia
383 2637 441 2664 vide
454 2638 537 2671 1244
625 2641 641 2665 ι’)
663 2640 716 2672 Cfr.
737 2639 824 2667 Radb.
843 2648 863 2666 c.
879 2640 920 2673 11,
937 2640 962 2666 3.
1051 2640 1066 2666 7
1087 2640 1164 2666 Tm‘st.
1182 2640 1211 2674 V,
1232 2641 1255 2672 1,
1274 2640 1307 2667 37
1332 2641 1367 2667 de
1391 2641 1470 2667 fonte
1487 2640 1638 2668 ministrat.
1725 2642 1743 2668 8
1761 2642 1819 2668 Ecl.
1837 2642 1867 2676 V,
1885 2642 1920 2669 47

266 2688 342 2715 sitim
361 2689 535 2724 restinguere
553 2691 621 2718 rivo.
711 2693 743 2720 13
764 2692 817 2726 Cfr.
838 2692 926 2720 Radb.
945 2701 966 2720 c.
986 2693 1009 2726 Ι,
1030 2693 1087 2720 107.
1108 2693 1160 2720 Per
1179 2701 1231 2720 eon
1249 2693 1296 2725 cfr.
1311 2701 1339 2726 p.
1351 2692 1395 2720 43.
1484 2693 1517 2719 14
1536 2692 1589 2725 (ἵν.
1611 2693 1697 2720 Raab.
1716 2701 1736 2719 c.
1755 2693 1778 2726 Ι,
1798 2695 1839 2720 91.

370 2741 438 2776 [1V.]
465 2743 477 2768 1
497 2743 563 2769 Aen.
581 2743 659 2777 VIII,
683 2744 734 2771 343
758 2744 852 2779 gelida
877 2766 900 2772 ..
926 2745 977 2772 sub
1002 2753 1070 2780 rupe
1096 2745 1239 2780 Lupercal.
1345 2746 1362 2771 4
1383 2745 1489 2772 luz-em.
1506 2745 1566 2778 III,
1593 2746 1625 2772 lz')
1652 2746 1699 2772 lux
1726 2754 1811 2772 aurea
1835 2746 1920 2776 vitare,

268 2795 300 2820 10
318 2802 337 2820 e.
354 2802 378 2828 9.
399 2795 468 2821 Aen.
483 2796 505 2830 Ι,
525 2798 575 2823 614
594 2797 633 2822 sic
652 2805 698 2823 ore
717 2797 810 2824 locuta
829 2800 878 2825 est.
