2092 3094
252 204 313 234 274
847 201 1015 228 CARMINA
1034 200 1300 228 CENTULENSIA.

250 291 285 320 ut
308 298 411 319 omncs
433 288 578 326 deinceps
600 286 714 318 codicis
737 287 843 318 titulos
870 287 1041 327 producam
1074 288 1243 326 temporum
1266 287 1394 320 indiciis
1421 289 1560 329 maryini
1586 289 1739 329 adpositis
1759 292 1816 321 aut
1847 290 1899 330 iis,

250 350 330 380 quac
353 340 496 371 carmina
513 348 595 378 prae
618 347 649 369 se
671 338 744 377 ipsa
765 339 883 378 serunt,
907 340 965 369 aut
987 339 1036 376 iis,
1061 347 1139 377 quae
1162 346 1260 377 supra
1282 340 1464 380 recuperavi
1486 340 1626 373 aliunde.

356 391 422 431 Quo
448 390 531 430 facto
559 389 735 420 carminum
761 390 879 426 seriem
896 390 1123 429 perspiciemus
1151 399 1215 420 esse
1239 390 1400 429 triplicem.
1447 390 1559 423 Prima
1587 395 1644 431 est,
1673 403 1752 433 quae
1780 395 1900 427 constat

250 456 264 475 e
294 443 434 475 Miconis
462 441 669 483 amplioribus
694 442 852 481 operibus,
882 442 999 479 titulis,
1033 441 1216 481 epitaphiis,
1248 442 1496 482 epigrammatis,
1530 444 1552 476 i.
1581 454 1605 475 e.
1635 445 1843 479 I—LXVII
1870 451 1901 480 et

254 495 386 527 CLII—
395 494 549 527 CLXXI.
594 493 680 524 Huic
702 493 827 533 reliqua
850 494 1011 532 carmina,
1038 494 1060 524 i.
1089 503 1113 524 e.
1137 493 1430 533 LXVIII—CLI,
1459 495 1506 526 ita
1535 496 1720 536 interposita
1748 501 1836 539 sunt,
1864 503 1901 532 ut

250 549 424 587 sequantur
447 545 676 586 epitaphiorum
699 545 907 584 appendicem.
946 544 1119 576 Praeterea
1130 555 1188 584 per
1210 555 1287 584 eam,
1311 556 1390 585 quae
1411 547 1561 586 sequitur,
1586 549 1762 580 carminum
1789 552 1899 584 seriem

246 599 370 638 passim
398 597 543 629 carmina
570 597 795 638 disperguntur
822 607 837 628 e
869 597 948 629 serie
975 596 1130 628 Miconis:
1162 597 1277 628 scilicet
1307 597 1775 640 LXXXIII—LXXXVII,
1806 603 1899 644 XCI,

253 649 415 682 CII—CI
419 649 455 680 V.
498 648 588 680 Haec
617 649 760 680 carmina
789 649 907 689 scripta
935 650 1010 679 sunt
1038 648 1078 679 ab
1104 658 1190 680 anno
1216 649 1280 680 825
1309 649 1352 680 ad
1377 660 1497 681 annum
1519 651 1593 683 853.
1639 652 1783 685 Secunda
1805 656 1901 688 series

252 703 423 734 mazimam
445 703 570 742 partem
601 701 795 740 componitur
822 711 838 732 e
863 700 1057 740 Frcdiyardi
1090 700 1297 739 carminibus,
1323 702 1344 733 i.
1375 711 1400 734 e.
1427 702 1496 733 LX
1502 702 1760 736 VIII—CXIX.
1813 707 1900 747 Quae

252 753 396 785 carmina
419 753 459 784 ab
473 763 503 784 a.
520 753 583 783 861
605 752 649 783 ad
662 763 693 784 a.
709 754 772 783 871
790 753 985 793 pertingunt.
1026 751 1134 783 Tertia
1155 751 1287 792 denique
1309 753 1413 792 series,
1436 754 1471 784 in
1494 764 1557 793 qua
1579 756 1725 788 carmina
1747 758 1901 796 quaedam

253 805 359 844 Odulfi
382 807 410 836 et
427 803 622 845 Frediyardi
643 804 839 842 exhibentur,
858 814 917 845 per
940 806 1109 843 temporum
1132 804 1272 836 ordinem
1295 805 1395 836 currit
1417 805 1491 836 inde
1513 805 1553 837 ab
1576 807 1639 837 864
1662 808 1741 847 (859
1749 808 1782 850 ,9)
1803 819 1902 851 usque

248 857 293 888 ad
313 858 386 888 866.
430 855 566 887 Numeri
587 856 655 887 eius
676 857 752 887 sunt
777 855 1004 888 CXX—CLI.

353 907 455 946 Haec,
478 918 546 939 cum
569 907 647 939 mihi
666 917 767 947 paene
789 909 873 939 certa
895 916 959 938 esse
982 907 1171 944 viderentur,
1194 909 1298 939 tamen
1320 918 1385 939 non
1407 917 1506 939 ausus
1529 918 1597 940 sum
1619 909 1765 942 adhibere
1787 913 1842 952 ita,
1866 915 1903 945 ut

250 960 283 990 in
307 959 440 991 editione
462 959 556 990 aliter
579 960 723 990 carmina
745 959 949 998 disponerem,
971 969 1009 990 ac
1031 959 1177 999 {ementur
1198 959 1233 990 in
1256 960 1363 992 codice.

671 1190 1144 1231 CARMINUM
1189 1191 1476 1230 INDEX.

724 1289 755 1324 Ι,
795 1288 982 1324 Miconis
1008 1290 1151 1332 series,
1174 1300 1279 1334 pars
1300 1289 1430 1334 prior.

596 1364 631 1406 a)
654 1362 793 1394 Miconis
816 1362 973 1394 codiculus
996 1374 1026 1394 a.
1042 1364 1106 1394 825
1130 1364 1266 1403 scriptus
1288 1363 1364 1405 (cfr.
1387 1364 1451 1395 III
1469 1374 1495 1395 v.
1514 1365 1558 1401 5).

248 1417 355 1448 Brux.
380 1416 485 1446 10470

266 1468 326 1509 fol.
345 1470 364 1498 1
421 1467 451 1499 I.
548 1466 676 1508 (OPVS
700 1465 911 1507 MICONIS.)

266 1520 325 1562 fol.
344 1522 386 1551 12
422 1519 471 1551 ΙΙ.
547 1518 782 1550 Kalendarium
804 1519 955 1550 vetustius
981 1518 1162 1550 Centulensi
1185 1519 1424 1559 interpolatione
1446 1521 1581 1552 auctum.

265 1571 327 1613 fol.
347 1573 398 1602 13¹
422 1571 491 1603 III.
546 1570 674 1610 incipit:
697 1570 767 1601 Iam
792 1571 866 1612 quia
890 1573 976 1602 retro
999 1571 1036 1611 (i.
1054 1581 1078 1602 e.
1096 1571 1142 1607 I.)
1166 1571 1288 1612 aliquid
1311 1571 1406 1613 tetigi
1429 1572 1562 1610 metrice

612 1647 619 1654 .
645 1647 652 1654 .
678 1646 685 1652 .
707 1622 780 1653 volo
803 1633 888 1653 nune
913 1623 1012 1654 etiam
1035 1623 1184 1664 prosaice
1206 1625 1260 1654 cte.
1775 1635 1804 1656 a.
1829 1625 1903 1660 825.

1006 1709 1039 1745 b)
1063 1709 1149 1740 tituli

477 1761 513 1796 α)
536 1761 572 1791 in
598 1759 718 1792 Christi
741 1760 894 1799 imayincs
1363 1761 1399 1801 β)
1421 1760 1457 1791 in
1479 1761 1677 1801 scriptorium

266 1821 328 1863 fol.
344 1821 386 1852 35
421 1821 445 1852 I
449 1820 483 1852 V.
548 1820 622 1852 Hae
639 1820 758 1852 renitet
773 1821 901 1862 species
917 1821 1020 1862 geniti
1037 1822 1130 1864 geni-

833 1873 922 1904 tricis
946 1873 979 1904 in
1003 1874 1085 1905 aede

958 1924 1019 1966 fol.
1042 1927 1095 1956 35¹
1138 1925 1171 1956 Γ.
1255 1925 1304 1956 ΙΝ
1327 1925 1456 1957 DOMO
1481 1925 1778 1959 SCRIPTORVM.

735 2022 760 2023 φ
1135 1977 1192 2009 VJ.
1252 1977 1301 2008 IN
1326 1976 1496 2009 SE'rlco.

426 2027 502 2060 VII.
548 2027 597 2058 IN
619 2027 762 2060 FIGVR

427 2078 524 2110 VIII.
549 2079 597 2110 IN
621 2073 839 2112 ORVOIFIX

418 2131 484 2164 IX.
549 2131 670 2163 ITEM.

419 2183 462 2215 X.
551 2183 673 2215 ITEM.

420 2235 486 2266 XI.
547 2235 596 2266 IN
620 2234 778 2267 CRVCE.

269 2286 324 2326 fol.
341 2289 383 2318 36
421 2287 505 2319 XII.
548 2286 668 2318 ITEM.

1130 2330 1233 2362 XIII.
1256 2340 1283 2362 ν.
1307 2332 1383 2370 Isq.
1406 2329 1528 2361 ITEM.

1233 2392 1280 2426 fv.
1303 2384 1382 2422 Ssq.
1408 2381 1641 2414 SIMILITER
1688 2381 1749 2413 DE
1798 2380 1903 2413 PRO-

1599 2432 1860 2466 SPERITATE.

418 2484 514 2518 XIV.
544 2485 666 2518 ITEM.

1130 2536 1207 2568 XV.
1254 2536 1432 2568 scribentis
1455 2536 1549 2568 labor
1571 2537 1704 2578 ignaris.

609 2626 639 2662 c)
662 2623 806 2655 carmina
828 2623 864 2655 de
883 2622 979 2665 festis
1009 2622 1202 2655 Christianis
1216 2633 1278 2662 per
1300 2622 1366 2654 dies
1388 2622 1545 2654 ordinata.

419 2682 454 2714 X
461 2682 514 2714 VI.
546 2683 611 2714 Oro
635 2683 668 2714 in
690 2684 794 2725 prima
817 2683 922 2715 fronte
946 2686 1076 2715 nostrae
1101 2683 1295 2726 inceptionis
1319 2685 1371 2715 etc.

267 2733 329 2776 foc.
345 2735 398 2765 36‘
548 2734 696 2776 (MVSA)
722 2734 782 2766 DE
806 2734 978 2766 NATALI
999 2734 1173 2767 DOMINI.

271 2786 331 2828 fol.
348 2788 401 2817 37.
542 2786 666 2818 MVSA
690 2786 750 2818 DE
776 2786 984 2835 epRPQRE
1009 2786 1201 2835 onmem.

543 2838 667 2870 MVSA
693 2838 766 2880 <DE
791 2838 817 2870 F
842 2838 911 2870 sei
936 2837 1170 2880 STEPHANJ.
