2040 2996
261 82 320 112 172
819 78 963 105 SEDULII
982 78 1111 105 SCOTTI
1129 77 1297 105 CARMINA
1314 78 1350 105 H.

624 166 728 206 Nunc,
750 165 837 197 bone
860 167 983 208 pastor,
1007 175 1077 204 ave,
1102 168 1233 196 sanctos
1258 165 1423 207 comperte
1442 165 1587 204 labores,

671 217 751 248 Post
774 218 837 248 iter
860 227 1028 248 emensum
1053 226 1149 256 nune⁷
1172 216 1257 247 bone
1280 218 1403 258 pastor,
1426 227 1497 249 avc.

547 276 570 293 ’ὦ
625 268 737 300 Suasit
760 279 850 300 amor
873 269 993 300 domini
1016 272 1082 300 tam
1107 269 1221 310 longos
1245 269 1378 300 volvere
1402 269 1523 310 cyclos,

670 320 724 352 Ire
748 320 818 352 vias
843 320 940 351 duras
966 320 1069 351 suasit
1093 330 1183 352 amor
1206 319 1341 351 domini:

625 372 713 404 Vicit
735 373 798 404 iter
820 373 927 414 pietas
950 372 1124 414 prolixum⁷
1147 372 1246 403 robur
1269 375 1302 403 et
1325 372 1460 408 almum;

672 424 824 455 Eximiae
847 424 925 456 fidei
947 424 1024 455 vicit
1047 424 1110 456 iter
1133 424 1247 466 pietas.

625 476 784 508 Fervidus
809 477 891 508 arsit
913 487 1004 520 amor
1025 477 1166 519 pastoris
1189 475 1326 507 tendere
1349 475 1497 515 Romam,

543 535 568 553 ⁶⁰
673 528 792 560 Visere
816 531 981 571 pastorem
1004 528 1149 560 fervidus
1174 528 1254 559 arsit
1277 538 1375 560 amor.

627 579 681 611 Sic
704 580 780 611 fidei
803 581 955 612 meritum
980 591 1039 612 ceu
1062 580 1165 622 iaspis
1189 590 1320 621 gemma
1343 580 1492 616 virescit;

672 632 718 663 Ut
742 632 834 663 labor
855 632 1003 671 increvit,
1029 632 1074 664 sic
1098 631 1174 664 fidei
1198 632 1358 663 meritum.

626 684 743 715 Nonne
766 683 900 715 berillus
925 694 999 716 eras
1023 684 1226 726 sexangulus
1250 687 1325 715 ante
1350 683 1510 715 decorus?

672 736 711 767 In
735 736 858 778 templo
883 736 1004 768 domini
1028 747 1136 768 nonne
1161 736 1299 768 berillus
1323 739 1416 768 eras?

547 795 571 813 ⁰5»
624 788 720 819 Nunc
744 787 907 830 pretiosus
931 788 1010 820 ades
1036 788 1162 819 cunctis
1185 791 1362 830 gratusque
1386 791 1533 830 topazus,

672 839 775 871 Nobis
799 839 961 882 Zaphirus
986 850 1071 871 nunc
1094 840 1256 882 pretiosus
1280 840 1368 872 ades.

625 891 781 933 Quisquis
804 894 892 923 amat
915 891 1055 923 reditum
1077 892 1160 923 tanti
1183 892 1325 934 pastoris
1348 892 1531 931 honestum,

674 943 809 975 Cunctis
834 946 981 986 optatum
1005 943 1152 985 quisquis
1177 947 1264 975 amat
1288 943 1438 975 reditum.

626 995 750 1027 Affluat
772 996 840 1037 ipse
865 995 960 1027 bonis
985 1006 1044 1038 per
1068 995 1207 1027 candida
1231 996 1363 1027 saecula
1386 995 1522 1034 cunctis,

543 1055 568 1073 ⁷0
675 1047 830 1080 Gaudens
852 1048 1011 1079 inmensis
1036 1048 1150 1079 affluat
1173 1048 1245 1090 ipse
1268 1047 1374 1079 bonis.

627 1099 783 1141 Quisquis
807 1099 973 1131 Homerus
998 1102 1086 1130 amat
1109 1099 1195 1130 huno
1218 1100 1356 1141 pulchro
1380 1099 1490 1131 dicere
1515 1110 1612 1131 versu

673 1151 722 1182 Ac
745 1161 900 1182 resonare
923 1151 1010 1182 melo
1034 1151 1181 1193 quisquis
1204 1150 1367 1183 Homerus
1390 1154 1492 1189 amat;

626 1203 766 1235 Desinat
789 1203 844 1234 ille
868 1203 963 1244 niger
986 1213 1113 1243 corvus,
1138 1203 1180 1234 sit
1204 1203 1318 1245 cignus
1342 1214 1510 1242 amoenus,

672 1255 739 1286 Per
760 1255 865 1287 Phebi
889 1255 996 1297 cyclos
1020 1254 1149 1286 desinat
1171 1255 1227 1286 ille
1250 1255 1358 1297 niger:

547 1314 570 1333 ⁷⁵
625 1307 675 1339 Sit
698 1307 799 1339 decus
823 1307 856 1338 in
879 1307 1010 1349 populis
1034 1306 1149 1338 doctus
1173 1306 1276 1346 Maro,
1300 1306 1406 1348 gloria
1428 1306 1560 1344 Musae;

673 1359 825 1402 Orpheus
850 1362 948 1401 atque
974 1369 1078 1390 novus
1103 1359 1145 1390 sit
1168 1358 1269 1390 decus
1294 1358 1327 1390 in
1350 1359 1490 1401 populis.

625 1454 731 1485 Duxit
755 1454 796 1485 ab
820 1454 901 1486 urbe
925 1453 1025 1485 decus
1049 1456 1201 1496 pastorea
1224 1453 1332 1484 fistola
1355 1456 1503 1484 nostrum

672 1506 834 1548 Musaque
857 1509 1023 1548 pastorem
1047 1505 1140 1536 duxit
1163 1505 1203 1536 ab
1227 1505 1308 1536 urbe
1332 1504 1442 1538 decus.

626 1557 766 1600 ‘Optime
790 1558 932 1600 praesul,
957 1556 1040 1597 ave',
1064 1557 1201 1588 reboent
1225 1557 1278 1599 pia
1302 1557 1447 1588 carmina
1471 1557 1625 1594 fratrum;

545 1618 569 1635 ⁸⁰
676 1609 886 1651 Scottigenae
910 1612 1077 1640 resonent:
1104 1608 1234 1651 ‘optime
1258 1609 1400 1651 praesul,
1424 1607 1506 1640 ave'.

1062 1748 1114 1770 v11.

585 1794 700 1826 IDEM
724 1794 786 1826 AD
808 1790 1274 1846 ASUPRAfMEMORATUM
1298 1793 1587 1828 PONTIFIOEM.

627 1860 811 1892 Frondibus
835 1861 867 1891 in
891 1861 1000 1892 salicis
1025 1860 1254 1902 suspendimus
1278 1871 1402 1902 organa
1425 1863 1554 1896 nostra;

675 1913 765 1948 Cana
788 1913 894 1944 hiems
918 1913 1021 1944 vetuit
1044 1923 1101 1943 nos
1126 1922 1280 1944 resonare
1305 1915 1438 1954 tropos;

627 1964 769 1996 Horrida
792 1965 922 1996 corvino
948 1964 1121 2006 squalebat
1143 1964 1280 1996 barbula
1303 1966 1423 2003 mento,

674 2016 831 2059 Asperior
854 2027 966 2048 ramno
991 2017 1100 2048 vultus
1125 2020 1261 2058 eratque
1285 2016 1402 2058 sopho:

627 2068 740 2100 Rauca
764 2068 902 2100 sonabat
925 2069 1011 2100 enim
1035 2071 1189 2110 pastores
1212 2068 1320 2099 fistola
1343 2071 1464 2107 nostra,

674 2120 743 2151 Nos
767 2120 843 2162 quia
866 2120 1012 2152 deseruit
1035 2123 1148 2162 pastor
1171 2120 1330 2152 honestus
1355 2131 1443 2151 oveS.

629 2172 774 2204 Indoluit
797 2176 863 2204 tam
887 2172 1010 2214 grande
1034 2173 1126 2204 nefas
1150 2172 1290 2204 verbosa
1314 2171 1459 2203 Camena

675 2224 718 2255 Et
742 2225 875 2266 cigneos
899 2225 1007 2256 vultus
1032 2224 1157 2256 abdidit
1181 2225 1253 2267 ipsa
1278 2235 1371 2255 suos:

627 2277 732 2309 Fonte
757 2278 918 2309 camenali
942 2279 1059 2320 glauco
1079 2277 1284 2309 ‘circumdata
1306 2277 1403 2319 peplo

547 2337 572 2356 ¹0
677 2330 872 2361 Summersit
894 2330 1013 2362 flavum
1038 2340 1131 2361 sacra
1154 2330 1265 2371 virago
1289 2331 1402 2371 caput;

365 2461 399 2486 55
427 2462 504 2486 ciclos
533 2470 631 2493 semper
648 2461 669 2485 (⁷
763 2460 797 2485 (35
824 2461 955 2494 preciosus
977 2469 1076 2493 semper
1090 2460 1112 2485 Ο
1240 2457 1304 2492 [νη]
1330 2459 1362 2484 ed
1387 2459 1480 2484 G-rosse
1498 2468 1525 2492 p.
1546 2458 1579 2484 13
1597 2468 1648 2492 sqq.
1667 2468 1745 2492 usque
1763 2460 1800 2485 ad
1815 2469 1839 2485 υ.
1858 2459 1916 2492 136,

261 2515 298 2531 vv.
318 2504 456 2530 137—142
470 2514 498 2537 p.
517 2504 534 2529 G
553 2505 614 2529 adn.
702 2503 719 2529 3
737 2505 842 2529 corbino
857 2504 879 2529 (ζ’
895 2513 964 2529 corr.
986 2503 1078 2528 Grossc
1167 2502 1200 2528 10
1218 2503 1291 2535 virgo
1306 2502 1328 2528 C
1343 2511 1410 2527 corr.
1429 2503 1521 2534 Ilaupt

366 2581 398 2606 57
418 2581 485 2607 Aen.
511 2580 557 2613 VI,
577 2581 627 2606 688
647 2580 723 2606 Vicit
741 2580 796 2606 iter
814 2580 912 2606 durum
933 2580 1044 2614 pietas?
1167 2579 1232 2613 [vin]
1251 2579 1267 2604 2
1286 2579 1329 2604 Ps.
1349 2579 1407 2609 136,
1426 2579 1438 2604 1
1459 2586 1495 2612 sq.
1515 2579 1605 2612 Super
1622 2579 1738 2605 flumina
1756 2578 1917 2613 Babylonis,

262 2632 321 2658 illic
333 2632 454 2658 sedimus
473 2633 502 2658 ct
514 2632 648 2663 flevimus,
667 2641 729 2658 cum
743 2631 949 2658 recordaremur
962 2632 1042 2663 Sion;
1060 2632 1089 2658 in
1103 2631 1234 2657 salicibus
1252 2631 1281 2656 in
1300 2630 1392 2657 medio
1411 2630 1471 2656 eius
1483 2630 1677 2665 suspendimus
1689 2639 1796 2665 organa
1813 2633 1916 2657 nostra.

262 2684 278 2709 3
298 2683 351 2716 (ἔβη
370 2683 436 2710 Aen.
456 2683 497 2716 II,
515 2683 565 2709 277
584 2686 608 2709 et
620 2683 671 2717 IV,
691 2684 750 2710 251.
842 2685 858 2708 5
877 2683 967 2717 Sapra
985 2683 1038 2716 VI,
1063 2683 1103 2709 77.
1198 2683 1231 2708 10
1250 2682 1297 2709 Ge.
1317 2682 1368 2716 IV,
1386 2683 1434 2709 351
1455 2690 1492 2716 sq.
1513 2682 1650 2709 Arethusa
1663 2703 1669 2709 .
1683 2703 1708 2709 ..
1725 2683 1730 2715 l
1745 2682 1916 2716 prospiciens

264 2744 370 2762 summa
388 2735 489 2761 ssavum
510 2736 595 2769 caput
614 2735 717 2760 extulit
735 2735 818 2762 unda.
997 2730 1017 2750 ⁹
