2060 3074
604 67 615 83 ἱ

564 191 749 218 HUCBALDI
768 191 920 219 VERSUS.
950 191 1040 219 MILO
1059 191 1106 219 DE
1125 191 1364 219 SOBRIETATE.
1726 195 1788 225 613

500 277 618 320 Sicque
640 281 762 321 negata
784 279 872 321 prius
895 279 1088 311 commercia
1111 280 1205 322 plura
1227 283 1380 322 reportat.

500 329 590 370 Milo,
613 333 712 372 poeta
735 333 819 371 tuus,
842 341 902 362 rex
923 331 1136 363 illustrissime
1160 342 1284 374 regum,

501 381 624 413 Corvus
647 392 710 424 ego
734 383 892 414 crocitans
914 383 1027 415 humili
1049 386 1082 415 te
1105 393 1185 415 voee
1209 384 1324 423 saluto,

428 445 454 464 ao
498 433 644 465 Perfidus
667 434 722 466 ille
746 434 818 466 Noe
841 445 906 466 non
929 435 984 477 qui
1006 435 1060 478 pia
1083 435 1224 467 claustra
1246 436 1376 478 refugit,

502 485 569 517 Sed
592 486 646 528 qui
668 496 763 518 mane
786 486 875 528 pium
898 487 997 529 pavit,
1022 487 1076 529 qui
1098 498 1235 530 vespere
1259 491 1378 520 vatem.

502 537 673 580 Multiplici
696 541 803 569 vestro
827 539 903 580 quia
924 549 1015 570 mens
1038 549 1113 570 mea
1136 539 1242 571 fervet
1264 550 1385 580 amore,

499 589 574 621 Hoc
595 589 674 620 satis
697 590 851 631 exiguum
874 590 1056 622 transmitto
1080 601 1200 633 poema
1221 602 1414 634 precorque,

501 641 546 672 Ut
569 641 627 673 tibi
650 644 720 673 tuta
743 643 828 674 salus
852 646 885 674 et
907 653 1026 685 perpes
1049 644 1152 685 gloria
1175 647 1290 676 cuncto

429 705 453 723 ³⁵
498 693 661 735 Tempore
685 693 726 724 sit
748 694 845 733 vitae,
870 694 974 726 donec
995 695 1167 726 translatus
1190 695 1232 727 ad
1256 698 1343 727 astra

502 745 584 776 Cum
607 745 735 777 Christo
758 756 901 787 maneas,
925 747 1038 789 vigeas
1062 757 1134 778 cum
1157 747 1289 790 regibus
1312 748 1414 787 almis,

501 796 614 839 Sitque
638 807 681 828 ex
703 800 735 828 te
758 798 877 839 genitis
900 799 980 830 felix
1004 799 1165 831 successio
1188 800 1291 841 regni.

502 847 652 880 Carmina
674 849 748 891 lege
773 853 893 891 carent,
917 851 944 882 si
967 851 1112 893 praemia
1134 851 1222 883 nulla
1245 854 1417 883 merentur.

943 965 985 986 111.

136 1015 299 1052 UTILIA
325 1015 452 1051 TELA
479 1015 671 1052 SACRAE
697 1015 987 1053 PARCITATIS
1013 1017 1264 1053 ADVERSUS
1289 1017 1491 1062 COQUUM
1519 1018 1788 1054 BABYLONIS

135 1075 197 1112 DE
236 1075 430 1112 DIVINAE
470 1075 775 1112 SCRIPTURAE
815 1076 1093 1113 PHARETRIS
1133 1077 1327 1113 EDUCTA
1377 1077 1550 1114 STUDIO
1595 1077 1788 1114 MlLONlS

239 1135 541 1173 CAENOBITAE
569 1136 754 1173 AMANDI
775 1137 898 1182 *ALMI
925 1137 987 1173 AC
1017 1137 1159 1173 BEATI
1187 1137 1382 1174 CHRISTI
1408 1138 1687 1175 PRAESULIS.

376 1219 498 1252 HAEC
521 1219 691 1252 CAUSAS
715 1219 875 1252 OPERIS
899 1219 1063 1252 COEPTI
1088 1220 1346 1253 PRAEFATIO
1371 1221 1547 1253 PANDIT.

499 1280 666 1313 Sobrietas
690 1284 787 1323 caput
809 1281 904 1313 huius
928 1281 989 1313 crit
1012 1281 1148 1324 finisque
1173 1281 1285 1323 libelli,

498 1333 562 1364 Pro
586 1344 650 1376 qua
673 1332 838 1365 distinctas
861 1334 948 1366 acies
972 1333 1014 1365 ad
1036 1333 1124 1365 bella
1147 1335 1260 1366 vocavi

498 1384 644 1427 Telaque
669 1384 783 1417 divinis
807 1385 924 1428 collegi
947 1386 1040 1428 plura
1063 1385 1231 1428 pharetris.

498 1436 575 1468 Milo
599 1437 803 1469 sacerdotum
826 1437 974 1469 minimus
997 1438 1183 1480 peccamine
1208 1449 1352 1480 magnus,

443 1502 455 1520 ⁵
499 1489 633 1521 Praesul
656 1489 816 1530 Amande,
841 1493 929 1522 tuam
953 1490 1007 1532 qui
1030 1490 1143 1532 scripsi
1165 1491 1306 1522 carmine
1330 1491 1440 1530 vitam,

499 1540 595 1573 Hunc
618 1551 691 1583 ego,
715 1541 826 1582 lector,
851 1552 950 1573 ovans
973 1542 1099 1573 calamo
1123 1545 1272 1574 currente
1295 1543 1412 1586 notavi,

499 1592 581 1624 Cum
603 1593 779 1624 monachos
801 1596 927 1625 nostros
949 1593 1015 1624 iam
1037 1593 1222 1635 vespertina
1245 1593 1365 1624 sinaxis

500 1643 642 1686 Gogeret
665 1644 707 1676 ad
729 1644 840 1676 solitos
864 1644 1019 1676 dicendos
1042 1645 1190 1677 cantibus
1213 1645 1360 1687 hymnos,

500 1696 700 1728 Immeritum
723 1707 775 1728 me
799 1699 884 1728 stare
909 1696 1008 1728 choro
1033 1699 1108 1728 tunc
1131 1697 1285 1739 compulit
1307 1696 1386 1728 ordo

428 1761 453 1780 ιο
496 1748 699 1780 Maerentem
721 1758 780 1791 pro
803 1759 900 1780 causa
923 1749 1050 1780 animae
1074 1748 1297 1791 scelerumque
1320 1759 1477 1780 meorum.

500 1800 590 1832 Tunc
611 1803 804 1843 praecentor
825 1811 927 1843 agens
950 1800 1125 1832 fraternam
1148 1799 1209 1831 hac
1233 1810 1311 1831 voce
1335 1800 1501 1832 cohortem

501 1851 635 1884 Sustulit
658 1852 779 1884 elatum
802 1862 899 1894 super
921 1851 987 1882 alta
1011 1851 1178 1883 cacumina
1200 1851 1368 1883 rithmum:

500 1903 668 1946 ‘Hymnos‚
692 1914 711 1935 o
734 1903 821 1944 socii,
845 1906 974 1935 cantate
997 1906 1031 1935 et
1053 1903 1180 1934 cantica
1203 1901 1300 1935 Sion.'

501 1955 574 1992 Quo
597 1959 693 1988 cantu
715 1956 871 1988 admoniti
895 1956 948 1998 qui
971 1955 1102 1987 stabant
1124 1958 1194 1987 arte
1217 1956 1323 1997 periti,

430 2020 455 2039 ιε
498 2007 642 2039 Emissas
665 2008 802 2040 reboant
824 2008 891 2040 alta
914 2018 1016 2050 usque
1039 2007 1082 2039 ad
1105 2007 1212 2039 sidera
1234 2017 1344 2038 voces:

500 2058 663 2091 ‘Sedimus
686 2060 813 2102 ignotos
836 2059 925 2091 dirae
948 2058 1126 2101 Babylonis
1149 2057 1191 2090 ad
1213 2069 1335 2098 amnes,

502 2111 541 2143 In
564 2111 660 2143 ramis
682 2112 815 2144 salicum
840 2110 1064 2154 suspendimus
1088 2121 1212 2152 organa
1234 2109 1355 2142 nostra'
1379 2129 1420 2133 —

500 2163 650 2206 Namque
672 2163 724 2195 hic
746 2163 888 2206 psalmus
910 2166 989 2203 erat,
1014 2173 1110 2205 quem
1134 2165 1207 2194 tunc
1230 2162 1346 2194 chorus
1368 2162 1423 2194 ille
1447 2161 1585 2193 canebat
1607 2181 1649 2185 —

503 2214 546 2246 Se
569 2225 675 2258 neque
698 2226 795 2258 posse
818 2215 925 2247 aliena
947 2214 979 2246 in
1002 2217 1088 2246 terra
1112 2213 1219 2246 dicere
1245 2224 1375 2245 carmen

239 2360 275 2386 29
292 2362 419 2387 crucians
431 2361 459 2386 E
542 2360 600 2394 [Ιιι.]
618 2361 635 2386 5
653 2362 743 2395 scripsi
760 2362 805 2394 qui
819 2361 846 2386 Ε
929 2361 946 2386 8
964 2370 1056 2394 ymnos
1073 2370 1140 2386 corr.
1154 2361 1178 2385 A

241 2439 283 2464 30.
296 2438 328 2465 31
353 2437 407 2471 Grr.
426 2437 514 2465 Sonitu.
534 2437 562 2465 0.
585 2446 610 2471 p.
626 2438 646 2464 I
656 2438 799 2464 170-175.
892 2437 949 2471 [ιιι]
974 2437 991 2463 3
1018 2436 1075 2469 Cfr.
1096 2436 1161 2463 Aen.
1182 2436 1275 2463 V501.
1366 2437 1466 2463 13—-21
1496 2436 1572 2463 Psaz.
1592 2437 1672 2468 136,i
1704 2445 1787 2470 super

139 2488 255 2516 flumina
273 2489 424 2523 Babylonis
446 2489 506 2517 illic
529 2490 650 2516 sedimus
672 2491 701 2516 et
725 2489 863 2521 flevimus,
889 2498 951 2516 eum
976 2488 1183 2515 recordaremur
1202 2488 1276 2515 Sion.
1312 2489 1330 2514 2
1355 2488 1384 2514 in
1403 2488 1536 2515 salicibus
1560 2488 1588 2514 in
1611 2487 1703 2515 medio
1727 2488 1786 2514 eius

138 2541 332 2576 suspendimus
360 2550 467 2576 organa
493 2543 596 2569 nostra.
631 2542 648 2568 3
675 2541 743 2575 quia
770 2541 829 2567 illic
856 2540 1102 2574 interrogaverunt
1130 2548 1192 2571 nos,
1222 2539 1271 2574 qui
1297 2539 1424 2574 captivos
1447 2539 1588 2566 duxerunt
1611 2548 1674 2572 nos,
1703 2539 1786 2567 verba

138 2592 309 2619 cantionum.
339 2595 368 2620 et
386 2593 435 2628 qui
448 2593 627 2621 abduxerunt
644 2602 706 2620 nos:
725 2593 868 2627 ‘hymnum
886 2594 1000 2619 cantate
1012 2592 1093 2618 nobis
1112 2592 1146 2618 de
1165 2591 1282 2618 canticis
1296 2591 1382 2619 Sion'.
1413 2591 1430 2618 4
1448 2600 1504 2625 quo
1517 2591 1598 2618 modo
1611 2591 1786 2618 cantabimus

139 2644 279 2672 cauticum
297 2645 404 2673 domini
422 2645 452 2672 in
470 2647 546 2673 terra
563 2646 676 2673 aliena?
765 2645 796 2672 16
815 2644 944 2671 Rudent
962 2644 1032 2671 Diu.
1050 2644 1097 2671 23:

600 2706 674 2732 Gens
691 2705 880 2732 Hebraeorum
899 2704 1060 2739 peccamine
1079 2705 1164 2738 capta
1182 2704 1328 2738 frequente

600 2748 730 2776 Fleverat
747 2747 862 2775 exilium
880 2747 958 2774 dirae
977 2747 1128 2781 Babylonis
1146 2746 1182 2774 ad
1200 2755 1303 2773 amnes.

603 2791 675 2818 Tum
694 2791 800 2826 patrios
819 2792 931 2818 cantare
949 2790 1046 2818 modos
1064 2791 1214 2825 praecepta
1231 2790 1341 2816 recusat

552 2859 557 2863 .
603 2834 772 2870 Organaque
790 2834 820 2861 in
838 2834 922 2861 ramis
940 2833 1033 2861 salicis
1051 2832 1198 2867 suspendit
1215 2841 1334 2860 amarae.

243 2886 347 2914 Pom:
364 2894 447 2914 ιΑτιιιι
467 2894 526 2913 um
544 2886 670 2914 Guioum
689 2886 737 2920 111,
749 2885 774 2913 2.
1551 2883 1583 2910 78
