2060 3074
252 137 313 167 398

539 390 575 408 1⁸0

537 649 573 668 185

538 1013 575 1031 190

539 1274 576 1292 195

879 134 1080 161 BERTHARII
1100 134 1275 161 CARMINA.

614 221 718 252 Nocte
742 221 861 263 dicque
887 221 985 252 miser
1010 222 1181 263 spectabat
1203 222 1320 253 funera
1343 222 1467 260 mortis,

658 273 872 305 Obstaculum
896 274 1019 304 nullum
1043 284 1104 306 nec
1127 273 1289 305 medicina
1312 273 1426 310 dabat3

614 325 749 357 Concite
774 325 831 357 sed
855 325 1016 357 scandens
1041 326 1172 368 pietatis
1197 336 1332 358 munera
1355 337 1496 368 poscens

655 377 707 408 Ad
730 380 787 408 tua
811 377 998 409 conscendit
1023 378 1134 409 limina
1158 382 1281 418 sancta,
1304 381 1413 421 pater:

612 429 766 460 Evomuit
791 439 944 470 anguem,
974 430 1171 471 carpsit-qui
1197 430 1323 461 viscera
1346 430 1423 463 leto.

655 480 803 512 Perstitit
825 481 997 512 incolumis
1022 481 1096 513 hinc
1121 481 1244 523 pietate
1271 481 1333 513 dei.

613 532 719 563 David
743 533 827 564 alter
850 536 931 569 erat,
958 533 1072 574 genuit
1096 543 1192 575 quem
1218 532 1373 575 Cymbria
1395 533 1504 571 tellus,

656 584 799 626 Corpore
824 588 1023 624 contractus,
1048 584 1157 616 orrida
1182 585 1328 616 membra
1351 595 1488 626 gerens:

611 636 656 667 At
679 636 735 668 ubi
759 640 873 668 sancta
897 640 953 668 tua
980 637 1120 668 calcavit
1146 640 1250 679 septa,
1274 637 1382 677 beate,

660 687 797 720 Concite
823 689 970 720 salvatus
996 699 1125 731 semper
1148 689 1179 720 in
1204 689 1281 721 orbe
1306 689 1376 721 fuit.

719 777 962 814 PRECATIO
994 778 1091 814 PRO
1122 778 1177 814 SE
1203 778 1264 814 ET
1294 778 1426 814 ALIIS.

613 844 684 884 Eia,
707 847 801 887 pater
825 848 948 883 sancte,
975 847 1066 876 tanta
1090 845 1143 886 qui
1170 845 1274 886 gloria
1295 844 1396 886 fulgis

613 896 752 928 Sedibus
775 896 808 927 in
833 896 969 938 superis,
997 896 1121 928 Christi
1146 899 1179 928 et
1201 897 1325 938 pietate
1349 907 1508 935 coruscas,

612 947 692 980 Esto
716 949 780 979 tuis
803 948 933 980 famulis
960 951 1072 980 custos
1099 948 1277 990 doctorque
1302 959 1362 991 per
1384 959 1511 987 aevum,

611 1000 662 1031 Ne
685 1001 780 1042 lupus
804 1000 960 1032 insidians
988 1011 1047 1031 nec
1072 1000 1175 1032 hostis
1201 1000 1336 1042 pestifer
1359 1011 1511 1042 umquam

614 1052 664 1084 De
689 1063 788 1094 grege
813 1053 906 1083 tollat
929 1063 1032 1091 ovem,
1058 1053 1180 1084 retines
1206 1063 1303 1094 quam
1328 1053 1398 1084 iure
1423 1053 1529 1084 beato.

614 1103 733 1146 Meque
758 1109 850 1135 tuum
873 1104 1030 1135 famulum
1055 1104 1248 1136 commendo
1276 1104 1425 1135 Ber-thari
1450 1105 1600 1147 supplex,

614 1155 740 1187 Ductus
764 1166 873 1187 amore
897 1160 953 1187 tuo
978 1166 1115 1198 parvum
1139 1156 1194 1198 qui
1218 1156 1361 1188 carmine
1387 1156 1519 1198 compsi.

617 1208 667 1239 Tu
691 1219 820 1250 quoque
845 1208 1086 1250 cunctipotens⁷
1112 1209 1221 1239 salvas
1250 1208 1305 1250 qui
1330 1211 1447 1240 cuncta
1468 1211 1629 1250 potenter⁷

615 1260 679 1297 Qui
702 1260 829 1292 caelum
854 1263 1040 1302 terramque
1065 1260 1150 1302 regis
1177 1270 1237 1303 per
1260 1261 1402 1295 saecula.
1427 1260 1568 1299 Christe,

615 1312 691 1354 Ipse
715 1312 780 1343 tuis
805 1311 935 1343 famulis
959 1312 1088 1343 veniam
1111 1321 1170 1353 per
1194 1312 1327 1343 saecula
1350 1314 1475 1350 cuncta,

615 1363 660 1395 Ut
682 1367 739 1395 tua
760 1363 878 1394 salvati
902 1364 1084 1394 consistant
1099 1354 1216 1405 'gratia
1241 1374 1380 1405 semper,

615 1416 696 1448 Post
720 1416 852 1458 capiant
875 1426 936 1447 nec
960 1426 1024 1447 non
1051 1415 1206 1458 paradysi
1229 1415 1350 1457 gaudia
1373 1419 1486 1447 sancta

617 1468 662 1500 Et
685 1468 810 1500 tribuat
834 1467 982 1499 Christus
1007 1471 1135 1499 sanctas
1161 1468 1230 1499 sine
1254 1467 1319 1499 fine
1343 1478 1488 1499 coronas.
1525 1467 1643 1498 Amen.

482 1589 705 1623 EIUSDEM
726 1589 960 1622 CARMINIS
981 1588 1182 1620 EXEMPL
1191 1588 1259 1621 UM
1283 1588 1339 1620 IN
1342 1586 1667 1620 TERPOLATUM.

550 2222 575 2240 10

551 2482 573 2500 15

634 1671 819 1708 VERSUS
843 1671 993 1708 DOMNI
1019 1671 1270 1708 BERTHARI
1298 1670 1515 1706 ABBATIS.

615 1740 642 1771 O
666 1739 848 1771 Benedicte
872 1742 967 1782 pater
990 1739 1116 1771 cunctis
1140 1739 1354 1771 celeberrime
1378 1737 1484 1776 terris,

657 1790 721 1828 Qui
744 1792 969 1824 confessorum
993 1792 1123 1824 culmen
1146 1791 1279 1823 honoris
1304 1790 1424 1822 habes:

613 1844 661 1876 Te
685 1844 766 1876 deus
791 1855 810 1876 a
833 1854 936 1886 puero
960 1843 1084 1886 delegit
1108 1843 1247 1875 caelitus
1271 1836 1368 1884 atque

657 1896 805 1927 Instituit
829 1896 934 1927 sancti
957 1895 1112 1938 germinis
1139 1905 1212 1927 esse
1236 1897 1373 1938 patrem.

612 1948 661 1980 Tu
685 1949 748 1986 via,
773 1951 808 1979 tu
832 1948 958 1986 ductor,
983 1951 1018 1979 tu
1041 1951 1165 1990 pastor,
1190 1947 1304 1979 doctor
1327 1956 1451 1986 eorum,

655 2000 717 2037 Qui
742 2001 861 2043 spretis
884 2000 980 2032 terris
1005 2000 1128 2032 caelica
1150 2010 1253 2041 regna
1275 2001 1405 2042 petunt.

613 2052 663 2084 Tu
687 2052 803 2084 studiis
829 2052 947 2095 spretis
971 2052 1059 2084 orbis
1083 2051 1248 2083 dominam
1272 2051 1358 2093 fugis
1381 2051 1495 2082 urbem

657 2105 700 2136 Et
723 2104 846 2136 domini
869 2103 982 2136 subdis
1007 2104 1100 2136 mitia
1123 2104 1208 2136 colla
1231 2104 1318 2146 iugo.
1342 2122 1384 2127 ——

613 2157 663 2188 Tu
686 2157 840 2200 precibus
864 2157 951 2188 vasis
976 2156 1098 2188 solidas
1121 2155 1307 2198 fragmenta
1330 2154 1495 2197 dirempti,

655 2208 832 2251 Obsequiis
857 2209 974 2240 vestris
998 2207 1084 2251 quod
1106 2207 1281 2250 pedagoga
1303 2207 1390 2239 tulit.
1415 2225 1453 2229 —

614 2261 683 2293 Aes
708 2260 828 2304 lapidis
852 2261 943 2293 iactu
966 2260 1128 2302 confregit
1149 2260 1267 2292 lividus
1290 2259 1403 2299 hostis,

658 2313 760 2356 Signa
782 2313 881 2345 dabat
903 2323 1037 2345 mensae
1060 2312 1157 2355 quod,
1181 2311 1373 2351 Benedicte,
1397 2314 1494 2347 tuae:

616 2365 681 2398 Sed
704 2365 838 2397 minime
862 2365 990 2397 solitam
1014 2364 1074 2396 tibi
1097 2364 1226 2397 tradere
1250 2364 1371 2396 desinit
1394 2373 1504 2395 escam

659 2416 826 2449 Romanus
850 2417 971 2448 furtum
995 2416 1204 2459 surripiendo
1227 2416 1326 2459 pium.
1352 2434 1391 2438 —

611 2469 752 2511 Aptarat
774 2469 917 2510 paschae
948 2468 1008 2500 sibi
1032 2468 1169 2511 prandia
1191 2478 1310 2510 magna
1333 2467 1495 2505 sacerdos,

659 2520 724 2552 Sed
748 2521 805 2552 tibi
829 2531 902 2552 cum
926 2520 1064 2562 dapibus
1089 2520 1231 2552 destinat
1254 2520 1339 2551 hunc
1363 2519 1524 2551 dominus.
1551 2537 1591 2541 —

355 2617 403 2642 178
422 2617 589 2642 obstaculum
609 2617 644 2641 ⁸51:
656 2617 730 2641 codd.
803 2615 852 2641 179
870 2616 992 2642 Coneitus
1011 2617 1053 2641 hie
1068 2616 1097 2640 K
1166 2615 1214 2641 181
1233 2614 1354 2648 anguem]
1375 2615 1510 2639 colubrum
1523 2613 1553 2638 K
1586 2614 1638 2650 leto
1656 2617 1678 2638 et
1696 2613 1731 2637 sic
1749 2612 1900 2644 aliquotiens

251 2668 264 2696 ς
282 2670 331 2692 pro
350 2671 363 2686 e
379 2662 400 2686 (1
479 2660 529 2685 18ῦ
548 2662 593 2685 Ast
613 2661 641 2685 K
657 2665 679 2685 et
697 2669 728 2685 esc
740 2661 779 2685 sil.
795 2660 817 2685 Ο
897 2659 946 2685 186
965 2661 1026 2686 Mox
1040 2660 1082 2685 hic
1094 2660 1212 2685 saluatus
1227 2659 1255 2684 K
1300 2660 1326 2683 ἱιι
1345 2658 1417 2683 titulo
1436 2662 1460 2682 et
1479 2666 1524 2690 pro
1537 2657 1596 2681 aliis
1612 2656 1638 2681 K

250 2709 319 2729 tanto
338 2705 380 2736 qni
401 2713 505 2730 munere
525 2705 608 2737 fulgos
628 2703 656 2728 K
761 2702 805 2728 191
830 2711 908 2735 quam
926 2704 962 2728 sic
979 2703 1052 2728 codd.
1159 2702 1208 2728 193
1234 2711 1361 2736 parvuum
1379 2700 1424 2734 sic]
1445 2709 1523 2734 parvo
1542 2708 1618 2732 quem
1639 2699 1666 2724 K

249 2748 306 2772 duis
324 2749 388 2772 (ὀιιὶ.
411 2748 527 2780 Wejesnum
580 2746 681 2779 cuneta]
702 2751 788 2782 presta
810 2746 836 2770 K
941 2746 988 2771 197
1008 2748 1206 2778 ‹numism-unque
1225 2751 1269 2771 tuo
1289 2746 1382 2771 salvati
1402 2753 1506 2769 munero
1524 2751 1624 2776 semper
1647 2742 1672 2766 K

352 2800 361 2825 ἓξ
382 2799 411 2824 11
433 2801 465 2824 Es
483 2798 518 2826 (et
535 2808 598 2823 ‘raro

618 2803 663 2823 aut
681 2808 694 2823 e
710 2807 760 2830 pro
779 2807 809 2823 ae
827 2803 872 2822 au!
891 2805 905 2835 (ἰ
922 2808 971 2831 pro
990 2800 1015 2831 e)
1042 2799 1065 2823 V

1721 2654 1769 2680 187
1789 2656 1861 2688 Euge
1875 2653 1904 2678 K

1776 2698 1824 2723 19ιί
1844 2699 1899 2731 lpse
