2040 2996
266 158 284 187 2
749 153 838 180 VITA
858 153 966 179 ΒΕΑΤΙ
986 152 1207 179 LEUDEGARII
1226 151 1424 178 MARTYRIS.

264 242 345 281 foret
367 240 570 271 damnandus
593 242 622 270 et
644 239 815 279 lanquoris,
839 239 896 278 qui
918 239 1020 270 sciens
1036 238 1307 279 praetermitteret.
1351 237 1446 277 Quem
1467 237 1563 276 linem
1584 237 1621 267 ni
1629 247 1798 276 perperam
1819 236 1917 268 inter-

258 295 440 332 pretantur,
465 291 562 322 voluit
583 291 684 321 videri
706 291 810 330 ipsius
832 290 983 321 Pictavae
1005 289 1150 320 ecclesiae
1172 290 1324 320 minister.

369 343 430 374 Sed
455 343 511 374 hoc
538 342 793 381 confirmaturue,
822 342 852 372 si
874 342 910 372 in
932 351 1093 372 recensum
1115 351 1261 371 vocamus
1283 350 1364 379 quae
1385 339 1523 379 simplici
1549 350 1655 370 rerum
1677 350 1698 370 a
1721 339 1918 380 Leudeyario

262 397 422 435 qestarum
443 397 480 425 ut
502 394 540 425 ab
562 393 678 426 Ursino
702 393 843 424 traditur
864 392 1030 423 memoriae
1053 392 1223 423 admizerit
1246 392 1283 422 de
1304 391 1384 423 suo?
1412 391 1474 422 Est
1489 391 1517 422 ei
1531 391 1750 431 Leudeyarius
1758 394 1919 431 patronus

265 446 357 486 (prol.
373 448 442 484 27),
465 446 558 477 cuius
580 447 741 484 tamquam
768 445 804 475 in
825 444 967 475 sacrario
997 444 1060 483 (II,
1078 444 1139 474 504
1153 444 1234 483 sqq.)
1261 443 1377 474 libellos
1404 443 1531 483 deponit
1559 445 1596 473 ut
1622 453 1740 474 munus
1761 442 1920 482 quoddam

264 497 477 529 nataliciuml
506 496 597 537 (prol.
619 496 686 536 28).
731 495 778 526 At
805 505 1028 535 usquequaque
1051 494 1082 526 S.
1099 495 1279 534 Leudeqari
1309 494 1414 526 cultus
1441 494 1561 535 viqebat
1572 494 1592 525 ².
1639 493 1688 525 De
1710 494 1854 526 Isuxovio
1875 494 1918 535 (I,

267 551 329 580 179
340 551 419 590 sqq.)
436 549 561 589 profert
582 547 720 578 nominis
742 547 955 587 etymologiam
978 550 1007 578 et
1030 547 1269 586 descriptionem
1290 547 1434 587 rcqionis,
1458 556 1596 586 quarum
1613 556 1683 576 cum
1706 545 1784 576 alibi
1805 546 1920 577 mentio

265 612 329 632 non
350 601 439 640 facta
461 603 537 631 essct
555 600 594 632 G.
612 599 711 631 Paris
732 601 858 630 coactus
880 598 941 629 sibi
962 598 1127 629 videbatur
1148 598 1336 630 monachum
1358 609 1429 629 eum
1450 598 1562 629 ducere
1583 597 1813 629 Luxoviensem
1821 598 1843 629 ³.
1877 597 1921 629 In

266 663 326 692 quo
348 653 485 683 erravit:
507 662 614 692 nempe
636 662 718 691 quae
733 652 829 690 poeta
847 650 971 689 profert
994 650 1030 681 de
1047 650 1172 681 Isuxovi
1193 650 1267 688 situ,
1290 660 1491 690 nequaquam
1513 659 1551 680 ea
1572 659 1634 680 sua
1655 649 1802 680 videntur
1822 659 1921 689 neque

265 705 322 744 qui
349 705 418 735 suis
445 704 511 744 ipse
533 703 631 735 oculis
653 702 839 742 inspectavit
861 702 963 733 eodem
986 704 1090 733 tenore
1111 704 1227 733 narrat
1249 702 1386 733 eiusdem
1410 702 1471 733 loci
1492 704 1522 733 et
1536 701 1756 733 amoenitatem
1779 704 1808 732 et
1829 701 1920 732 steri-

267 755 404 793 litatem,·
437 758 530 795 atque
558 755 587 786 is
617 753 716 786 hercle
747 754 868 794 aptiore
896 753 959 785 loco
988 754 1063 784 inde
1089 764 1119 784 a.
1143 764 1170 784 v.
1193 754 1258 785 258
1284 764 1346 784 sua
1373 754 1410 784 de
1426 753 1542 793 patria
1564 753 1696 784 notitias
1727 753 1920 784 inseruisset.

270 808 355 847 Quid
377 810 482 838 tamen
503 805 635 837 haeres?
662 816 732 837 cum
747 805 854 836 omnia
876 805 937 836 sibi
958 805 1146 844 confinxerit
1167 816 1183 836 e
1204 805 1297 836 rebus
1319 816 1340 836 a
1366 804 1555 837 Columbano
1575 805 1679 845 yestis,
1701 815 1782 845 quae
1803 815 1824 835 ιι
1839 805 1922 836 Iona

267 859 437 890 Bobbiensi
459 858 681 890 exhibentur4:
711 868 749 888 eze
771 867 838 897 cap.
858 859 899 887 17
921 857 1012 888 habet
1033 857 1181 888 notitiam
1205 857 1353 888 torrentis
1374 857 1522 888 medicati
1547 867 1712 895 venarum,
1743 867 1782 888 ex
1804 857 1854 888 18.
1876 867 1921 897 sq.

267 911 382 950 quibus
396 910 428 942 S.
450 909 635 942 Columbani
655 908 796 948 piscatio
822 908 960 948 refertur
981 909 1086 940 amnis
1101 909 1222 948 piscosi
1237 919 1356 947 nomen,
1379 920 1418 940 ex
1439 910 1491 940 27.
1513 909 1648 949 fortasse
1666 908 1787 946 silvam,
1809 918 1848 939 ex
1868 909 1921 939 28.

267 962 364 993 obiter
386 961 460 993 lecto
483 961 687 992 sterilitatem.
730 959 775 991 Et
802 970 883 1000 quae
905 970 992 991 nunc
1014 960 1050 991 in
1071 959 1170 991 Ionae
1192 961 1258 991 vita
1279 970 1343 991 non
1366 961 1504 992 occurrit
1525 960 1704 1001 oriqinatio,
1727 970 1764 991 ea
1785 959 1834 991 ita
1854 961 1924 991 erat

267 1014 435 1046 coniuncta
459 1024 530 1044 cum
552 1013 584 1045 S.
605 1012 790 1044 Golumbani
811 1012 970 1050 memoria,
994 1014 1031 1043 ut
1052 1013 1108 1052 qui
1139 1012 1320 1044 chronicum
1343 1012 1540 1044 Luxoviense
1567 1023 1583 1044 e
1604 1012 1686 1043 Iona
1713 1010 1923 1051 interpolavit,

267 1065 438 1101 adderet‚⁵.·
462 1069 495 1096 et
516 1064 600 1096 bene
618 1074 735 1095 nomen
752 1064 828 1095 huic
853 1064 1072 1104 (monasterio)
1097 1065 1246 1106 congruit
1268 1064 1453 1096 Luxovium
1477 1065 1497 1096 i.
1522 1075 1549 1095 e.
1572 1064 1630 1095 lux
1653 1063 1760 1095 ovium
1785 1065 1815 1094 et
1836 1063 1923 1103 quis-

269 1117 341 1157 quis
359 1116 425 1156 fuit
444 1117 500 1156 qui
523 1116 721 1156 Walahfridi
736 1115 901 1147 Strabonis
915 1116 1013 1147 vitam
1030 1115 1062 1148 S.
1082 1115 1171 1147 Galli
1187 1116 1222 1147 in
1236 1116 1431 1148 hexametros
1446 1115 1563 1156 redeyit
1573 1116 1585 1134 ⁶
1607 1115 1663 1147 ubi
1677 1117 1789 1146 auctor
1803 1113 1924 1155 simpli-

268 1169 345 1199 citer
366 1170 481 1200 narrat
502 1168 585 1208 (cap.
601 1169 660 1205 28)
684 1167 770 1199 abba
792 1167 983 1198 monasterii
1007 1166 1089 1208 quod
1114 1167 1297 1198 Luxovium
1321 1167 1436 1199 dicitur
1458 1167 1515 1198 hoe
1536 1167 1759 1198 retractaret7:

631 1226 725 1263 Quod
747 1237 832 1258 nunc
854 1226 1041 1258 Luxovium
1065 1227 1182 1258 merito
1205 1227 1404 1259 vocitamine
1427 1227 1540 1267 fertur,

629 1279 690 1310 Est
714 1278 866 1321 quoniam
888 1278 999 1310 lumen
1024 1282 1216 1318 conventus,
1241 1278 1363 1310 ordinis
1386 1282 1501 1320 atque‚·

271 1340 455 1380 conferatur
476 1350 597 1380 quoque
620 1339 796 1380 Ratpertus
818 1338 854 1370 in
877 1337 908 1370 S.
929 1337 1018 1369 Galli
1040 1338 1217 1370 encomiofl:

631 1399 806 1430 Renovant
828 1398 1013 1444 Luxovium
1038 1398 1069 1429 in
1094 1398 1217 1430 Christi
1241 1399 1352 1430 caulas
1376 1399 1486 1430 ovium

269 1462 298 1491 et
323 1460 462 1491 Gerardi
483 1470 508 1491 s.
528 1459 589 1491 XI.
613 1459 735 1491 abbatis
758 1458 990 1490 Luxoviensis⁹
1014 1457 1143 1490 titulus:

629 1521 771 1562 Luxovii
795 1524 909 1563 pastor
933 1519 1099 1551 Gerardus
1122 1520 1205 1551 lucis
1229 1523 1365 1552 amator.

373 1580 551 1620 Supersunt
573 1581 668 1612 duo²⁰
698 1580 765 1619 loci,
788 1581 902 1620 quibus
924 1591 974 1611 res
996 1579 1147 1611 Pictavas
1169 1579 1318 1612 celebrat:
1340 1591 1367 1612 v.
1386 1580 1434 1619 H,
1457 1581 1522 1612 378
1536 1590 1611 1620 sqq„
1634 1580 1692 1620 qui
1712 1590 1784 1611 cum
1805 1590 1822 1611 e
1836 1579 1927 1611 libris

263 1633 367 1673 possit
388 1635 549 1673 suqqestus
575 1643 638 1664 esse
667 1651 708 1656 --
735 1635 764 1664 et
779 1633 889 1672 potuit
912 1631 1063 1672 pleraque
1091 1632 1129 1663 de
1156 1631 1188 1664 S.
1206 1631 1336 1664 Hilario
1363 1633 1523 1672 surripere
1545 1632 1722 1664 Fortunato
1748 1631 1806 1672 (V.
1823 1630 1873 1664 M.
1895 1631 1924 1669 I,

270 1686 334 1716 108
348 1686 428 1724 sqq.)
453 1704 493 1708 —
515 1685 647 1716 missum
668 1685 815 1725 facimus,
839 1687 868 1716 et
889 1695 997 1715 versus
1019 1685 1083 1715 483
1097 1694 1161 1724 sqq.
1186 1687 1260 1715 ante
1277 1685 1507 1725 perorationem
1521 1684 1631 1724 positi,
1655 1683 1770 1724 quibus
1786 1682 1926 1723 depinqit

271 1736 434 1768 basilicam
456 1735 488 1768 S.
505 1736 655 1768 Maoeenti
682 1736 771 1768 modo
799 1735 958 1776 sinqulari
989 1736 1246 1767 circumscribens
1272 1735 1348 1767 haec
1377 1735 1508 1776 exempli
1532 1735 1624 1767 verba
1634 1735 1662 1754 ²²
1691 1739 1736 1775 (p.
1751 1736 1851 1774 481).·
1885 1734 1926 1766 In

271 1789 374 1831 ipsius
402 1788 585 1819 beatissimi
621 1788 772 1830 martyris
799 1787 923 1819 honore
957 1787 1049 1818 iussu
1078 1787 1240 1830 pontificis
1273 1787 1395 1819 domini
1426 1787 1584 1819 Ansoaldi
1626 1797 1727 1829 opera
1756 1786 1925 1829 Audulphi

271 1840 374 1883 patris
403 1840 594 1871 monasterii
624 1841 726 1871 mirae
753 1838 989 1881 magnitudinis
1018 1839 1177 1870 fabricata
1205 1842 1256 1870 est
1284 1839 1413 1879 domus,
1442 1840 1534 1871 cuius
1564 1839 1706 1871 fabricae
1739 1838 1926 1870 aedificium

273 1896 324 1924 est
353 1891 509 1923 dissimile
538 1892 682 1923 omnium
712 1891 920 1923 basilicarum
951 1891 1256 1923 constructionibus.
1310 1890 1390 1923 Cum
1419 1891 1534 1932 quibus
1555 1893 1791 1931 conparaturus
1817 1900 1926 1922 versus

293 1943 353 1975 erle
372 1954 403 1975 e:
1298 1945 1300 1947 ’

265 1954 291 1983 p
351 1954 371 1984 9
558 1992 598 2011 4⁹⁰
632 1985 742 2018 Pollet
764 1987 946 2019 aecclesiae
970 1987 1072 2019 facies
1095 1987 1242 2019 variante
1265 1987 1380 2030 figura,

636 2037 822 2070 Parietibus
847 2039 1002 2070 distincta
1024 2039 1091 2070 suis
1115 2050 1135 2071 a
1158 2039 1265 2071 fronte
1290 2039 1467 2081 quaternis,

378 2167 403 2199 1)
424 2165 485 2199 Qua
502 2165 532 2191 in
550 2174 578 2191 re
593 2166 707 2198 fortasse
723 2167 872 2193 Paulinum
890 2167 951 2194 Nol.
970 2167 1130 2194 imitandum
1148 2167 1197 2194 san*
1210 2167 1361 2201 proposuit,
1380 2167 1460 2193 cuius
1477 2167 1524 2199 cfr.
1538 2167 1681 2201 praecipue
1697 2169 1752 2193 nat.
1767 2167 1795 2194 S.
1809 2166 1868 2194 Fa.
1879 2167 1925 2193 VL

273 2219 300 2250 ⁶2)
320 2218 543 2244 Monasteriorum
560 2221 583 2244 et
599 2219 766 2244 ecclesiarum
781 2219 804 2245 ei
821 2222 1034 2245 consecratarum
1050 2222 1214 2252 conspectum
1231 2219 1312 2245 habes
1324 2220 1357 2245 A.
1372 2218 1423 2245 SS.
1438 2221 1491 2245 434
1498 2227 1549 2252 sqq.
1563 2219 1622 2252 (cfr.
1634 2219 1714 2245 Para
1729 2219 1745 2245 l.
1759 2227 1779 2245 c.
1793 2220 1926 2253 wosqq).

276 2269 416 2303 Reliquiae
433 2269 488 2295 eius
506 2270 555 2296 lale
571 2270 683 2302 fuerunt
701 2271 832 2305 dispersae
849 2272 906 2304 (cfr.
925 2272 1004 2298 Pitra
1022 2275 1071 2298 435
1079 2272 1144 2305 sqq.)
1165 2279 1183 2297 e.
1200 2280 1224 2305 9.
1246 2270 1354 2297 Fuldae
1371 2271 1508 2304 (Hraban.
1528 2271 1610 2304 XLL
1630 2271 1660 2302 V,
1680 2274 1721 2298 13:
1746 2271 1787 2304 II,
1807 2271 1878 2304 206),
1895 2270 1928 2296 in

274 2322 378 2348 ecclesia
396 2321 555 2347 Fabariensi
577 2322 633 2354 (cfr.
653 2323 735 2356 Piper
757 2324 814 2349 libr.
833 2324 946 2356 consrat.
966 2324 995 2350 S.
1009 2323 1083 2350 Galli
1097 2332 1125 2357 p.
1145 2327 1203 2356 396,
1222 2325 1262 2357 3),
1288 2323 1318 2349 in
1336 2323 1362 2350 S.
1382 2323 1521 2349 Martialis
1543 2323 1650 2349 basilica
1668 2322 1847 2349 Lemovicem·
1867 2322 1927 2355 (dr.

276 2372 470 2406 Duples-Affl'er
483 2372 646 2407 Chroniques
665 2374 696 2400 de
715 2374 753 2400 St.
769 2375 884 2401 Martial
900 2375 932 2401 de
946 2374 1066 2409 Isimoqes
1082 2375 1164 2401 Paris
1176 2378 1242 2401 1874
1257 2383 1286 2409 p.
1298 2376 1362 2409 319).
1396 2375 1496 2409 Qualia
1514 2384 1593 2409 quam
1611 2375 1642 2401 ob
1658 2383 1768 2401 oausam
1785 2364 1928 2407 oolliyenda

275 2424 330 2450 sint
348 2424 475 2457 adpareat
494 2433 527 2451 ea:
545 2425 705 2452 Duemmler.
724 2426 840 2460 Mitthlq.
859 2426 885 2453 d.
904 2429 960 2453 amt.
975 2427 1034 2458 Ges.
1052 2427 1070 2453 i.
1084 2427 1183 2453 Zwrwh
1197 2427 1269 2460 XII,
1283 2430 1337 2454 252.
1433 2427 1460 2460 3)
1481 2426 1514 2453 L.
1527 2435 1549 2453 c.
1563 2435 1593 2460 p.
1609 2429 1668 2459 298,
1681 2431 1704 2453 4.
1735 2425 1788 2453 Cui
1805 2425 1928 2459 offinioni

276 2475 355 2501 Pitra
377 2475 526 2502 adsentitur
546 2485 589 2510 ap.
610 2477 700 2510 Miyne
719 2479 818 2511 patrol.
838 2478 944 2511 CXIV,
965 2482 1024 2505 1131
1034 2478 1056 2504 b.
1150 2479 1178 2512 4)
1201 2479 1236 2505 A.
1257 2478 1308 2505 SS.
1331 2486 1397 2504 saec.
1418 2478 1462 2510 II,
1480 2482 1496 2504 5
1508 2486 1568 2511 sqq..
1665 2479 1692 2511 5)
1716 2477 1768 2504 SS.
1787 2477 1849 2510 HI,
1868 2480 1927 2503 220.

276 2527 304 2560 6)
324 2527 385 2553 Vita
405 2527 432 2554 S.
448 2527 523 2554 Galli
540 2532 687 2562 υ.124939.
706 2530 759 2563 (II,
779 2532 848 2564 460).
938 2531 964 2564 7)
985 2530 1045 2564 Quo
1062 2530 1209 2556 testimonio
1228 2529 1261 2556 G.
1273 2530 1360 2556 Paris.
1379 2529 1420 2555 uti
1443 2529 1573 2562 nequiisse
1597 2529 1644 2555 vix
1667 2531 1703 2555 est
1719 2528 1791 2563 quod
1807 2536 1928 2555 monum

277 2578 303 2610 8)
323 2579 358 2604 E.
376 2587 400 2612 9.
420 2579 554 2606 Hattemer
572 2580 735 2607 Denkmahle
754 2581 781 2614 I,
800 2585 859 2608 340.
963 2583 991 2615 9)
1011 2582 1045 2608 A.
1066 2581 1276 2608 Firmin-Didot
1293 2580 1362 2608 Alde
1382 2581 1499 2607 Manuce
1520 2589 1548 2614 p.
1567 2580 1685 2614 XVIH,
1704 2584 1727 2606 2.
1825 2580 1868 2613 10)
1886 2579 1929 2606 De

277 2630 473 2663 Auqustoduno
495 2631 605 2664 sumpsit
628 2639 660 2657 ea:
683 2632 780 2658 Urs'ino
798 2633 825 2666 Ι,
842 2637 858 2659 5
875 2642 903 2666 p.
921 2637 981 2660 486.
1075 2634 1117 2666 11)
1140 2632 1263 2666 Adposui
1285 2632 1361 2658 verba
1383 2640 1451 2658 naon.
1469 2631 1630 2666 Auyastod.;
1655 2641 1719 2658 nam
1746 2631 1839 2658 Ursini
1861 2631 1930 2658 vitae

276 2681 355 2714 finem
376 2681 543 2715 iqnoramus,
568 2691 643 2716 quem
661 2683 768 2710 editores
786 2685 921 2718 (Bouquet
939 2685 988 2711 SS.
1008 2685 1051 2718 Π,
1067 2688 1118 2711 609
1127 2693 1196 2718 sqq.;
1222 2685 1336 2711 Mabilio
1353 2692 1418 2711 saec.
1437 2684 1482 2717 Π,
1497 2687 1548 2711 680
1553 2695 1562 2715 ,·
1588 2683 1760 2710 Bollandista
1776 2684 1794 2710 l.
1807 2684 1841 2717 c.)
1858 2683 1929 2717 quod

276 2733 441 2766 responderet
460 2733 708 2767 Auqustodunensis
732 2739 940 2769 sumesserunt.
983 2737 1020 2764 At
1042 2738 1188 2767 servassent
1210 2736 1370 2774 singularem
1393 2735 1513 2762 basilicae
1535 2735 1730 2769 descriptiomm
1748 2735 1927 2770 mast,

277 2785 301 2811 si
318 2793 400 2819 quam
417 2785 576 2813 invenissent
594 2786 672 2820 apud
690 2787 826 2815 Ursinum.
