<?xml version="1.0" encoding="UTF-8"?>
<!DOCTYPE html PUBLIC "-//W3C//DTD XHTML 1.0 Transitional//EN"
    "http://www.w3.org/TR/xhtml1/DTD/xhtml1-transitional.dtd">
<html xmlns="http://www.w3.org/1999/xhtml" xml:lang="en" lang="en">
 <head>
  <title>
</title>
<meta http-equiv="Content-Type" content="text/html;charset=utf-8" />
  <meta name='ocr-system' content='tesseract 3.04.00' />
  <meta name='ocr-capabilities' content='ocr_page ocr_carea ocr_par ocr_line ocrx_word'/>
</head>
<body>
  <div class='ocr_page' id='page_1' title='image "./monumentagerma03geseuoft_0622.png"; bbox 0 0 2060 3074; ppageno 0'>
   <div class='ocr_carea' id='block_1_1' title="bbox 293 145 356 174">
    <p class='ocr_par' dir='ltr' id='par_1_1' title="bbox 293 145 356 174">
     <span class='ocr_line' id='line_1_1' title="bbox 293 145 356 174; baseline 0 0"><span class='ocrx_word' id='word_1_1' title='bbox 293 145 356 174; x_wconf 88' lang='grc'><strong>606</strong></span> 
     </span>
    </p>
   </div>
   <div class='ocr_carea' id='block_1_2' title="bbox 577 294 615 313">
    <p class='ocr_par' dir='ltr' id='par_1_2' title="bbox 577 294 615 313">
     <span class='ocr_line' id='line_1_2' title="bbox 577 294 615 313; baseline -0.026 0"><span class='ocrx_word' id='word_1_2' title='bbox 577 294 615 313; x_wconf 76' lang='lat'><strong>345</strong></span> 
     </span>
    </p>
   </div>
   <div class='ocr_carea' id='block_1_3' title="bbox 578 552 617 571">
    <p class='ocr_par' dir='ltr' id='par_1_3' title="bbox 578 552 617 571">
     <span class='ocr_line' id='line_1_3' title="bbox 578 552 617 571; baseline 0 0"><span class='ocrx_word' id='word_1_3' title='bbox 578 552 617 571; x_wconf 83' lang='lat'><strong>3⁵0</strong></span> 
     </span>
    </p>
   </div>
   <div class='ocr_carea' id='block_1_4' title="bbox 579 812 616 831">
    <p class='ocr_par' dir='ltr' id='par_1_4' title="bbox 579 812 616 831">
     <span class='ocr_line' id='line_1_4' title="bbox 579 812 616 831; baseline 0 0"><span class='ocrx_word' id='word_1_4' title='bbox 579 812 616 831; x_wconf 83' lang='lat'><strong>355</strong></span> 
     </span>
    </p>
   </div>
   <div class='ocr_carea' id='block_1_5' title="bbox 577 1072 616 1091">
    <p class='ocr_par' dir='ltr' id='par_1_5' title="bbox 577 1072 616 1091">
     <span class='ocr_line' id='line_1_5' title="bbox 577 1072 616 1091; baseline 0 0"><span class='ocrx_word' id='word_1_5' title='bbox 577 1072 616 1091; x_wconf 78' lang='grc'><strong>360</strong></span> 
     </span>
    </p>
   </div>
   <div class='ocr_carea' id='block_1_6' title="bbox 581 1331 618 1350">
    <p class='ocr_par' dir='ltr' id='par_1_6' title="bbox 581 1331 618 1350">
     <span class='ocr_line' id='line_1_6' title="bbox 581 1331 618 1350; baseline 0 0"><span class='ocrx_word' id='word_1_6' title='bbox 581 1331 618 1350; x_wconf 76' lang='grc'><strong>365</strong></span> 
     </span>
    </p>
   </div>
   <div class='ocr_carea' id='block_1_7' title="bbox 578 1591 616 1610">
    <p class='ocr_par' dir='ltr' id='par_1_7' title="bbox 578 1591 616 1610">
     <span class='ocr_line' id='line_1_7' title="bbox 578 1591 616 1610; baseline 0.026 -1"><span class='ocrx_word' id='word_1_7' title='bbox 578 1591 616 1610; x_wconf 81' lang='lat'><strong>3¹1⁰</strong></span> 
     </span>
    </p>
   </div>
   <div class='ocr_carea' id='block_1_8' title="bbox 581 1850 618 1869">
    <p class='ocr_par' dir='ltr' id='par_1_8' title="bbox 581 1850 618 1869">
     <span class='ocr_line' id='line_1_8' title="bbox 581 1850 618 1869; baseline 0 0"><span class='ocrx_word' id='word_1_8' title='bbox 581 1850 618 1869; x_wconf 82' lang='lat'><strong>3⁷5</strong></span> 
     </span>
    </p>
   </div>
   <div class='ocr_carea' id='block_1_9' title="bbox 582 2110 621 2129">
    <p class='ocr_par' dir='ltr' id='par_1_9' title="bbox 582 2110 621 2129">
     <span class='ocr_line' id='line_1_9' title="bbox 582 2110 621 2129; baseline 0 0"><span class='ocrx_word' id='word_1_9' title='bbox 582 2110 621 2129; x_wconf 80' lang='lat'><strong>380</strong></span> 
     </span>
    </p>
   </div>
   <div class='ocr_carea' id='block_1_10' title="bbox 585 2371 622 2390">
    <p class='ocr_par' dir='ltr' id='par_1_10' title="bbox 585 2371 622 2390">
     <span class='ocr_line' id='line_1_10' title="bbox 585 2371 622 2390; baseline 0 0"><span class='ocrx_word' id='word_1_10' title='bbox 585 2371 622 2390; x_wconf 80' lang='lat'><strong>385</strong></span> 
     </span>
    </p>
   </div>
   <div class='ocr_carea' id='block_1_11' title="bbox 584 2631 622 2651">
    <p class='ocr_par' dir='ltr' id='par_1_11' title="bbox 584 2631 622 2651">
     <span class='ocr_line' id='line_1_11' title="bbox 584 2631 622 2651; baseline -0.026 0"><span class='ocrx_word' id='word_1_11' title='bbox 584 2631 622 2651; x_wconf 75' lang='lat'><strong>390</strong></span> 
     </span>
    </p>
   </div>
   <div class='ocr_carea' id='block_1_12' title="bbox 403 2790 642 2823">
    <p class='ocr_par' dir='ltr' id='par_1_12' title="bbox 403 2790 642 2823">
     <span class='ocr_line' id='line_1_12' title="bbox 403 2790 642 2823; baseline -0.004 -6"><span class='ocrx_word' id='word_1_12' title='bbox 403 2790 455 2817; x_wconf 79' lang='grc'><strong>346</strong></span> <span class='ocrx_word' id='word_1_13' title='bbox 476 2791 604 2823; x_wconf 76' lang='lat' dir='ltr'><strong>Alataque</strong></span> <span class='ocrx_word' id='word_1_14' title='bbox 618 2791 642 2816; x_wconf 78' lang='lat' dir='ltr'><strong><em>A</em></strong></span> 
     </span>
    </p>
   </div>
   <div class='ocr_carea' id='block_1_13' title="bbox 950 142 1299 169">
    <p class='ocr_par' dir='ltr' id='par_1_13' title="bbox 950 142 1299 169">
     <span class='ocr_line' id='line_1_13' title="bbox 950 142 1299 169; baseline 0 -1"><span class='ocrx_word' id='word_1_15' title='bbox 950 142 1102 168; x_wconf 84' lang='lat' dir='ltr'><strong>MILONIS</strong></span> <span class='ocrx_word' id='word_1_16' title='bbox 1121 142 1299 169; x_wconf 77' lang='lat' dir='ltr'>CARMINA.</span> 
     </span>
    </p>
   </div>
   <div class='ocr_carea' id='block_1_14' title="bbox 657 229 1638 2711">
    <p class='ocr_par' dir='ltr' id='par_1_14' title="bbox 658 229 1482 375">
     <span class='ocr_line' id='line_1_14' title="bbox 659 229 1425 271; baseline 0.001 -11"><span class='ocrx_word' id='word_1_17' title='bbox 659 229 702 260; x_wconf 88' lang='lat' dir='ltr'><strong>Et</strong></span> <span class='ocrx_word' id='word_1_18' title='bbox 724 229 794 260; x_wconf 86' lang='lat' dir='ltr'><strong>fera</strong></span> <span class='ocrx_word' id='word_1_19' title='bbox 817 229 965 271; x_wconf 84' lang='lat' dir='ltr'>paralisis</span> <span class='ocrx_word' id='word_1_20' title='bbox 987 231 1117 260; x_wconf 89' lang='lat' dir='ltr'><strong>vastans</strong></span> <span class='ocrx_word' id='word_1_21' title='bbox 1141 229 1314 261; x_wconf 84' lang='lat' dir='ltr'><strong>crudeliter</strong></span> <span class='ocrx_word' id='word_1_22' title='bbox 1337 233 1425 261; x_wconf 87' lang='lat' dir='ltr'><strong>artus</strong></span> 
     </span>
     <span class='ocr_line' id='line_1_15' title="bbox 661 281 1482 324; baseline 0.001 -12"><span class='ocrx_word' id='word_1_23' title='bbox 661 281 807 323; x_wconf 82' lang='lat' dir='ltr'>Occupat</span> <span class='ocrx_word' id='word_1_24' title='bbox 831 284 864 312; x_wconf 91' lang='lat' dir='ltr'><strong>et</strong></span> <span class='ocrx_word' id='word_1_25' title='bbox 887 281 969 312; x_wconf 85' lang='lat' dir='ltr'><strong>laxis</strong></span> <span class='ocrx_word' id='word_1_26' title='bbox 991 281 1023 312; x_wconf 91' lang='lat' dir='ltr'><strong>in</strong></span> <span class='ocrx_word' id='word_1_27' title='bbox 1045 281 1187 313; x_wconf 82' lang='lat' dir='ltr'><strong>menbris</strong></span> <span class='ocrx_word' id='word_1_28' title='bbox 1209 284 1325 324; x_wconf 85' lang='lat' dir='ltr'><strong>regnat</strong></span> <span class='ocrx_word' id='word_1_29' title='bbox 1347 282 1482 314; x_wconf 83' lang='lat' dir='ltr'><strong>habenis</strong></span> 
     </span>
     <span class='ocr_line' id='line_1_16' title="bbox 658 333 1402 375; baseline 0.003 -12"><span class='ocrx_word' id='word_1_30' title='bbox 658 333 820 374; x_wconf 88' lang='lat' dir='ltr'><strong>Elataque</strong></span> <span class='ocrx_word' id='word_1_31' title='bbox 844 333 938 363; x_wconf 91' lang='lat' dir='ltr'><strong>nimis</strong></span> <span class='ocrx_word' id='word_1_32' title='bbox 961 335 1107 375; x_wconf 87' lang='lat' dir='ltr'><strong>sumptos</strong></span> <span class='ocrx_word' id='word_1_33' title='bbox 1130 333 1256 365; x_wconf 87' lang='lat' dir='ltr'><strong>cervice</strong></span> <span class='ocrx_word' id='word_1_34' title='bbox 1279 334 1402 375; x_wconf 88' lang='lat' dir='ltr'><strong>rigores</strong></span> 
     </span>
    </p>

    <p class='ocr_par' dir='ltr' id='par_1_15' title="bbox 661 384 1458 428">
     <span class='ocr_line' id='line_1_17' title="bbox 661 384 1458 428; baseline 0.003 -13"><span class='ocrx_word' id='word_1_35' title='bbox 661 384 760 415; x_wconf 83' lang='lat' dir='ltr'><strong>Ocius</strong></span> <span class='ocrx_word' id='word_1_36' title='bbox 784 384 952 415; x_wconf 81' lang='lat' dir='ltr'><strong>excutiens</strong></span> <span class='ocrx_word' id='word_1_37' title='bbox 974 384 1083 416; x_wconf 83' lang='lat' dir='ltr'><strong>herbis</strong></span> <span class='ocrx_word' id='word_1_38' title='bbox 1106 385 1315 417; x_wconf 89' lang='lat' dir='ltr'><strong>flaccentibus</strong></span> <span class='ocrx_word' id='word_1_39' title='bbox 1337 388 1458 428; x_wconf 84' lang='lat' dir='ltr'><strong>aequat</strong></span> 
     </span>
    </p>

    <p class='ocr_par' dir='ltr' id='par_1_16' title="bbox 660 434 1560 738">
     <span class='ocr_line' id='line_1_18' title="bbox 662 434 1467 479; baseline 0.002 -13"><span class='ocrx_word' id='word_1_40' title='bbox 662 435 711 467; x_wconf 86' lang='lat' dir='ltr'><strong>Ac</strong></span> <span class='ocrx_word' id='word_1_41' title='bbox 734 436 886 467; x_wconf 89' lang='lat' dir='ltr'><strong>miserum</strong></span> <span class='ocrx_word' id='word_1_42' title='bbox 909 446 1025 478; x_wconf 88' lang='lat' dir='ltr'><strong>corpus</strong></span> <span class='ocrx_word' id='word_1_43' title='bbox 1047 434 1158 468; x_wconf 85' lang='lat' dir='ltr'><strong>loetali</strong></span> <span class='ocrx_word' id='word_1_44' title='bbox 1181 436 1274 468; x_wconf 87' lang='lat' dir='ltr'><strong>clade</strong></span> <span class='ocrx_word' id='word_1_45' title='bbox 1297 440 1467 479; x_wconf 88' lang='lat' dir='ltr'><strong>gravatum</strong></span> 
     </span>
     <span class='ocr_line' id='line_1_19' title="bbox 662 487 1539 530; baseline 0.002 -12"><span class='ocrx_word' id='word_1_46' title='bbox 662 487 768 518; x_wconf 80' lang='lat' dir='ltr'><strong>Pestis</strong></span> <span class='ocrx_word' id='word_1_47' title='bbox 791 488 910 519; x_wconf 85' lang='lat' dir='ltr'><strong>acerba</strong></span> <span class='ocrx_word' id='word_1_48' title='bbox 933 488 1008 519; x_wconf 89' lang='lat' dir='ltr'><strong>feris</strong></span> <span class='ocrx_word' id='word_1_49' title='bbox 1032 488 1192 530; x_wconf 88' lang='lat' dir='ltr'><strong>stringens</strong></span> <span class='ocrx_word' id='word_1_50' title='bbox 1214 488 1288 519; x_wconf 87' lang='lat' dir='ltr'><strong>hinc</strong></span> <span class='ocrx_word' id='word_1_51' title='bbox 1309 488 1384 520; x_wconf 89' lang='lat' dir='ltr'><strong>inde</strong></span> <span class='ocrx_word' id='word_1_52' title='bbox 1408 489 1539 520; x_wconf 88' lang='lat' dir='ltr'><strong>catenis.</strong></span> 
     </span>
     <span class='ocr_line' id='line_1_20' title="bbox 660 539 1425 581; baseline 0.003 -11"><span class='ocrx_word' id='word_1_53' title='bbox 660 539 832 581; x_wconf 80' lang='lat' dir='ltr'><strong>Sanguinis</strong></span> <span class='ocrx_word' id='word_1_54' title='bbox 855 540 992 572; x_wconf 84' lang='lat' dir='ltr'><strong>arebant</strong></span> <span class='ocrx_word' id='word_1_55' title='bbox 1014 540 1133 572; x_wconf 85' lang='lat' dir='ltr'><strong>siccato</strong></span> <span class='ocrx_word' id='word_1_56' title='bbox 1156 541 1286 572; x_wconf 84' lang='lat' dir='ltr'><strong>flumine</strong></span> <span class='ocrx_word' id='word_1_57' title='bbox 1310 551 1425 581; x_wconf 84' lang='lat' dir='ltr'><strong>venae,</strong></span> 
     </span>
     <span class='ocr_line' id='line_1_21' title="bbox 661 592 1560 634; baseline 0.001 -11"><span class='ocrx_word' id='word_1_58' title='bbox 661 592 833 634; x_wconf 83' lang='lat' dir='ltr'><strong>Languida</strong></span> <span class='ocrx_word' id='word_1_59' title='bbox 856 595 889 624; x_wconf 89' lang='lat' dir='ltr'><strong>et</strong></span> <span class='ocrx_word' id='word_1_60' title='bbox 911 593 1057 624; x_wconf 72' lang='lat' dir='ltr'><strong>attractis</strong></span> <span class='ocrx_word' id='word_1_61' title='bbox 1079 592 1268 624; x_wconf 82' lang='lat' dir='ltr'><strong>marcebant</strong></span> <span class='ocrx_word' id='word_1_62' title='bbox 1290 593 1422 624; x_wconf 87' lang='lat' dir='ltr'><strong>brachia</strong></span> <span class='ocrx_word' id='word_1_63' title='bbox 1444 593 1560 625; x_wconf 89' lang='lat' dir='ltr'><strong>nervis.</strong></span> 
     </span>
     <span class='ocr_line' id='line_1_22' title="bbox 660 643 1526 687; baseline 0.001 -12"><span class='ocrx_word' id='word_1_64' title='bbox 660 643 710 675; x_wconf 89' lang='lat' dir='ltr'><strong>Ac</strong></span> <span class='ocrx_word' id='word_1_65' title='bbox 733 646 865 675; x_wconf 88' lang='lat' dir='ltr'><strong>tenuem</strong></span> <span class='ocrx_word' id='word_1_66' title='bbox 888 644 998 675; x_wconf 87' lang='lat' dir='ltr'><strong>flatum</strong></span> <span class='ocrx_word' id='word_1_67' title='bbox 1023 644 1064 675; x_wconf 87' lang='lat' dir='ltr'><strong>de</strong></span> <span class='ocrx_word' id='word_1_68' title='bbox 1087 654 1164 676; x_wconf 89' lang='lat' dir='ltr'><strong>nare</strong></span> <span class='ocrx_word' id='word_1_69' title='bbox 1189 644 1389 687; x_wconf 86' lang='lat' dir='ltr'><strong>frequentius</strong></span> <span class='ocrx_word' id='word_1_70' title='bbox 1412 645 1526 676; x_wconf 85' lang='lat' dir='ltr'><strong>efflans</strong></span> 
     </span>
     <span class='ocr_line' id='line_1_23' title="bbox 660 695 1460 738; baseline 0.001 -11"><span class='ocrx_word' id='word_1_71' title='bbox 660 695 825 738; x_wconf 82' lang='lat' dir='ltr'><strong>Singultus</strong></span> <span class='ocrx_word' id='word_1_72' title='bbox 850 696 985 727; x_wconf 90' lang='lat' dir='ltr'><strong>miseros</strong></span> <span class='ocrx_word' id='word_1_73' title='bbox 1009 699 1117 727; x_wconf 88' lang='lat' dir='ltr'><strong>mutus</strong></span> <span class='ocrx_word' id='word_1_74' title='bbox 1140 706 1289 728; x_wconf 84' lang='lat' dir='ltr'><strong>sermone</strong></span> <span class='ocrx_word' id='word_1_75' title='bbox 1310 696 1460 728; x_wconf 81' lang='lat' dir='ltr'><strong>iterabat.</strong></span> 
     </span>
    </p>

    <p class='ocr_par' dir='ltr' id='par_1_17' title="bbox 657 747 1595 998">
     <span class='ocr_line' id='line_1_24' title="bbox 657 747 1595 790; baseline 0.002 -12"><span class='ocrx_word' id='word_1_76' title='bbox 657 747 728 778; x_wconf 88' lang='lat' dir='ltr'><strong>Iam</strong></span> <span class='ocrx_word' id='word_1_77' title='bbox 752 757 880 789; x_wconf 89' lang='lat' dir='ltr'><strong>quoque</strong></span> <span class='ocrx_word' id='word_1_78' title='bbox 904 747 1118 790; x_wconf 81' lang='lat' dir='ltr'><strong>progrediens</strong></span> <span class='ocrx_word' id='word_1_79' title='bbox 1141 748 1269 779; x_wconf 88' lang='lat' dir='ltr'><strong>animae</strong></span> <span class='ocrx_word' id='word_1_80' title='bbox 1293 748 1382 779; x_wconf 87' lang='lat' dir='ltr'><strong>calor</strong></span> <span class='ocrx_word' id='word_1_81' title='bbox 1403 748 1486 780; x_wconf 89' lang='lat' dir='ltr'><strong>ostia</strong></span> <span class='ocrx_word' id='word_1_82' title='bbox 1509 748 1595 780; x_wconf 86' lang='lat' dir='ltr'><strong>vitae</strong></span> 
     </span>
     <span class='ocr_line' id='line_1_25' title="bbox 661 799 1581 842; baseline 0.002 -12"><span class='ocrx_word' id='word_1_83' title='bbox 661 799 848 836; x_wconf 80' lang='lat' dir='ltr'><strong>Transibat3</strong></span> <span class='ocrx_word' id='word_1_84' title='bbox 872 799 931 831; x_wconf 86' lang='lat' dir='ltr'><strong>sed</strong></span> <span class='ocrx_word' id='word_1_85' title='bbox 953 799 1059 831; x_wconf 87' lang='lat' dir='ltr'><strong>adhuc</strong></span> <span class='ocrx_word' id='word_1_86' title='bbox 1081 799 1225 831; x_wconf 86' lang='lat' dir='ltr'><strong>medicus</strong></span> <span class='ocrx_word' id='word_1_87' title='bbox 1248 800 1380 831; x_wconf 86' lang='lat' dir='ltr'><strong>vivebat</strong></span> <span class='ocrx_word' id='word_1_88' title='bbox 1401 799 1581 842; x_wconf 87' lang='lat' dir='ltr'><strong>Amandus,</strong></span> 
     </span>
     <span class='ocr_line' id='line_1_26' title="bbox 663 851 1482 893; baseline 0.001 -11"><span class='ocrx_word' id='word_1_89' title='bbox 663 851 761 882; x_wconf 86' lang='lat' dir='ltr'><strong>Cuius</strong></span> <span class='ocrx_word' id='word_1_90' title='bbox 785 853 855 882; x_wconf 86' lang='lat' dir='ltr'><strong>erat</strong></span> <span class='ocrx_word' id='word_1_91' title='bbox 878 851 1000 883; x_wconf 86' lang='lat' dir='ltr'><strong>meritis</strong></span> <span class='ocrx_word' id='word_1_92' title='bbox 1024 861 1124 893; x_wconf 87' lang='lat' dir='ltr'><strong>aegro</strong></span> <span class='ocrx_word' id='word_1_93' title='bbox 1148 851 1321 883; x_wconf 84' lang='lat' dir='ltr'><strong>tribuenda</strong></span> <span class='ocrx_word' id='word_1_94' title='bbox 1342 852 1482 884; x_wconf 88' lang='lat' dir='ltr'><strong>medela.</strong></span> 
     </span>
     <span class='ocr_line' id='line_1_27' title="bbox 662 903 1491 945; baseline 0.002 -11"><span class='ocrx_word' id='word_1_95' title='bbox 662 903 759 945; x_wconf 90' lang='lat' dir='ltr'><strong>Isque</strong></span> <span class='ocrx_word' id='word_1_96' title='bbox 783 904 978 935; x_wconf 88' lang='lat' dir='ltr'><strong>monasterio</strong></span> <span class='ocrx_word' id='word_1_97' title='bbox 1002 904 1136 935; x_wconf 83' lang='lat' dir='ltr'><strong>fratrum</strong></span> <span class='ocrx_word' id='word_1_98' title='bbox 1158 904 1335 935; x_wconf 85' lang='lat' dir='ltr'><strong>famulante</strong></span> <span class='ocrx_word' id='word_1_99' title='bbox 1359 904 1491 936; x_wconf 85' lang='lat' dir='ltr'><strong>cohorte</strong></span> 
     </span>
     <span class='ocr_line' id='line_1_28' title="bbox 662 954 1429 998; baseline 0.001 -12"><span class='ocrx_word' id='word_1_100' title='bbox 662 955 800 997; x_wconf 87' lang='lat' dir='ltr'><strong>Navigio</strong></span> <span class='ocrx_word' id='word_1_101' title='bbox 825 954 983 987; x_wconf 89' lang='lat' dir='ltr'><strong>deductus</strong></span> <span class='ocrx_word' id='word_1_102' title='bbox 1007 958 1086 995; x_wconf 86' lang='lat' dir='ltr'><strong>erat,</strong></span> <span class='ocrx_word' id='word_1_103' title='bbox 1111 966 1184 987; x_wconf 88' lang='lat' dir='ltr'><strong>cum</strong></span> <span class='ocrx_word' id='word_1_104' title='bbox 1206 956 1267 987; x_wconf 91' lang='lat' dir='ltr'><strong>rite</strong></span> <span class='ocrx_word' id='word_1_105' title='bbox 1289 956 1429 998; x_wconf 84' lang='lat' dir='ltr'><strong>peractis</strong></span> 
     </span>
    </p>

    <p class='ocr_par' dir='ltr' id='par_1_18' title="bbox 662 1006 1418 1039">
     <span class='ocr_line' id='line_1_29' title="bbox 662 1006 1418 1039; baseline 0.001 -1"><span class='ocrx_word' id='word_1_106' title='bbox 662 1006 785 1039; x_wconf 85' lang='lat' dir='ltr'><strong>Officiis</strong></span> <span class='ocrx_word' id='word_1_107' title='bbox 808 1008 928 1038; x_wconf 88' lang='lat' dir='ltr'><strong>mensis</strong></span> <span class='ocrx_word' id='word_1_108' title='bbox 951 1007 1110 1038; x_wconf 86' lang='lat' dir='ltr'><strong>resideret</strong></span> <span class='ocrx_word' id='word_1_109' title='bbox 1132 1010 1260 1039; x_wconf 87' lang='lat' dir='ltr'><strong>sanctus</strong></span> <span class='ocrx_word' id='word_1_110' title='bbox 1283 1007 1418 1039; x_wconf 87' lang='lat' dir='ltr'><strong>edendis</strong></span> 
     </span>
    </p>

    <p class='ocr_par' dir='ltr' id='par_1_19' title="bbox 659 1058 1504 1205">
     <span class='ocr_line' id='line_1_30' title="bbox 660 1058 1491 1102; baseline 0.002 -12"><span class='ocrx_word' id='word_1_111' title='bbox 660 1058 813 1090; x_wconf 78' lang='lat' dir='ltr'><strong>Esuriens</strong></span> <span class='ocrx_word' id='word_1_112' title='bbox 837 1059 950 1101; x_wconf 89' lang='lat' dir='ltr'><strong>epulis,</strong></span> <span class='ocrx_word' id='word_1_113' title='bbox 975 1058 1112 1102; x_wconf 87' lang='lat' dir='ltr'><strong>dapibus</strong></span> <span class='ocrx_word' id='word_1_114' title='bbox 1134 1059 1194 1091; x_wconf 88' lang='lat' dir='ltr'><strong>sed</strong></span> <span class='ocrx_word' id='word_1_115' title='bbox 1215 1062 1326 1102; x_wconf 88' lang='lat' dir='ltr'><strong>pastus</strong></span> <span class='ocrx_word' id='word_1_116' title='bbox 1350 1059 1491 1102; x_wconf 85' lang='lat' dir='ltr'><strong>Olympi.</strong></span> 
     </span>
     <span class='ocr_line' id='line_1_31' title="bbox 659 1110 1504 1152; baseline 0.002 -11"><span class='ocrx_word' id='word_1_117' title='bbox 659 1110 883 1152; x_wconf 89' lang='lat' dir='ltr'><strong>Discipulique</strong></span> <span class='ocrx_word' id='word_1_118' title='bbox 906 1113 1001 1152; x_wconf 88' lang='lat' dir='ltr'><strong>pater</strong></span> <span class='ocrx_word' id='word_1_119' title='bbox 1022 1121 1159 1143; x_wconf 88' lang='lat' dir='ltr'><strong>noscens</strong></span> <span class='ocrx_word' id='word_1_120' title='bbox 1182 1111 1367 1143; x_wconf 86' lang='lat' dir='ltr'><strong>miserabile</strong></span> <span class='ocrx_word' id='word_1_121' title='bbox 1390 1111 1504 1144; x_wconf 87' lang='lat' dir='ltr'><strong>vulnus</strong></span> 
     </span>
     <span class='ocr_line' id='line_1_32' title="bbox 659 1161 1434 1205; baseline 0.003 -12"><span class='ocrx_word' id='word_1_122' title='bbox 659 1162 795 1194; x_wconf 86' lang='lat' dir='ltr'><strong>Leniter</strong></span> <span class='ocrx_word' id='word_1_123' title='bbox 818 1161 964 1193; x_wconf 88' lang='lat' dir='ltr'><strong>arridens</strong></span> <span class='ocrx_word' id='word_1_124' title='bbox 987 1163 1155 1194; x_wconf 89' lang='lat' dir='ltr'><strong>miseranti</strong></span> <span class='ocrx_word' id='word_1_125' title='bbox 1176 1165 1309 1205; x_wconf 91' lang='lat' dir='ltr'><strong>pectore</strong></span> <span class='ocrx_word' id='word_1_126' title='bbox 1332 1163 1434 1195; x_wconf 86' lang='lat' dir='ltr'><strong>fatur:</strong></span> 
     </span>
    </p>

    <p class='ocr_par' dir='ltr' id='par_1_20' title="bbox 659 1213 1638 1933">
     <span class='ocr_line' id='line_1_33' title="bbox 661 1213 1638 1258; baseline 0.003 -13"><span class='ocrx_word' id='word_1_127' title='bbox 661 1214 792 1256; x_wconf 90' lang='lat' dir='ltr'><strong>‘Magna</strong></span> <span class='ocrx_word' id='word_1_128' title='bbox 816 1213 947 1256; x_wconf 90' lang='lat' dir='ltr'><strong>quidem</strong></span> <span class='ocrx_word' id='word_1_129' title='bbox 970 1215 1102 1256; x_wconf 84' lang='lat' dir='ltr'><strong>patitur,</strong></span> <span class='ocrx_word' id='word_1_130' title='bbox 1125 1214 1183 1246; x_wconf 91' lang='lat' dir='ltr'><strong>sed</strong></span> <span class='ocrx_word' id='word_1_131' title='bbox 1207 1214 1313 1247; x_wconf 91' lang='lat' dir='ltr'><strong>adhuc</strong></span> <span class='ocrx_word' id='word_1_132' title='bbox 1335 1216 1464 1258; x_wconf 86' lang='lat' dir='ltr'><strong>potiora</strong></span> <span class='ocrx_word' id='word_1_133' title='bbox 1486 1219 1638 1256; x_wconf 79' lang='lat' dir='ltr'><strong>meretur,</strong></span> 
     </span>
     <span class='ocr_line' id='line_1_34' title="bbox 661 1266 1511 1308; baseline 0.002 -11"><span class='ocrx_word' id='word_1_134' title='bbox 661 1266 757 1297; x_wconf 90' lang='lat' dir='ltr'><strong>Hunc</strong></span> <span class='ocrx_word' id='word_1_135' title='bbox 781 1266 933 1308; x_wconf 84' lang='lat' dir='ltr'><strong>quoniam</strong></span> <span class='ocrx_word' id='word_1_136' title='bbox 956 1266 1049 1298; x_wconf 87' lang='lat' dir='ltr'><strong>nobis</strong></span> <span class='ocrx_word' id='word_1_137' title='bbox 1071 1267 1225 1298; x_wconf 83' lang='lat' dir='ltr'><strong>iactantia</strong></span> <span class='ocrx_word' id='word_1_138' title='bbox 1247 1278 1331 1299; x_wconf 86' lang='lat' dir='ltr'><strong>vana</strong></span> <span class='ocrx_word' id='word_1_139' title='bbox 1353 1267 1511 1299; x_wconf 89' lang='lat' dir='ltr'><strong>rebellem</strong></span> 
     </span>
     <span class='ocr_line' id='line_1_35' title="bbox 665 1318 1590 1362; baseline 0.002 -13"><span class='ocrx_word' id='word_1_140' title='bbox 665 1318 943 1360; x_wconf 81' lang='lat' dir='ltr'><strong>Contemptaeque</strong></span> <span class='ocrx_word' id='word_1_141' title='bbox 967 1319 1052 1359; x_wconf 85' lang='lat' dir='ltr'><strong>facit,</strong></span> <span class='ocrx_word' id='word_1_142' title='bbox 1076 1319 1209 1351; x_wconf 90' lang='lat' dir='ltr'><strong>nimium</strong></span> <span class='ocrx_word' id='word_1_143' title='bbox 1233 1320 1303 1362; x_wconf 89' lang='lat' dir='ltr'><strong>quis</strong></span> <span class='ocrx_word' id='word_1_144' title='bbox 1327 1319 1455 1351; x_wconf 87' lang='lat' dir='ltr'><strong>deditus</strong></span> <span class='ocrx_word' id='word_1_145' title='bbox 1479 1319 1590 1351; x_wconf 84' lang='lat' dir='ltr'><strong>extat.’</strong></span> 
     </span>
     <span class='ocr_line' id='line_1_36' title="bbox 662 1370 1480 1414; baseline 0.001 -12"><span class='ocrx_word' id='word_1_146' title='bbox 662 1370 754 1402; x_wconf 80' lang='lat' dir='ltr'><strong>Dixit</strong></span> <span class='ocrx_word' id='word_1_147' title='bbox 778 1373 811 1402; x_wconf 88' lang='lat' dir='ltr'><strong>et</strong></span> <span class='ocrx_word' id='word_1_148' title='bbox 834 1370 973 1402; x_wconf 88' lang='lat' dir='ltr'><strong>electum</strong></span> <span class='ocrx_word' id='word_1_149' title='bbox 996 1371 1130 1403; x_wconf 86' lang='lat' dir='ltr'><strong>fratrum</strong></span> <span class='ocrx_word' id='word_1_150' title='bbox 1154 1371 1195 1403; x_wconf 90' lang='lat' dir='ltr'><strong>de</strong></span> <span class='ocrx_word' id='word_1_151' title='bbox 1218 1371 1316 1414; x_wconf 89' lang='lat' dir='ltr'><strong>plebe</strong></span> <span class='ocrx_word' id='word_1_152' title='bbox 1338 1371 1480 1414; x_wconf 87' lang='lat' dir='ltr'><strong>benigna</strong></span> 
     </span>
     <span class='ocr_line' id='line_1_37' title="bbox 663 1422 1602 1465; baseline 0.002 -12"><span class='ocrx_word' id='word_1_153' title='bbox 663 1422 895 1465; x_wconf 83' lang='lat' dir='ltr'><strong>Presbyterum</strong></span> <span class='ocrx_word' id='word_1_154' title='bbox 918 1425 1050 1465; x_wconf 86' lang='lat' dir='ltr'><strong>optatae</strong></span> <span class='ocrx_word' id='word_1_155' title='bbox 1074 1424 1220 1465; x_wconf 86' lang='lat' dir='ltr'><strong>gerulum</strong></span> <span class='ocrx_word' id='word_1_156' title='bbox 1243 1423 1335 1455; x_wconf 85' lang='lat' dir='ltr'><strong>iubet</strong></span> <span class='ocrx_word' id='word_1_157' title='bbox 1358 1433 1430 1455; x_wconf 89' lang='lat' dir='ltr'><strong>esse</strong></span> <span class='ocrx_word' id='word_1_158' title='bbox 1452 1422 1602 1455; x_wconf 85' lang='lat' dir='ltr'><strong>medelae</strong></span> 
     </span>
     <span class='ocr_line' id='line_1_38' title="bbox 662 1473 1523 1518; baseline 0.002 -13"><span class='ocrx_word' id='word_1_159' title='bbox 662 1474 761 1506; x_wconf 86' lang='lat' dir='ltr'><strong>Parte</strong></span> <span class='ocrx_word' id='word_1_160' title='bbox 786 1473 863 1506; x_wconf 84' lang='lat' dir='ltr'><strong>data</strong></span> <span class='ocrx_word' id='word_1_161' title='bbox 885 1475 987 1517; x_wconf 89' lang='lat' dir='ltr'><strong>panis,</strong></span> <span class='ocrx_word' id='word_1_162' title='bbox 1012 1475 1119 1507; x_wconf 89' lang='lat' dir='ltr'><strong>calicis</strong></span> <span class='ocrx_word' id='word_1_163' title='bbox 1143 1485 1272 1518; x_wconf 91' lang='lat' dir='ltr'><strong>quoque</strong></span> <span class='ocrx_word' id='word_1_164' title='bbox 1295 1476 1413 1518; x_wconf 87' lang='lat' dir='ltr'><strong>pocula</strong></span> <span class='ocrx_word' id='word_1_165' title='bbox 1435 1476 1523 1508; x_wconf 88' lang='lat' dir='ltr'><strong>laeti.</strong></span> 
     </span>
     <span class='ocr_line' id='line_1_39' title="bbox 663 1525 1605 1569; baseline 0.003 -12"><span class='ocrx_word' id='word_1_166' title='bbox 663 1525 778 1558; x_wconf 80' lang='lat' dir='ltr'><strong>‘Vade&#39;</strong></span> <span class='ocrx_word' id='word_1_167' title='bbox 802 1526 848 1558; x_wconf 93' lang='lat' dir='ltr'><strong>ait</strong></span> <span class='ocrx_word' id='word_1_168' title='bbox 870 1527 915 1558; x_wconf 85' lang='lat' dir='ltr'><strong>‘et</strong></span> <span class='ocrx_word' id='word_1_169' title='bbox 936 1527 1096 1558; x_wconf 88' lang='lat' dir='ltr'><strong>monacho</strong></span> <span class='ocrx_word' id='word_1_170' title='bbox 1121 1527 1171 1559; x_wconf 87' lang='lat' dir='ltr'><strong>fer</strong></span> <span class='ocrx_word' id='word_1_171' title='bbox 1193 1527 1275 1559; x_wconf 88' lang='lat' dir='ltr'><strong>haec</strong></span> <span class='ocrx_word' id='word_1_172' title='bbox 1298 1527 1454 1559; x_wconf 87' lang='lat' dir='ltr'><strong>mandata</strong></span> <span class='ocrx_word' id='word_1_173' title='bbox 1475 1528 1605 1569; x_wconf 87' lang='lat' dir='ltr'><strong>iacenti,</strong></span> 
     </span>
     <span class='ocr_line' id='line_1_40' title="bbox 659 1578 1537 1622; baseline 0.002 -13"><span class='ocrx_word' id='word_1_174' title='bbox 659 1578 799 1609; x_wconf 86' lang='lat' dir='ltr'><strong>Hauriat</strong></span> <span class='ocrx_word' id='word_1_175' title='bbox 822 1581 858 1609; x_wconf 89' lang='lat' dir='ltr'><strong>ut</strong></span> <span class='ocrx_word' id='word_1_176' title='bbox 881 1578 1015 1610; x_wconf 85' lang='lat' dir='ltr'><strong>calicem</strong></span> <span class='ocrx_word' id='word_1_177' title='bbox 1039 1589 1112 1610; x_wconf 91' lang='lat' dir='ltr'><strong>cum</strong></span> <span class='ocrx_word' id='word_1_178' title='bbox 1135 1579 1224 1610; x_wconf 89' lang='lat' dir='ltr'><strong>missi</strong></span> <span class='ocrx_word' id='word_1_179' title='bbox 1246 1579 1405 1621; x_wconf 87' lang='lat' dir='ltr'><strong>fragmine</strong></span> <span class='ocrx_word' id='word_1_180' title='bbox 1428 1580 1537 1622; x_wconf 84' lang='lat' dir='ltr'><strong>panis;</strong></span> 
     </span>
     <span class='ocr_line' id='line_1_41' title="bbox 663 1630 1590 1673; baseline 0.003 -12"><span class='ocrx_word' id='word_1_181' title='bbox 663 1630 811 1662; x_wconf 84' lang='lat' dir='ltr'><strong>Crastina</strong></span> <span class='ocrx_word' id='word_1_182' title='bbox 835 1640 972 1672; x_wconf 90' lang='lat' dir='ltr'><strong>cumque</strong></span> <span class='ocrx_word' id='word_1_183' title='bbox 997 1630 1068 1662; x_wconf 88' lang='lat' dir='ltr'><strong>dies</strong></span> <span class='ocrx_word' id='word_1_184' title='bbox 1090 1633 1263 1662; x_wconf 89' lang='lat' dir='ltr'><strong>nocturnas</strong></span> <span class='ocrx_word' id='word_1_185' title='bbox 1283 1632 1438 1673; x_wconf 86' lang='lat' dir='ltr'><strong>sparserit</strong></span> <span class='ocrx_word' id='word_1_186' title='bbox 1460 1632 1590 1664; x_wconf 87' lang='lat' dir='ltr'><strong>umbras</strong></span> 
     </span>
     <span class='ocr_line' id='line_1_42' title="bbox 661 1682 1434 1725; baseline 0.003 -12"><span class='ocrx_word' id='word_1_187' title='bbox 661 1682 704 1714; x_wconf 85' lang='lat' dir='ltr'><strong>Et</strong></span> <span class='ocrx_word' id='word_1_188' title='bbox 726 1683 775 1713; x_wconf 92' lang='lat' dir='ltr'><strong>sol</strong></span> <span class='ocrx_word' id='word_1_189' title='bbox 797 1683 1031 1714; x_wconf 87' lang='lat' dir='ltr'><strong>flammicomus</strong></span> <span class='ocrx_word' id='word_1_190' title='bbox 1054 1693 1135 1725; x_wconf 90' lang='lat' dir='ltr'><strong>puro</strong></span> <span class='ocrx_word' id='word_1_191' title='bbox 1159 1683 1339 1715; x_wconf 86' lang='lat' dir='ltr'><strong>rutilaverit</strong></span> <span class='ocrx_word' id='word_1_192' title='bbox 1362 1686 1434 1715; x_wconf 89' lang='lat' dir='ltr'><strong>ortu</strong></span> 
     </span>
     <span class='ocr_line' id='line_1_43' title="bbox 663 1734 1486 1778; baseline 0.002 -13"><span class='ocrx_word' id='word_1_193' title='bbox 663 1734 864 1776; x_wconf 89' lang='lat' dir='ltr'><strong>Visurusque</strong></span> <span class='ocrx_word' id='word_1_194' title='bbox 887 1735 977 1766; x_wconf 92' lang='lat' dir='ltr'><strong>illum</strong></span> <span class='ocrx_word' id='word_1_195' title='bbox 1001 1735 1100 1767; x_wconf 86' lang='lat' dir='ltr'><strong>celeri</strong></span> <span class='ocrx_word' id='word_1_196' title='bbox 1121 1745 1339 1778; x_wconf 86' lang='lat' dir='ltr'><strong>properavero</strong></span> <span class='ocrx_word' id='word_1_197' title='bbox 1362 1746 1486 1778; x_wconf 83' lang='lat' dir='ltr'><strong>gressu,</strong></span> 
     </span>
     <span class='ocr_line' id='line_1_44' title="bbox 662 1785 1467 1829; baseline 0.001 -12"><span class='ocrx_word' id='word_1_198' title='bbox 662 1785 829 1817; x_wconf 86' lang='lat' dir='ltr'><strong>Excussus</strong></span> <span class='ocrx_word' id='word_1_199' title='bbox 851 1786 988 1828; x_wconf 88' lang='lat' dir='ltr'><strong>propriis</strong></span> <span class='ocrx_word' id='word_1_200' title='bbox 1011 1787 1104 1828; x_wconf 90' lang='lat' dir='ltr'><strong>pulso</strong></span> <span class='ocrx_word' id='word_1_201' title='bbox 1128 1787 1289 1828; x_wconf 57' lang='lat' dir='ltr'><strong>languore,</strong></span> <span class='ocrx_word' id='word_1_202' title='bbox 1308 1786 1467 1829; x_wconf 89' lang='lat' dir='ltr'><strong>grabattis</strong></span> 
     </span>
     <span class='ocr_line' id='line_1_45' title="bbox 663 1837 1451 1881; baseline 0.001 -11"><span class='ocrx_word' id='word_1_203' title='bbox 663 1837 839 1870; x_wconf 83' lang='lat' dir='ltr'><strong>Incolumis</strong></span> <span class='ocrx_word' id='word_1_204' title='bbox 863 1841 975 1880; x_wconf 81' lang='lat' dir='ltr'><strong>surgat</strong></span> <span class='ocrx_word' id='word_1_205' title='bbox 997 1838 1152 1879; x_wconf 82' lang='lat' dir='ltr'><strong>solidatis,</strong></span> <span class='ocrx_word' id='word_1_206' title='bbox 1174 1839 1310 1881; x_wconf 87' lang='lat' dir='ltr'><strong>impero,</strong></span> <span class='ocrx_word' id='word_1_207' title='bbox 1333 1839 1451 1881; x_wconf 89' lang='lat' dir='ltr'><strong>nervis,</strong></span> 
     </span>
     <span class='ocr_line' id='line_1_46' title="bbox 667 1889 1427 1933; baseline 0.003 -12"><span class='ocrx_word' id='word_1_208' title='bbox 667 1890 790 1921; x_wconf 88' lang='lat' dir='ltr'><strong>Obvius</strong></span> <span class='ocrx_word' id='word_1_209' title='bbox 813 1900 852 1921; x_wconf 87' lang='lat' dir='ltr'><strong>ac</strong></span> <span class='ocrx_word' id='word_1_210' title='bbox 875 1900 954 1921; x_wconf 88' lang='lat' dir='ltr'><strong>sano</strong></span> <span class='ocrx_word' id='word_1_211' title='bbox 977 1889 1134 1932; x_wconf 87' lang='lat' dir='ltr'><strong>procedat</strong></span> <span class='ocrx_word' id='word_1_212' title='bbox 1156 1901 1292 1933; x_wconf 88' lang='lat' dir='ltr'><strong>corpore</strong></span> <span class='ocrx_word' id='word_1_213' title='bbox 1314 1891 1427 1923; x_wconf 84' lang='lat' dir='ltr'><strong>nobis.&#39;</strong></span> 
     </span>
    </p>

    <p class='ocr_par' dir='ltr' id='par_1_21' title="bbox 662 1941 1616 2135">
     <span class='ocr_line' id='line_1_47' title="bbox 664 1941 1616 1982; baseline 0.003 -9"><span class='ocrx_word' id='word_1_214' title='bbox 664 1941 750 1978; x_wconf 73' lang='lat' dir='ltr'><strong>Quid</strong></span> <span class='ocrx_word' id='word_1_215' title='bbox 774 1951 923 1973; x_wconf 88' lang='lat' dir='ltr'><strong>sermone</strong></span> <span class='ocrx_word' id='word_1_216' title='bbox 946 1952 1065 1982; x_wconf 87' lang='lat' dir='ltr'><strong>morer,</strong></span> <span class='ocrx_word' id='word_1_217' title='bbox 1090 1952 1161 1974; x_wconf 88' lang='lat' dir='ltr'><strong>cum</strong></span> <span class='ocrx_word' id='word_1_218' title='bbox 1184 1952 1249 1974; x_wconf 93' lang='lat' dir='ltr'><strong>non</strong></span> <span class='ocrx_word' id='word_1_219' title='bbox 1270 1942 1432 1975; x_wconf 88' lang='lat' dir='ltr'><strong>medicina</strong></span> <span class='ocrx_word' id='word_1_220' title='bbox 1453 1946 1616 1976; x_wconf 84' lang='lat' dir='ltr'><strong>moretur?</strong></span> 
     </span>
     <span class='ocr_line' id='line_1_48' title="bbox 662 1993 1544 2037; baseline 0.002 -12"><span class='ocrx_word' id='word_1_221' title='bbox 662 1993 763 2025; x_wconf 86' lang='lat' dir='ltr'><strong>Missa</strong></span> <span class='ocrx_word' id='word_1_222' title='bbox 786 1994 907 2025; x_wconf 89' lang='lat' dir='ltr'><strong>etenim</strong></span> <span class='ocrx_word' id='word_1_223' title='bbox 931 1994 1090 2026; x_wconf 87' lang='lat' dir='ltr'><strong>monacho</strong></span> <span class='ocrx_word' id='word_1_224' title='bbox 1114 1994 1215 2037; x_wconf 88' lang='lat' dir='ltr'><strong>patris</strong></span> <span class='ocrx_word' id='word_1_225' title='bbox 1238 1994 1422 2027; x_wconf 87' lang='lat' dir='ltr'><strong>benedictio</strong></span> <span class='ocrx_word' id='word_1_226' title='bbox 1445 1996 1544 2027; x_wconf 85' lang='lat' dir='ltr'><strong>vitam</strong></span> 
     </span>
     <span class='ocr_line' id='line_1_49' title="bbox 666 2045 1488 2089; baseline 0.002 -13"><span class='ocrx_word' id='word_1_227' title='bbox 666 2045 823 2077; x_wconf 86' lang='lat' dir='ltr'><strong>Reddidit</strong></span> <span class='ocrx_word' id='word_1_228' title='bbox 846 2048 879 2077; x_wconf 90' lang='lat' dir='ltr'><strong>et</strong></span> <span class='ocrx_word' id='word_1_229' title='bbox 901 2045 985 2077; x_wconf 88' lang='lat' dir='ltr'><strong>vires</strong></span> <span class='ocrx_word' id='word_1_230' title='bbox 1008 2045 1135 2077; x_wconf 86' lang='lat' dir='ltr'><strong>medico</strong></span> <span class='ocrx_word' id='word_1_231' title='bbox 1158 2045 1333 2078; x_wconf 85' lang='lat' dir='ltr'><strong>mandante</strong></span> <span class='ocrx_word' id='word_1_232' title='bbox 1355 2047 1488 2089; x_wconf 88' lang='lat' dir='ltr'><strong>recepit.</strong></span> 
     </span>
     <span class='ocr_line' id='line_1_50' title="bbox 664 2097 1479 2135; baseline 0.001 -6"><span class='ocrx_word' id='word_1_233' title='bbox 664 2097 750 2129; x_wconf 89' lang='lat' dir='ltr'><strong>Hinc</strong></span> <span class='ocrx_word' id='word_1_234' title='bbox 774 2098 862 2129; x_wconf 88' lang='lat' dir='ltr'><strong>celer</strong></span> <span class='ocrx_word' id='word_1_235' title='bbox 885 2098 1005 2129; x_wconf 82' lang='lat' dir='ltr'><strong>exsiliit</strong></span> <span class='ocrx_word' id='word_1_236' title='bbox 1028 2108 1152 2129; x_wconf 89' lang='lat' dir='ltr'><strong>summo</strong></span> <span class='ocrx_word' id='word_1_237' title='bbox 1177 2098 1360 2135; x_wconf 86' lang='lat' dir='ltr'><strong>conamine;</strong></span> <span class='ocrx_word' id='word_1_238' title='bbox 1383 2099 1479 2130; x_wconf 89' lang='lat' dir='ltr'><strong>tellus</strong></span> 
     </span>
    </p>

    <p class='ocr_par' dir='ltr' id='par_1_22' title="bbox 663 2150 1535 2296">
     <span class='ocr_line' id='line_1_51' title="bbox 666 2150 1535 2192; baseline 0.002 -11"><span class='ocrx_word' id='word_1_239' title='bbox 666 2150 735 2182; x_wconf 91' lang='lat' dir='ltr'><strong>Iam</strong></span> <span class='ocrx_word' id='word_1_240' title='bbox 758 2160 861 2192; x_wconf 88' lang='lat' dir='ltr'><strong>prope</strong></span> <span class='ocrx_word' id='word_1_241' title='bbox 884 2150 994 2182; x_wconf 84' lang='lat' dir='ltr'><strong>functa</strong></span> <span class='ocrx_word' id='word_1_242' title='bbox 1015 2150 1081 2181; x_wconf 88' lang='lat' dir='ltr'><strong>suis</strong></span> <span class='ocrx_word' id='word_1_243' title='bbox 1104 2150 1194 2182; x_wconf 85' lang='lat' dir='ltr'><strong>enisa</strong></span> <span class='ocrx_word' id='word_1_244' title='bbox 1216 2150 1346 2182; x_wconf 90' lang='lat' dir='ltr'><strong>adstare</strong></span> <span class='ocrx_word' id='word_1_245' title='bbox 1370 2151 1535 2183; x_wconf 89' lang='lat' dir='ltr'><strong>columnis.</strong></span> 
     </span>
     <span class='ocr_line' id='line_1_52' title="bbox 663 2201 1483 2245; baseline 0.004 -12"><span class='ocrx_word' id='word_1_246' title='bbox 663 2201 734 2233; x_wconf 84' lang='lat' dir='ltr'><strong>Nec</strong></span> <span class='ocrx_word' id='word_1_247' title='bbox 759 2204 927 2233; x_wconf 89' lang='lat' dir='ltr'><strong>cunctatus</strong></span> <span class='ocrx_word' id='word_1_248' title='bbox 950 2202 1013 2234; x_wconf 89' lang='lat' dir='ltr'><strong>iter</strong></span> <span class='ocrx_word' id='word_1_249' title='bbox 1035 2202 1156 2234; x_wconf 87' lang='lat' dir='ltr'><strong>iussum</strong></span> <span class='ocrx_word' id='word_1_250' title='bbox 1179 2213 1355 2245; x_wconf 87' lang='lat' dir='ltr'><strong>properare</strong></span> <span class='ocrx_word' id='word_1_251' title='bbox 1378 2204 1483 2236; x_wconf 82' lang='lat' dir='ltr'><strong>viator</strong></span> 
     </span>
     <span class='ocr_line' id='line_1_53' title="bbox 663 2253 1418 2296; baseline 0.003 -11"><span class='ocrx_word' id='word_1_252' title='bbox 663 2253 875 2285; x_wconf 88' lang='lat' dir='ltr'><strong>Adventante</strong></span> <span class='ocrx_word' id='word_1_253' title='bbox 899 2254 966 2285; x_wconf 89' lang='lat' dir='ltr'><strong>viro</strong></span> <span class='ocrx_word' id='word_1_254' title='bbox 990 2254 1172 2296; x_wconf 88' lang='lat' dir='ltr'><strong>procedens</strong></span> <span class='ocrx_word' id='word_1_255' title='bbox 1196 2254 1310 2286; x_wconf 87' lang='lat' dir='ltr'><strong>obvius</strong></span> <span class='ocrx_word' id='word_1_256' title='bbox 1332 2256 1418 2287; x_wconf 84' lang='lat' dir='ltr'><strong>almo</strong></span> 
     </span>
    </p>

    <p class='ocr_par' dir='ltr' id='par_1_23' title="bbox 666 2306 1540 2711">
     <span class='ocr_line' id='line_1_54' title="bbox 666 2306 1463 2351; baseline 0.003 -13"><span class='ocrx_word' id='word_1_257' title='bbox 666 2306 814 2338; x_wconf 90' lang='lat' dir='ltr'><strong>Occurrit</strong></span> <span class='ocrx_word' id='word_1_258' title='bbox 838 2316 934 2338; x_wconf 86' lang='lat' dir='ltr'><strong>sanus</strong></span> <span class='ocrx_word' id='word_1_259' title='bbox 957 2309 1132 2349; x_wconf 85' lang='lat' dir='ltr'><strong>gratesque</strong></span> <span class='ocrx_word' id='word_1_260' title='bbox 1156 2307 1306 2349; x_wconf 82' lang='lat' dir='ltr'><strong>rependit</strong></span> <span class='ocrx_word' id='word_1_261' title='bbox 1329 2309 1463 2351; x_wconf 88' lang='lat' dir='ltr'><strong>opimas.</strong></span> 
     </span>
     <span class='ocr_line' id='line_1_55' title="bbox 667 2357 1540 2403; baseline 0.002 -13"><span class='ocrx_word' id='word_1_262' title='bbox 667 2359 859 2401; x_wconf 89' lang='lat' dir='ltr'><strong>Linguaque</strong></span> <span class='ocrx_word' id='word_1_263' title='bbox 882 2368 1035 2400; x_wconf 86' lang='lat' dir='ltr'><strong>percusso</strong></span> <span class='ocrx_word' id='word_1_264' title='bbox 1059 2357 1135 2390; x_wconf 91' lang='lat' dir='ltr'><strong>dum</strong></span> <span class='ocrx_word' id='word_1_265' title='bbox 1158 2359 1276 2390; x_wconf 86' lang='lat' dir='ltr'><strong>format</strong></span> <span class='ocrx_word' id='word_1_266' title='bbox 1298 2359 1398 2391; x_wconf 88' lang='lat' dir='ltr'><strong>verba</strong></span> <span class='ocrx_word' id='word_1_267' title='bbox 1420 2361 1540 2403; x_wconf 79' lang='lat' dir='ltr'><strong>palato,</strong></span> 
     </span>
     <span class='ocr_line' id='line_1_56' title="bbox 667 2409 1428 2453; baseline 0.001 -12"><span class='ocrx_word' id='word_1_268' title='bbox 667 2410 815 2442; x_wconf 88' lang='lat' dir='ltr'><strong>Insonuit</strong></span> <span class='ocrx_word' id='word_1_269' title='bbox 837 2420 943 2442; x_wconf 88' lang='lat' dir='ltr'><strong>sermo</strong></span> <span class='ocrx_word' id='word_1_270' title='bbox 967 2410 1054 2441; x_wconf 89' lang='lat' dir='ltr'><strong>clara</strong></span> <span class='ocrx_word' id='word_1_271' title='bbox 1077 2409 1118 2441; x_wconf 91' lang='lat' dir='ltr'><strong>de</strong></span> <span class='ocrx_word' id='word_1_272' title='bbox 1141 2410 1235 2442; x_wconf 83' lang='lat' dir='ltr'><strong>fauce</strong></span> <span class='ocrx_word' id='word_1_273' title='bbox 1258 2411 1428 2453; x_wconf 88' lang='lat' dir='ltr'><strong>loquentis.</strong></span> 
     </span>
     <span class='ocr_line' id='line_1_57' title="bbox 667 2462 1436 2496; baseline 0.003 -3"><span class='ocrx_word' id='word_1_274' title='bbox 667 2462 853 2494; x_wconf 82' lang='lat' dir='ltr'><strong>Surrexisse</strong></span> <span class='ocrx_word' id='word_1_275' title='bbox 878 2462 994 2494; x_wconf 88' lang='lat' dir='ltr'><strong>dehinc</strong></span> <span class='ocrx_word' id='word_1_276' title='bbox 1016 2463 1083 2494; x_wconf 84' lang='lat' dir='ltr'><strong>vita</strong></span> <span class='ocrx_word' id='word_1_277' title='bbox 1105 2465 1272 2495; x_wconf 83' lang='lat' dir='ltr'><strong>remeante</strong></span> <span class='ocrx_word' id='word_1_278' title='bbox 1297 2463 1436 2496; x_wconf 85' lang='lat' dir='ltr'><strong>cadaver</strong></span> 
     </span>
     <span class='ocr_line' id='line_1_58' title="bbox 667 2514 1515 2547; baseline 0.002 -2"><span class='ocrx_word' id='word_1_279' title='bbox 667 2514 841 2546; x_wconf 89' lang='lat' dir='ltr'><strong>Admirans</strong></span> <span class='ocrx_word' id='word_1_280' title='bbox 864 2514 997 2546; x_wconf 86' lang='lat' dir='ltr'><strong>fratrum</strong></span> <span class='ocrx_word' id='word_1_281' title='bbox 1021 2514 1137 2546; x_wconf 81' lang='lat' dir='ltr'><strong>cecinit</strong></span> <span class='ocrx_word' id='word_1_282' title='bbox 1160 2525 1231 2546; x_wconf 88' lang='lat' dir='ltr'><strong>cum</strong></span> <span class='ocrx_word' id='word_1_283' title='bbox 1254 2514 1351 2546; x_wconf 91' lang='lat' dir='ltr'><strong>laude</strong></span> <span class='ocrx_word' id='word_1_284' title='bbox 1375 2518 1515 2547; x_wconf 87' lang='lat' dir='ltr'><strong>caterva.</strong></span> 
     </span>
     <span class='ocr_line' id='line_1_59' title="bbox 668 2565 1538 2609; baseline 0.002 -12"><span class='ocrx_word' id='word_1_285' title='bbox 668 2566 731 2602; x_wconf 84' lang='lat' dir='ltr'><strong>Qui</strong></span> <span class='ocrx_word' id='word_1_286' title='bbox 754 2569 863 2598; x_wconf 88' lang='lat' dir='ltr'><strong>tamen</strong></span> <span class='ocrx_word' id='word_1_287' title='bbox 886 2565 1069 2597; x_wconf 86' lang='lat' dir='ltr'><strong>admonitus</strong></span> <span class='ocrx_word' id='word_1_288' title='bbox 1091 2576 1198 2597; x_wconf 89' lang='lat' dir='ltr'><strong>mores</strong></span> <span class='ocrx_word' id='word_1_289' title='bbox 1221 2569 1346 2598; x_wconf 86' lang='lat' dir='ltr'><strong>mutare</strong></span> <span class='ocrx_word' id='word_1_290' title='bbox 1369 2569 1538 2609; x_wconf 86' lang='lat' dir='ltr'><strong>protervos</strong></span> 
     </span>
     <span class='ocr_line' id='line_1_60' title="bbox 667 2617 1424 2661; baseline 0 -11"><span class='ocrx_word' id='word_1_291' title='bbox 667 2618 787 2661; x_wconf 83' lang='lat' dir='ltr'><strong>Sospes</strong></span> <span class='ocrx_word' id='word_1_292' title='bbox 812 2628 884 2650; x_wconf 90' lang='lat' dir='ltr'><strong>cum</strong></span> <span class='ocrx_word' id='word_1_293' title='bbox 910 2618 1006 2649; x_wconf 86' lang='lat' dir='ltr'><strong>venia</strong></span> <span class='ocrx_word' id='word_1_294' title='bbox 1029 2617 1123 2649; x_wconf 88' lang='lat' dir='ltr'><strong>sociis</strong></span> <span class='ocrx_word' id='word_1_295' title='bbox 1146 2618 1336 2649; x_wconf 89' lang='lat' dir='ltr'><strong>mirantibus</strong></span> <span class='ocrx_word' id='word_1_296' title='bbox 1358 2618 1424 2650; x_wconf 83' lang='lat' dir='ltr'><strong>ivit.</strong></span> 
     </span>
     <span class='ocr_line' id='line_1_61' title="bbox 668 2669 1511 2711; baseline 0.001 -10"><span class='ocrx_word' id='word_1_297' title='bbox 668 2670 827 2701; x_wconf 89' lang='lat' dir='ltr'><strong>Materiae</strong></span> <span class='ocrx_word' id='word_1_298' title='bbox 850 2669 939 2701; x_wconf 92' lang='lat' dir='ltr'><strong>locus</strong></span> <span class='ocrx_word' id='word_1_299' title='bbox 964 2672 1014 2701; x_wconf 90' lang='lat' dir='ltr'><strong>est</strong></span> <span class='ocrx_word' id='word_1_300' title='bbox 1036 2669 1230 2711; x_wconf 86' lang='lat' dir='ltr'><strong>triplicatum</strong></span> <span class='ocrx_word' id='word_1_301' title='bbox 1253 2672 1368 2701; x_wconf 85' lang='lat' dir='ltr'><strong>texere</strong></span> <span class='ocrx_word' id='word_1_302' title='bbox 1392 2670 1511 2711; x_wconf 87' lang='lat' dir='ltr'><strong>funem,</strong></span> 
     </span>
    </p>
   </div>
   <div class='ocr_carea' id='block_1_15' title="bbox 732 2789 1330 2824">
    <p class='ocr_par' dir='ltr' id='par_1_24' title="bbox 732 2789 1330 2824">
     <span class='ocr_line' id='line_1_62' title="bbox 732 2789 1330 2824; baseline -0.002 -7"><span class='ocrx_word' id='word_1_303' title='bbox 732 2790 782 2817; x_wconf 85' lang='lat'><strong>349</strong></span> <span class='ocrx_word' id='word_1_304' title='bbox 800 2792 903 2824; x_wconf 79' lang='lat' dir='ltr'><strong>stringit</strong></span> <span class='ocrx_word' id='word_1_305' title='bbox 914 2791 940 2816; x_wconf 92' lang='lat' dir='ltr'><em>B</em></span> <span class='ocrx_word' id='word_1_306' title='bbox 1027 2790 1078 2816; x_wconf 84' lang='lat'><strong>368</strong></span> <span class='ocrx_word' id='word_1_307' title='bbox 1095 2789 1147 2815; x_wconf 68' lang='lat' dir='ltr'><strong>an*</strong></span> <span class='ocrx_word' id='word_1_308' title='bbox 1164 2792 1269 2816; x_wconf 76' lang='lat' dir='ltr'><strong>Partem</strong></span> <span class='ocrx_word' id='word_1_309' title='bbox 1286 2791 1330 2816; x_wconf 81' lang='lat' dir='ltr'><strong>dat</strong></span> 
     </span>
    </p>
   </div>
   <div class='ocr_carea' id='block_1_16' title="bbox 2043 2641 2060 2863">
    <p class='ocr_par' dir='ltr' id='par_1_25' title="bbox 2043 2641 2060 2863">
     <span class='ocr_line' id='line_1_63' title="bbox 2043 2641 2060 2863; textangle 90"><span class='ocrx_word' id='word_1_310' title='bbox 2043 2736 2060 2863; x_wconf 37' lang='lat' dir='ltr'><strong>mna—..Ala</strong></span> <span class='ocrx_word' id='word_1_311' title='bbox 2056 2682 2060 2705; x_wconf 94' lang='lat'><strong>..</strong></span> <span class='ocrx_word' id='word_1_312' title='bbox 2056 2641 2060 2650; x_wconf 89' lang='lat'><em>-</em></span> 
     </span>
    </p>
   </div>
  </div>
 </body>
</html>
