2092 3094
263 199 325 230 258

553 290 576 307 10

554 548 577 566 15

555 1066 579 1085 25

557 1325 582 1344 30

559 1584 584 1603 35

560 1845 586 1863 40

562 2104 587 2123 45

565 2365 590 2383 50

566 2625 590 2643 55

384 2849 416 2878 13
435 2851 550 2878 XEBVB
569 2850 594 2878 P

633 196 957 223 BIBLIOTHECARUM
978 196 1022 223 ΕΤ
1042 195 1326 222 PSAL'I'ERIORUM
1344 194 1483 221 VERSUS
1502 195 1548 222 Vl.

635 283 711 322 Sed,
735 294 835 325 quare
860 294 933 314 cum
956 283 1030 314 labe
1055 282 1124 314 dies
1148 282 1264 314 merito
1288 284 1498 324 peraguntur.

630 334 695 366 Hic
720 346 835 366 cernas
859 334 965 366 Adam
989 335 1111 366 factum
1136 333 1219 365 libra
1242 333 1384 375 pietatis,

631 386 661 417 A
685 396 720 417 se
744 385 909 418 defectum
933 386 992 418 sed
1014 397 1078 417 non
1103 385 1172 417 sine
1196 385 1269 427 lege
1294 385 1454 416 relictum.

630 438 694 469 Hic
718 438 840 470 cherub
866 438 1031 480 geminum
1055 437 1172 470 diffuso
1197 436 1294 468 corde
1318 436 1446 468 videbis

631 489 879 532 Propitiumque
904 490 1000 522 deum
1026 489 1198 521 manifesta
1221 489 1294 520 luce
1317 488 1455 519 notabis.

635 541 798 584 Tempore
822 542 951 573 diverso
976 541 1104 573 diffudit
1127 541 1262 583 spiritus
1285 539 1372 571 idem

632 592 729 625 Hanc
752 594 885 636 pietatis
911 596 1018 636 opem,
1043 593 1102 625 sed
1126 593 1256 624 Christo
1279 591 1386 623 iudice
1410 591 1518 623 finem.

634 645 775 687 Spiritus
800 646 958 677 almificus
982 645 1033 676 hie
1056 644 1170 687 pandit
1193 644 1265 675 iura
1288 645 1442 683 rotarum,

633 696 742 739 Atque
766 697 955 729 volubilitas
978 697 1031 728 hic
1053 696 1215 739 promitur
1237 695 1348 726 ordine
1373 705 1477 734 sacro,

633 748 922 780 Testamentorum
945 759 1005 791 per
1027 751 1176 790 tempora
1199 748 1318 790 quippe
1341 746 1493 784 duorum;

636 800 680 831 Et
704 812 764 832 sex
788 804 916 833 aetates
940 812 998 843 pro
1021 810 1157 831 munere
1181 809 1300 841 nempe
1323 798 1450 830 dierum

633 852 698 884 Hic
721 852 960 892 describuntur,
985 852 1063 894 quin
1088 851 1227 894 septima
1250 851 1338 882 facta
1359 851 1488 892 quietis.

634 904 698 936 Hic
722 905 855 947 Moyses
879 905 989 946 legem
1013 907 1149 936 cornuta
1172 904 1244 935 luce
1268 903 1432 935 ministrat

633 955 743 998 Atque
769 957 1000 999 prophetarum
1025 956 1117 988 nobis
1142 955 1275 987 oracula
1298 955 1464 996 clangunt.

634 1007 766 1040 Emicat
788 1008 849 1040 hoc
872 1008 967 1040 iubar
989 1009 1023 1040 in
1046 1011 1115 1039 toto
1138 1007 1287 1039 diffusius
1310 1006 1388 1038 orbe

638 1059 703 1091 Hic
726 1060 898 1102 psalmista
920 1063 1038 1103 potens
1062 1059 1172 1091 David
1195 1059 1324 1090 domino
1350 1058 1571 1100 cytharizans:

635 1111 679 1143 Et
702 1111 813 1144 docuit
836 1112 951 1144 laudes
976 1115 1009 1144 et
1033 1112 1165 1154 scripsit
1189 1111 1260 1142 iura
1282 1113 1483 1153 precantum.

636 1162 700 1195 Hic
725 1163 818 1195 cibus
843 1167 894 1195 est
917 1163 1031 1202 dulcis,
1054 1163 1108 1195 hic
1130 1174 1208 1195 vero
1231 1163 1367 1205 pignore
1391 1172 1520 1201 manna,

637 1214 702 1246 Hic
726 1218 820 1246 actus
844 1215 1012 1247 hominum
1036 1215 1156 1247 merita
1178 1214 1219 1246 de
1243 1218 1330 1246 sorte
1353 1216 1518 1247 notantur.

637 1267 723 1303 Quid
748 1278 878 1307 caveas,
902 1268 1015 1307 lector,
1039 1267 1091 1298 vel
1115 1266 1192 1309 quid
1215 1266 1352 1298 secteris
1376 1266 1409 1297 in
1433 1266 1530 1306 omni,

635 1319 707 1350 Hoc
730 1319 855 1361 poteris
881 1323 971 1357 certe
995 1319 1146 1351 redimito
1170 1318 1283 1350 codice
1306 1328 1415 1350 nosse.

638 1371 708 1402 Ista
731 1372 865 1408 lucerna
887 1374 1002 1414 parata
1025 1371 1111 1403 viam
1133 1381 1193 1413 per
1215 1370 1348 1402 saecula
1370 1373 1545 1402 monstrat:

638 1423 802 1466 Tempora
824 1434 899 1455 nam
924 1423 1071 1455 scribens
1095 1425 1266 1454 aeternum
1290 1422 1398 1454 vivere
1421 1421 1545 1464 pandit.

637 1474 734 1506 Unde
757 1485 876 1507 novum
901 1474 991 1506 sidus
1015 1474 1162 1516 sequitur
1185 1473 1225 1506 de
1249 1474 1375 1516 virgine
1399 1477 1511 1505 natus:

637 1526 748 1568 Atque
772 1527 847 1558 novi
869 1526 1063 1558 testamenti
1085 1526 1122 1557 fit
1144 1526 1243 1557 ianua
1267 1524 1430 1556 Christus.

638 1577 702 1614 Qui
726 1589 877 1610 reserans
901 1581 1032 1610 veteres
1055 1577 1187 1609 umbras
1211 1577 1353 1619 caligine
1376 1579 1481 1609 tectas

637 1631 727 1663 Vera
749 1632 867 1664 dehinc
889 1632 1020 1675 populis
1045 1634 1078 1663 et
1101 1631 1248 1674 praemia
1272 1633 1361 1662 certa
1383 1630 1515 1662 retexit.

638 1683 712 1715 Hoc
736 1687 769 1715 et
792 1684 984 1726 apostolicis
1007 1683 1143 1715 dictavit
1165 1683 1287 1715 famine
1312 1683 1442 1725 scriptis

639 1735 767 1777 Hisque
791 1735 1023 1778 prophetarum
1046 1735 1188 1767 firmavit
1211 1734 1299 1766 dicta
1322 1734 1479 1777 priorum.

639 1786 701 1818 His
726 1787 878 1829 dapibus,
901 1788 1013 1825 lector,
1037 1786 1192 1829 reficique
1216 1786 1344 1828 fruique
1367 1789 1541 1826 memento,

644 1838 791 1881 Quisque
815 1839 913 1871 fidem
938 1838 1061 1870 Christi
1083 1838 1283 1881 baptismate
1307 1838 1373 1872 iam
1396 1837 1544 1880 tetigisti.

641 1890 712 1921 Has
735 1901 795 1922 nec
819 1890 914 1922 Plato
939 1890 1006 1922 suis
1029 1890 1136 1933 potuit
1157 1889 1303 1931 reperire
1326 1889 1440 1921 labore

640 1941 739 1981 Ideis,
762 1942 843 1974 miro
866 1942 1000 1984 ingenio
1025 1952 1098 1973 cum
1121 1941 1269 1984 preditus
1295 1943 1394 1979 esset,

643 1993 709 2026 Sed
732 2004 794 2025 nec
818 1994 1090 2036 Pythagorasque
1114 1993 1301 2025 matheseos
1325 1992 1507 2030 studiosus;

641 2046 712 2078 Nec
735 2045 839 2086 Maro,
862 2045 1014 2078 Meonius
1038 2056 1099 2077 nec
1122 2047 1216 2077 vates
1239 2045 1301 2077 rite
1324 2044 1481 2087 probatus

645 2097 751 2130 Veras
775 2097 909 2130 delicias
933 2098 1109 2139 quiverunt
1131 2100 1269 2139 tangere
1294 2096 1401 2128 corde.

642 2148 792 2181 Christus
817 2149 859 2181 ad
881 2149 964 2182 haec
991 2149 1083 2181 nobis
1108 2149 1259 2181 consultu
1282 2151 1315 2180 et
1337 2159 1418 2180 voce
1440 2148 1599 2190 magistra

643 2201 822 2244 Prospexit
846 2205 1022 2244 votumque
1046 2200 1137 2233 dedit
1158 2201 1223 2232 iam
1247 2200 1333 2232 velle
1356 2202 1529 2243 paternum

642 2253 810 2290 Quaerere
834 2253 995 2296 pulsando
1021 2253 1152 2295 vitaque
1176 2252 1210 2284 in
1234 2252 1345 2295 saecla
1367 2251 1516 2284 fruendo.

643 2305 727 2346 Hac,
752 2305 867 2345 lector,
892 2315 1005 2337 mensa
1028 2305 1136 2337 fruere
1160 2314 1198 2336 ac
1221 2303 1263 2336 de
1286 2303 1408 2335 famine
1432 2303 1516 2344 vive,

642 2357 716 2389 Hac
739 2357 804 2389 mel
829 2360 928 2400 atque
953 2357 1061 2389 oleum
1085 2356 1133 2388 de'
1149 2359 1244 2399 petra
1267 2367 1348 2399 suge
1374 2356 1500 2388 salutis.

643 2409 758 2441 Rubra
780 2409 923 2441 Falerna
945 2409 1050 2448 bibas,
1074 2409 1191 2451 quibus
1215 2408 1291 2440 hinc
1315 2419 1376 2451 per
1399 2408 1533 2440 saecula
1555 2408 1658 2448 vivas,

644 2462 886 2504 Propositoque
910 2461 964 2493 dei
988 2461 1191 2504 conscriptus
1214 2461 1249 2492 in
1271 2470 1346 2492 arce
1370 2460 1514 2493 tonantis

645 2513 696 2545 Sis
721 2513 904 2545 membrum
928 2513 1052 2545 Christi
1075 2513 1179 2556 pretio
1203 2512 1243 2544 de
1268 2512 1436 2554 sanguinis
1460 2515 1599 2555 emptus.

641 2566 736 2598 Haec
760 2576 901 2608 namque
925 2565 1075 2597 invenies
1099 2564 1267 2607 praesenti
1289 2574 1414 2606 pascua
1436 2564 1529 2604 libro,

651 2617 758 2653 Quem
782 2618 843 2649 tibi
866 2627 1029 2659 quemque
1054 2617 1120 2648 tuis
1142 2627 1203 2648 rex
1225 2615 1368 2648 Kar-olus
1393 2626 1448 2648 ore
1474 2626 1609 2648 serenus

645 2668 761 2709 Offert,
785 2668 926 2708 Christe,
950 2671 1093 2710 tuusque
1118 2668 1219 2700 cliens
1243 2670 1276 2700 et
1299 2667 1397 2699 corde
1421 2667 1539 2700 fidelis.

644 2720 725 2753 Eius
751 2720 792 2752 ad
816 2721 988 2763 imperium
1012 2720 1123 2752 devoti
1144 2720 1288 2762 pectoris
1313 2722 1403 2751 artus

678 2850 713 2878 45
731 2860 767 2878 an
785 2850 902 2881 *coi-da?
988 2849 1023 2879 46
1041 2851 1073 2877 ad
1090 2851 1139 2889 cfr.
1159 2858 1241 2887 cupra
1258 2857 1279 2875 ο.
1295 2849 1320 2882 I,
1338 2848 1372 2875 13
1384 2858 1414 2887 p.
1433 2848 1484 2878 257
