2060 3074
749 115 797 142 DE
816 115 1046 142 SOBRIETATE
1065 115 1173 142 LIBER
1185 116 1220 143 Π.
1745 119 1807 149 657

442 213 480 232 4ου
523 200 567 232 Et
588 201 682 233 nudis
704 202 824 233 toleret
845 202 964 244 plantis
987 202 1056 234 fera
1079 202 1200 245 frigora
1222 202 1373 239 brumae;

524 252 653 295 Aspera
675 254 716 284 sit
737 254 846 294 vestis,
871 264 954 296 quae
978 254 1062 286 sidat
1083 255 1116 286 in
1139 254 1265 286 ossibus
1286 255 1368 295 imis,

525 305 575 337 Sit
597 316 726 337 somnus
749 305 905 346 modicus,
929 307 970 338 sit
993 307 1090 338 tellus
1112 307 1250 339 herbida
1271 307 1384 339 lectus.

525 356 560 388 Si
583 357 629 389 sic
652 367 730 400 ergo
754 361 843 390 tuam
868 358 1034 390 dominatu
1055 359 1211 401 presseris
1234 359 1334 402 Agar,

522 407 646 440 Audiet
669 409 832 451 angelicas
855 420 953 442 voces
975 413 1173 453 puteumque
1196 411 1307 443 salutis

440 472 478 491 4⁰5
522 459 661 492 Hauriet
685 463 719 492 et
741 460 903 493 dominam
926 462 1058 493 tandem
1083 473 1279 504 cognoscere
1304 462 1433 494 Sarram

523 511 635 554 Mente
658 512 772 543 humili
794 513 927 555 incipiet
948 513 1076 545 modica
1099 525 1171 546 cum
1194 515 1286 557 prole
1309 525 1448 547 reversa.

523 563 619 595 Unde
642 564 702 595 tibi
725 564 863 596 famulus
886 568 1009 606 venter,
1034 566 1074 597 sit
1097 576 1190 598 serva
1212 566 1321 598 libido.

523 614 734 658 Aethiopissa
757 616 866 657 etiam,
890 627 947 659 pro
971 628 1035 659 qua
1058 618 1222 650 contendit
1243 618 1355 650 Aaron

524 667 696 700 Mansueto
721 679 793 699 cum
816 669 915 700 fratre
939 679 1007 710 suo,
1029 680 1114 702 nova
1135 671 1240 713 iurgia
1262 671 1374 712 gignit.

439 740 478 760 no
565 728 624 760 IX.
649 728 815 760 Sobrietas
837 730 951 762 victrix
974 731 1006 762 in
1030 731 1111 762 caeli
1134 741 1212 773 rege
1235 731 1434 773 triumphans

521 780 591 812 Nos
614 781 675 812 sibi
699 781 863 812 consociet
884 782 1071 824 patriosque
1094 782 1228 814 reducat
1251 782 1293 814 ad
1315 783 1436 823 hortos,

467 840 470 843 ’
522 831 660 864 Divinae
683 832 766 874 legis
790 832 919 864 domino
944 833 1083 865 ducente
1106 835 1255 866 columna

520 883 704 916 Praecedat
721 895 855 926 gressus
879 888 912 916 et
934 889 1060 917 nostros
1083 885 1200 928 dirigat
1222 890 1322 919 actus.

521 936 608 968 Ante
632 937 742 968 oculos
765 940 892 968 nostros
915 937 999 969 hanc
1021 948 1238 980 proponamus
1262 941 1386 979 euntes,

440 999 480 1019 ιιι
524 987 616 1024 Quae
639 988 772 1030 gemina
795 988 877 1020 facie
901 989 1074 1021 tenebrosa
1097 993 1130 1021 et
1152 989 1259 1021 lucida
1282 990 1408 1032 fulgens

521 1039 652 1071 Claudit
673 1040 735 1072 iter
757 1040 875 1082 pravis,
899 1051 988 1072 mare
1012 1041 1143 1072 rubrum
1166 1041 1278 1084 pandit
1301 1043 1421 1074 amicis.

521 1091 574 1122 Fit
596 1092 649 1123 via
672 1102 732 1134 per
753 1092 890 1134 pelagus
913 1093 1046 1134 populo,
1070 1093 1123 1135 qui
1146 1096 1257 1135 pastus
1280 1094 1396 1126 amaris

519 1142 670 1174 Lactucis
693 1147 727 1175 et
749 1154 834 1186 pane
857 1143 984 1176 humili:
1009 1155 1072 1187 quo
1097 1145 1204 1176 sobrie
1228 1145 1332 1177 discas

521 1194 652 1235 Vivere,
676 1195 840 1227 viventum
864 1196 976 1238 cupias
999 1197 1024 1227 si
1048 1199 1183 1238 tangere
1207 1200 1335 1229 terram.

436 1258 476 1278 ⁴20
518 1246 670 1279 Ebrietas
692 1258 846 1290 magnum
869 1248 974 1279 scelus
998 1252 1048 1280 est
1071 1249 1294 1292 scelerumque
1318 1250 1471 1281 creatrix:

518 1298 665 1331 Inferciri
687 1300 768 1331 escis
790 1300 896 1331 nimiis
918 1300 1058 1342 vinoque
1081 1301 1209 1342 gravari

519 1350 594 1382 Non
617 1349 736 1382 Christi
759 1350 880 1392 dogma
904 1354 963 1391 est,
986 1351 1076 1394 porci
1099 1351 1158 1383 sed
1181 1355 1270 1384 secta
1292 1352 1431 1395 Epicuri.

519 1401 625 1439 Quale
648 1403 690 1434 sit
711 1402 784 1443 hoc,
806 1403 918 1443 lector,
942 1403 1109 1446 perpende
1133 1404 1304 1447 animoque
1327 1405 1469 1446 revolve,

521 1454 663 1487 Prandia
686 1455 712 1486 si
735 1455 879 1487 cumules
901 1456 989 1487 cenis
1011 1455 1189 1498 potioribus
1211 1457 1266 1488 illo

437 1518 476 1538 ω
520 1506 694 1550 Tempore,
719 1517 783 1550 quo
805 1507 905 1539 iudex
928 1510 1081 1539 venturus
1103 1507 1244 1540 creditur
1265 1508 1335 1540 orbi

519 1557 665 1590 Christus
688 1560 912 1602 cunctipotens
935 1559 1129 1591 metuendus
1148 1559 1193 1594 ab
1217 1560 1350 1592 aethere
1375 1571 1509 1601 summo,

523 1610 699 1643 Terribiles
721 1614 847 1643 turmae
870 1611 1015 1654 caelique
1040 1611 1200 1643 exercitus
1224 1612 1336 1652 omnis,

518 1662 653 1694 Militiae
677 1663 846 1705 angelicae
870 1663 967 1694 nimio
990 1666 1114 1694 terrore
1138 1663 1278 1695 tribunal

518 1713 705 1757 Stipabunt:
729 1715 859 1758 capient
882 1715 998 1753 cuncti,
1023 1714 1110 1757 quod
1132 1715 1266 1758 quisque
1290 1719 1440 1748 meretur.

435 1778 475 1798 ⁴³0
518 1765 572 1798 Sic
594 1766 640 1798 ait
662 1766 732 1809 ipse
755 1767 905 1809 loquens:
931 1768 976 1798 ‘ut
999 1766 1162 1809 quondam
1186 1770 1333 1810 tempore
1356 1767 1428 1800 Noe

519 1817 642 1850 Pocula
664 1818 836 1850 sumebant
859 1822 893 1850 et
915 1818 1050 1861 prandia
1073 1819 1207 1861 opipara
1229 1819 1372 1861 agebant

516 1869 561 1902 Hi
584 1870 706 1913 populi,
731 1871 784 1913 qui
809 1874 884 1902 tunc
907 1869 1038 1912 liquidis
1061 1871 1188 1913 periere
1212 1871 1270 1902 sub
1294 1871 1398 1912 undis,

516 1921 648 1954 Diluvio
671 1922 800 1954 insolito
825 1933 897 1954 cum
921 1932 1008 1953 mors
1032 1922 1162 1964 inopina
1184 1923 1318 1963 veniret,

518 1973 570 2005 Sic
594 1974 666 2014 erit,
690 1977 859 2006 extremae
883 1974 993 2005 veniet
1016 1984 1087 2005 cum
1112 1974 1267 2005 terminus
1289 1973 1399 2005 borae.

432 2037 471 2056 ωε,
514 2024 588 2056 Non
611 2035 704 2057 secus
726 2025 848 2057 infandi
873 2025 1061 2056 Sodomitae
1085 2024 1220 2067 prandia
1243 2025 1386 2067 agebant

515 2076 627 2108 Securi
651 2077 776 2119 tutique
800 2087 878 2108 suae
904 2076 963 2108 sub
988 2076 1158 2108 moenibus
1181 2076 1284 2112 urbis;

514 2128 600 2160 Loth
622 2129 797 2160 miserante
822 2128 885 2160 deo
910 2139 983 2160 cum
1007 2131 1103 2170 porta
1127 2128 1227 2159 exivit
1249 2131 1374 2171 aperta,

516 2179 610 2212 Sorte
634 2181 803 2222 repentina
827 2181 872 2212 sic
896 2180 966 2212 fuso
991 2180 1125 2212 caelitus
1148 2180 1251 2212 imbre

253 2310 305 2336 438
323 2311 405 2336 Morte
423 2309 589 2342 Duplanque

251 2387 311 2413 408.
323 2387 377 2413 409
394 2386 478 2415 Num.
500 2387 540 2420 12,
554 2387 567 2414 1
587 2386 683 2413 locuta
701 2387 744 2412 est
756 2386 847 2412 Maria
865 2387 894 2412 et
906 2387 998 2412 Aaron
1013 2386 1111 2411 contra
1124 2385 1239 2418 Moysen
1258 2386 1373 2419 propter
1385 2393 1499 2411 uxorem
1513 2385 1572 2411 eius
1585 2384 1801 2419 Aethiopissam.

148 2438 287 2465 410-419
306 2437 400 2466 Eoeod.
419 2439 491 2470 128
509 2438 593 2466 edent
615 2446 727 2472 azymos
752 2446 838 2473 panes
857 2447 920 2465 cum
946 2437 1063 2464 lactucis
1087 2436 1259 2471 agrestibus;
1285 2437 1326 2468 13,
1339 2437 1371 2463 21
1397 2436 1526 2463 dominus
1549 2436 1734 2471 praecedebat
1755 2445 1800 2463 eos

148 2488 185 2516 ad
209 2489 409 2517 ostendendam
428 2490 503 2517 viam
526 2499 577 2525 per
600 2490 675 2517 diem
698 2490 728 2516 in
754 2490 884 2517 columna
907 2489 990 2516 nubis
1014 2490 1043 2516 et
1066 2497 1116 2523 per
1139 2489 1248 2515 noctem
1271 2487 1302 2514 in
1325 2488 1454 2515 columna
1477 2487 1564 2522 ignis,
1587 2489 1621 2514 ut
1643 2487 1701 2514 dux
1726 2489 1799 2515 esset

148 2539 258 2567 itineris
276 2542 395 2575 utroque
413 2542 546 2576 tempore.
624 2542 676 2569 422
696 2541 763 2568 Hor.
783 2541 846 2575 Epl.
867 2541 887 2567 Ι
894 2541 919 2573 4,
934 2541 966 2567 16
985 2539 1099 2575 Epicuri
1119 2539 1153 2566 de
1171 2548 1256 2574 grege
1275 2547 1399 2574 porcum.
1469 2539 1608 2566 430—440
1626 2538 1694 2566 Luc.
1714 2540 1753 2571 17,
1766 2540 1799 2566 26

149 2591 221 2619 sient
238 2591 344 2619 factum
369 2594 410 2620 est
434 2593 464 2620 in
487 2593 586 2620 diebus
605 2593 678 2624 Noe,
704 2593 745 2620 ita
764 2593 818 2619 erit
840 2593 868 2619 in
889 2592 986 2619 diebus
1012 2591 1062 2618 filii
1087 2590 1214 2617 hominis.
1250 2591 1283 2617 27
1309 2590 1430 2617 edebant
1454 2591 1483 2616 et
1505 2589 1640 2616 bibebant
1666 2609 1688 2616 ..
1712 2598 1800 2623 usque

148 2643 177 2670 in
195 2643 278 2676 diem,
296 2652 353 2678 qua
367 2644 486 2672 intravit
503 2645 564 2672 Noe
588 2645 617 2671 in
636 2653 729 2672 arcam
754 2646 783 2671 et
802 2644 879 2671 venit
897 2643 1034 2670 diluvium
1060 2644 1090 2669 et
1116 2641 1240 2676 perdidit
1265 2650 1369 2668 omnes.
1404 2641 1438 2667 28
1456 2641 1587 2667 similiter
1604 2641 1677 2668 sicut
1694 2641 1799 2668 factum

147 2696 191 2722 eut
207 2694 237 2722 in
256 2695 355 2723 diebu·
373 2695 457 2723 Loth:
480 2696 603 2723 edebant
621 2698 650 2723 et
668 2695 803 2723 bibebant
823 2716 829 2723 .
841 2717 847 2723 .
865 2696 902 2723 29
927 2703 984 2729 qua
1001 2694 1047 2721 die
1067 2695 1162 2720 autem
1186 2693 1256 2720 exiit
1274 2694 1346 2721 Loth
1365 2702 1383 2720 a
1402 2693 1540 2725 Sodomis,
1565 2693 1640 2727 pluit
1658 2693 1751 2728 ignem
1771 2694 1798 2719 et

147 2746 266 2782 sulphur
282 2747 318 2775 de
335 2748 412 2775 caelo
431 2749 461 2776 et
478 2757 573 2776 omnes
591 2749 723 2783 perdidit.
758 2748 794 2775 30
811 2747 962 2775 secundnm
982 2747 1050 2773 haec
1069 2745 1132 2778 erit,
1152 2754 1208 2780 qua
1226 2747 1271 2774 die
1290 2747 1363 2774 filius
1382 2744 1503 2773 hominis
1522 2744 1701 2772 revelabitur.
