2040 2996
284 144 345 176 204
846 137 990 169 SEDULII
1010 137 1139 169 SCOT'PI
1157 139 1325 169 CARMINA
1341 140 1377 170 11.

1084 239 1133 261 XL.

960 293 1258 326 EPITAPHIUM.

649 354 854 396 Hildbertus,
879 356 1003 387 meritis
1027 355 1080 397 qui
1103 355 1194 387 fulsit
1217 356 1390 398 episcopus
1415 355 1519 396 almis,

696 408 894 451 Assumptus
919 409 1010 440 eaelo
1033 409 1095 439 hoe
1119 409 1205 440 iacet
1228 409 1261 439 in
1284 410 1419 441 tumulo.
1444 429 1485 432 —

646 460 814 492 Presbiter
837 462 990 503 egregius
1015 461 1182 493 excellens
1206 462 1360 500 moribus,
1385 473 1494 493 arcam

696 512 801 551 Hanc,
825 513 998 545 benedicte
1023 524 1126 544 senex
1149 513 1344 553 Adaluvine,
1367 517 1473 546 tenes.

1078 645 1138 666 XLl.

605 697 665 729 DE
692 697 886 734 QUODAM
909 698 1121 730 VERBEOE
1147 699 1176 730 A
1202 698 1322 730 CANE
1346 697 1610 731 DISOERPTO.

648 758 729 790 Cum
754 758 835 790 deus
859 759 1039 801 altipotens
1063 759 1217 791 animalia
1240 758 1385 789 condidit
1408 759 1505 798 orbis,

695 811 787 847 Quae
813 821 912 849 mare,
936 821 1019 853 quae
1043 811 1151 849 tellus,
1175 821 1258 852 quae
1283 813 1372 841 tenet
1395 813 1493 852 atque
1516 812 1622 853 polus:

646 862 750 894 Multo
774 863 936 894 multones
960 866 1037 894 tunc
1061 862 1287 904 multiplicavit
1311 861 1446 899 honore,

693 914 785 946 Inter
807 915 956 946 balantes
979 915 1057 945 fecit
1081 925 1202 956 eosque
1227 913 1338 945 duces.

579 974 589 990 ‘·
643 966 801 1008 Tegmine
824 966 972 1008 lanigero
997 966 1129 997 vestivit
1153 965 1301 997 conditor
1324 966 1440 1006 almus,

692 1018 804 1050 Induit
828 1029 869 1049 ex
894 1029 1004 1050 crasso
1029 1018 1177 1060 corporis
1201 1018 1326 1060 hosque
1350 1018 1459 1060 peplo,

647 1070 809 1101 Cornibus
834 1073 867 1101 et
891 1070 998 1101 curvis
1022 1070 1147 1101 frontes
1171 1070 1308 1101 armavit
1332 1069 1492 1101 aduncas:

693 1121 814 1153 Contra
838 1122 1028 1164 cornigeros
1050 1121 1138 1153 bella
1163 1121 1306 1163 superba
1330 1125 1462 1163 gerant;

643 1173 786 1205 Naribus
810 1173 842 1204 in
867 1174 1005 1215 geminis
1029 1174 1146 1216 sparsit
1170 1174 1320 1215 viresque
1344 1174 1512 1216 superbaS,

564 1232 588 1250 ¹⁰
693 1225 839 1256 Flatibus
863 1226 896 1256 in
919 1226 1028 1257 multis
1054 1225 1281 1267 multiplicavit
1305 1236 1372 1256 eas.

645 1277 735 1308 Mitis
759 1277 952 1319 simplicitas
978 1277 1036 1309 sed
1061 1277 1217 1308 cornibus
1240 1277 1340 1308 insita
1365 1277 1476 1316 sacris,

691 1329 818 1361 Toxica
840 1340 901 1361 nec
925 1330 1071 1361 lacerant
1093 1329 1218 1371 hosque
1241 1339 1371 1361 venena
1394 1329 1477 1371 pios:

643 1381 738 1413 Unde
762 1381 849 1421 mihi,
872 1381 989 1421 fateor,
1013 1381 1127 1413 horum
1152 1381 1282 1413 dilectio
1307 1381 1418 1419 crevit,

697 1433 808 1466 Crevit
832 1445 922 1465 amor
944 1434 1044 1476 pepli,
1067 1433 1198 1476 pinguis
1223 1435 1256 1465 et
1279 1433 1435 1465 umbilici.

564 1493 587 1511 ¹⁵
642 1487 719 1518 Iuro
743 1497 803 1529 per
827 1486 887 1517 hos
912 1485 1043 1527 digitos,
1068 1485 1153 1528 quod
1178 1485 1211 1516 in
1235 1485 1297 1516 hoc
1320 1495 1385 1516 non
1411 1485 1550 1516 mentior
1572 1496 1742 1527 umquam:

686 1538 785 1569 Tales
810 1537 895 1580 quod
919 1538 1025 1580 cupio,
1049 1537 1159 1578 diligo,
1184 1547 1314 1579 semper
1339 1547 1427 1572 amo;

641 1590 710 1621 Nec
734 1589 858 1621 Lethes
882 1589 999 1621 fluvius
1024 1600 1150 1620 sacrum
1175 1588 1298 1620 delebit
1321 1599 1480 1620 amorem:

687 1641 734 1673 Os
758 1641 844 1683 quod
866 1641 1082 1683 proloquitur,
1107 1641 1238 1672 conseia
1260 1651 1353 1672 mens
1377 1640 1537 1683 perhibet.

639 1693 752 1725 Nostri
776 1693 927 1725 versiculi
950 1693 1009 1724 hos
1032 1692 1166 1724 laudant
1189 1692 1313 1734 hosque
1337 1692 1480 1723 salutant
1503 1710 1544 1714 —-

556 1753 582 1771 2⁰
686 1745 756 1777 Nec
781 1745 898 1777 falsum
921 1745 1003 1785 dico,
1028 1745 1091 1776 scis
1115 1745 1215 1783 velut,
1240 1744 1324 1775 alme
1348 1747 1451 1786 pater⁴

638 1797 724 1829 Nam
748 1798 847 1829 vestri
871 1797 967 1829 nobis
990 1797 1100 1828 furvos
1125 1796 1299 1828 clementia
1321 1796 1422 1827 furvis

686 1849 851 1881 Multones
875 1849 998 1890 tribuit,
1023 1860 1122 1891 saepe
1147 1848 1237 1880 dedit
1259 1848 1382 1880 niveos.

638 1901 783 1938 Quorum
807 1902 862 1944 qui
885 1901 992 1933 fuerat
1014 1901 1183 1932 formosior
1206 1911 1244 1932 ac
1269 1911 1364 1941 mage
1387 1899 1529 1942 pinguis,

686 1953 763 1985 Heu
787 1964 884 1995 quam
908 1953 1033 1984 erudeli
1054 1956 1158 1984 morte
1181 1955 1371 1994 peremptus
1396 1951 1474 1982 obit.

558 2011 582 2030 2⁵
636 2003 769 2046 Egregii
794 2005 922 2047 pecoris
947 2008 1057 2036 custos
1081 2004 1280 2047 praeclarior
1302 2004 1385 2046 ipse,

684 2055 752 2088 Ulli
775 2067 837 2088 nec
861 2056 971 2098 parilis
994 2067 1056 2088 nec
1081 2056 1259 2098 similisque
1283 2055 1360 2091 fuit;

638 2107 798 2140 Cornibus
822 2111 856 2140 et
879 2108 993 2150 rigidis
1017 2108 1173 2140 excelluit
1197 2108 1283 2139 alma
1305 2110 1453 2150 potestas

685 2159 808 2191 Omnes
833 2161 1022 2202 cornigeros
1046 2159 1302 2201 candidulosque
1327 2169 1462 2201 gregem

637 2211 772 2243 Vellere
796 2212 850 2254 qui
873 2212 969 2244 niveo
992 2212 1160 2254 niveisque
1183 2211 1328 2243 micabat
1351 2211 1475 2250 ocellis,

551 2270 576 2287 ³0
680 2263 788 2295 Fortis
813 2267 846 2295 et
869 2264 902 2295 in
925 2275 1036 2307 pugna
1059 2264 1162 2295 victor
1185 2263 1318 2295 inormis
1342 2265 1421 2294 erat.

373 2412 434 2447 [XL]
454 2415 492 2439 ed.
513 2415 624 2440 Pir-enne
638 2425 667 2448 1³·
678 2415 712 2441 ssO
791 2416 803 2441 1
823 2417 990 2442 Hildebertus
1005 2416 1027 2441 Ο
1041 2416 1108 2441 tacit.
1127 2401 1194 2441 corr.
1213 2414 1325 2440 Pirenne
1404 2415 1420 2440 4
1439 2424 1518 2440 senex
1533 2415 1555 2440 0
1570 2415 1620 2440 del.
1632 2420 1655 2440 et
1672 2424 1798 2448 super-ser.
1810 2420 1882 2441 tenes
1897 2416 1923 2441 0·

268 2454 338 2488 [xm]
363 2457 401 2482 ed.
429 2458 576 2483 Duemmler
595 2459 696 2484 Sedulii
722 2460 839 2484 carmina
852 2468 880 2492 p.
900 2459 935 2484 20
953 2468 1004 2492 nqq.
1093 2458 1108 2484 7
1126 2459 1212 2484 coi-uis
1233 2467 1300 2483 corr.
1316 2458 1338 2483 0
1425 2458 1456 2483 12
1476 2459 1571 2484 uiuena
1585 2459 1608 2483 0
1623 2467 1689 2484 corr.
1709 2458 1858 2484 Dnaemmler
1874 2460 1924 2492 cfr.

267 2508 348 2531 supra
365 2509 391 2532 p.
411 2500 460 2525 158
549 2501 580 2526 17
600 2503 701 2528 letheus
716 2503 738 2527 (2¹
753 2511 819 2528 corr.
839 2503 931 2536 Haupt
1019 2502 1052 2528 22
1071 2511 1131 2536 sepe
1145 2503 1168 2527 O

371 2593 431 2627 [xe]
447 2594 623 2628 Emtaphium
635 2596 687 2622 sive
695 2597 788 2630 potius
799 2597 935 2630 epitaphia
948 2596 1042 2623 Seduli
1054 2604 1106 2622 esse
1119 2604 1176 2622 mm
1187 2595 1309 2629 spondeo.
1334 2595 1513 2622 nadaber-tum
1526 2595 1703 2622 Colmaimem
1712 2595 1924 2630 diorepisoopum

267 2644 426 2678 (834-86‘2)
445 2654 498 2672 esse
518 2647 671 2674 Duemmler
688 2651 768 2682 Ῑνιιιαι
787 2649 879 2675 Sedul.
897 2656 976 2675 cmm.
995 2649 1012 2675 2
1030 2648 1092 2674 adn.
1112 2648 1151 2675 10.
1245 2648 1316 2682 [xm]
1335 2648 1351 2673 8
1370 2647 1498 2681 coi-niger
1514 2647 1532 2674 i.
1550 2655 1573 2680 q.
1592 2650 1686 2680 pamm·
1704 2647 1763 2681 (esr.
1783 2647 1858 2681 Voiqt
1873 2647 1922 2674 oab.

265 2698 332 2729 capt.
349 2697 460 2729 ylosmr.
478 2706 505 2732 p.
526 2699 607 2732 143):2
695 2701 711 2725 9
732 2700 776 2727 Ge.
798 2700 852 2734 IV,
871 2701 922 2727 300
939 2700 1068 2735 geminae
1086 2708 1175 2726 nares.
1265 2700 1297 2725 14
1315 2699 1463 2725 umbilicus
1480 2702 1568 2726 muter
1584 2708 1636 2726 esse
1653 2702 1748 2733 pom,
1767 2700 1921 2734 Hauph'um

266 2748 339 2774 laem
367 2750 506 2781 quantitas
530 2753 635 2778 nmium
657 2752 768 2784 offendit
796 2755 828 2779 ut
851 2755 1006 2786 cmruptnm
1025 2754 1141 2785 putaret.
1234 2752 1267 2777 15
1291 2751 1342 2784 Gs'r.
1366 2759 1451 2785 supra
1467 2751 1497 2785 V,
1518 2752 1541 2778 7.
1633 2752 1667 2778 25
1692 2751 1746 2784 CYr.
1765 2752 1807 2778 ecl.
1826 2751 1856 2785 V,
1878 2752 1921 2779 44.

264 2799 298 2826 28
316 2800 444 2827 Pmuiem.
463 2802 529 2828 cath.
549 2803 604 2836 III,
624 2804 672 2830 157
692 2803 726 2830 de
744 2812 830 2838 grege
849 2804 1007 2832 candidulo.
1926 2806 1929 2807 ⁷
