2060 3074
221 188 282 219 484

511 386 549 403 35ιῦ

511 903 549 921 3⁶0

511 1163 548 1181 ³65

511 1422 549 1440 370

511 1682 548 1701 375

511 1941 549 1960 380

510 2202 548 2221 385

509 2463 546 2482 390

880 181 1017 208 HEIRICI
1037 181 1212 208 CARMINA.

587 269 678 300 Milia
701 279 879 311 poenarum
904 268 1089 299 truculento
1113 270 1259 310 tempore
1283 278 1380 309 passo

586 320 684 351 Haud
708 321 839 362 impune
864 320 958 351 bonis
983 330 1113 362 semper
1135 320 1256 351 obnixa
1280 322 1425 351 vetustas

587 371 739 403 Detraxit
764 371 842 403 celsi
867 371 990 413 passim
1015 374 1226 402 monumenta
1250 371 1415 413 triumphi.

586 423 628 454 Et
652 434 836 465 quanquam
862 424 967 455 clarus
991 423 1116 465 famoso
1140 423 1270 454 nomine
1295 425 1417 464 martyr

587 475 673 507 Solis
699 475 738 507 ab
764 486 883 507 occasu
907 475 969 506 iam
994 478 1061 506 tum
1084 475 1217 507 ferreris
1242 476 1274 506 in
1297 479 1414 510 ortum,

586 527 658 559 Hoc
684 531 772 559 certe
797 527 950 569 quiddam
975 527 1082 558 fueras
1106 527 1274 558 obscurior
1297 527 1376 569 ipso,

587 579 724 622 Semper
747 579 926 611 honorandi
950 579 1037 621 quod
1061 579 1156 621 plebs
1181 579 1283 610 oblita
1307 578 1369 610 diei

586 631 685 663 Haud
709 632 767 663 tibi
793 636 881 663 certa
905 631 1004 662 dabat
1028 631 1148 663 celebri
1174 631 1368 674 sollempnia
1392 632 1466 663 ritu.

585 683 658 715 Non
683 684 757 715 tulit
781 694 924 715 errorem
950 683 1056 725 longis
1079 683 1261 715 inolescere
1287 683 1402 714 saeclis

586 735 769 767 Germanus
794 736 927 767 veniens
951 746 989 766 ac
1013 735 1161 778 primum,
1185 739 1331 777 tempore
1355 745 1494 777 quonam

587 786 687 818 Sacra
711 787 817 818 ferant
840 791 963 826 sancto,
987 787 1055 818 fatu
1078 787 1238 829 perquirit
1260 787 1375 818 amico.

586 838 758 870 Indoctum
783 839 899 880 vulgus
925 849 999 870 sese
1024 839 1151 870 nescire
1175 838 1334 872 fatentur:

586 890 669 921 Tum
693 894 786 933 pater
808 893 838 922 ‘e
862 891 996 922 summis
1020 890 1220 933 poscendum
1244 890 1398 927 sedibus,’
1423 890 1534 933 inquid

586 941 691 978 ‘Quod
715 943 801 985 potis
826 943 986 974 humanae
1011 953 1075 974 non
1099 946 1150 974 est
1173 943 1360 985 expendere
1384 942 1505 975 menti.⁷

587 994 662 1026 Nox
685 996 749 1026 ruit
772 995 869 1037 inque
895 1005 986 1026 suam
1012 998 1108 1026 coetu
1132 1005 1263 1026 cessere
1289 995 1394 1026 soluto

588 1046 733 1089 Quisque
757 1046 904 1083 domum;
929 1047 1059 1089 praesul
1084 1057 1178 1078 sacra
1201 1050 1373 1089 pernoctat
1396 1046 1427 1078 in
1452 1045 1544 1078 aede.

587 1098 756 1141 Luteaque
781 1099 813 1130 in
837 1098 939 1130 roseis
964 1098 1101 1130 rutilans
1125 1098 1253 1130 Aurora
1277 1099 1404 1141 capillis

588 1150 652 1182 Vix
676 1150 863 1193 ma<tu>tino
889 1150 1095 1182 rubefecerat
1117 1150 1253 1182 aethera
1277 1161 1385 1182 curru:

587 1202 725 1235 Praesul
749 1203 853 1241 adest,
878 1213 1054 1234 causamne
1079 1202 1159 1234 deus
1182 1202 1376 1244 patefecerit
1399 1203 1468 1242 ulli,

588 1254 681 1286 Ultro
705 1255 908 1298 perquirens.
954 1254 1118 1297 Expertes
1143 1265 1218 1286 esse
1242 1256 1350 1297 negoti

588 1306 668 1338 Sese
693 1310 866 1339 testantur.
911 1306 989 1338 Mox
1013 1306 1096 1338 haec
1119 1307 1152 1338 in
1175 1306 1276 1338 verba
1300 1306 1452 1338 sacerdos

587 1359 721 1391 ‘Mensis
744 1359 925 1401 legitimum
950 1358 1068 1391 subeat
1091 1369 1187 1400 quam
1210 1359 1367 1401 septimus
1391 1370 1520 1391 annum.

587 1409 660 1441 Hoc
685 1410 802 1441 scitote
827 1410 917 1452 prius
941 1409 1061 1441 mundo
1085 1410 1268 1442 clarescere
1292 1410 1409 1442 festum

587 1461 749 1498 Quattuor
772 1466 848 1494 ante
872 1461 952 1494 dies.
998 1462 1091 1494 Haec
1115 1465 1190 1494 sunt
1213 1463 1336 1494 natalia
1360 1462 1479 1498 saneti;

587 1513 649 1545 His
673 1517 795 1556 martyr
817 1514 924 1545 factus
947 1514 1036 1546 felici
1061 1517 1148 1546 sorte
1173 1514 1320 1546 calendis

587 1566 715 1598 Inditus
740 1570 790 1598 est
814 1566 941 1609 superis
964 1567 1037 1598 fuso
1060 1577 1118 1609 pro
1143 1567 1302 1608 sanguine
1326 1567 1452 1599 castris.

587 1618 654 1650 Res
679 1622 846 1661 comperta
870 1618 965 1650 michi
989 1619 1121 1650 monitis
1146 1619 1343 1651 caelestibus
1367 1620 1448 1652 haec
1473 1619 1545 1652 est)

587 1669 681 1701 Dixit
705 1673 738 1701 et
761 1671 927 1713 ingentem
950 1670 1151 1713 perfundunt
1174 1671 1294 1714 gaudia
1309 1672 1459 1714 plebem.

587 1721 742 1764 Martyris
766 1734 808 1754 ex
832 1723 888 1754 illo
913 1723 1098 1754 celebratur
1121 1726 1268 1765 tempore
1292 1733 1421 1766 pompa,

587 1773 696 1806 Gallia
719 1785 782 1816 qua
805 1778 914 1817 partes
938 1774 1004 1806 late
1029 1775 1187 1817 spatiatur
1209 1775 1241 1806 in
1266 1785 1379 1807 omnes

631 1825 760 1857 Rursus
785 1826 873 1858 bella
895 1837 1018 1866 moves,
1043 1827 1147 1869 spiras
1170 1826 1322 1858 incendia
1344 1837 1466 1861 rursus.
1621 1831 1651 1856 Ut
1669 1831 1814 1864 Pelagium
1831 1832 1872 1857 he-

587 1877 730 1910 Desecto
755 1879 890 1920 nequior
914 1889 1115 1921 consurgens
1139 1878 1252 1910 bellua
1275 1879 1378 1910 collo?
1614 1875 1678 1899 Μή*
1710 1875 1872 1924 refrruluim

586 1929 667 1961 Tela
690 1930 819 1972 quidem
843 1930 917 1962 forti
940 1941 1044 1972 nuper
1067 1933 1230 1972 prostrata
1254 1929 1364 1962 duello
1669 1922 1812 1943 maneatur.

585 1981 659 2013 Non
682 1982 785 2024 pudet
808 1983 839 2014 in
863 1981 1000 2014 miseros
1025 1982 1142 2014 iterum
1167 1982 1308 2014 conflare
1332 1982 1532 2014 Britannos?

588 2035 690 2067 Parce
714 2035 783 2074 tibi,
809 2035 872 2066 iam
896 2045 1004 2077 parce,
1028 2045 1154 2077 precor.
1200 2034 1273 2071 Quo
1296 2035 1429 2078 saepius
1453 2038 1558 2066 atrum

586 2086 752 2119 Extuleris
777 2087 886 2119 virosa
909 2087 1024 2130 capud,
1049 2087 1236 2119 iaculabere
1261 2090 1350 2119 certe

586 2138 629 2170 Et
652 2139 790 2181 repetita
813 2138 940 2171 dabunt
964 2139 1106 2171 celerem
1130 2141 1315 2170 commenta
1337 2138 1473 2170 ruinam.

586 2190 681 2227 Quod
706 2191 809 2223 semel
834 2192 983 2223 insanum
1008 2195 1069 2231 est,
1092 2191 1246 2223 iteratum
1269 2191 1415 2222 insanius
1439 2190 1547 2221 horret

588 2242 825 2285 <Maioremque
850 2243 958 2275 ferunt
980 2243 1030 2275 bis
1054 2243 1188 2275 vulnera
1210 2246 1307 2286 rupta
1330 2242 1501 2283 dolorem).

587 2295 653 2326 Vix
676 2295 807 2338 praesul
831 2295 947 2338 positis
971 2295 1126 2327 humeros
1151 2294 1355 2326 subduxerat
1378 2294 1477 2326 armis

586 2347 774 2380 inmensum
797 2347 904 2379 fessus
926 2347 1157 2391 propriamque
1180 2347 1338 2379 reviserat
1361 2346 1486 2386 urbem,

584 2399 670 2431 Eece
694 2399 883 2431 ferebantur
905 2400 1059 2442 precibus
1083 2398 1236 2431 mandata
1260 2399 1382 2430 coactis

585 2451 791 2491 Cunctorum,
816 2451 926 2494 quiqui
949 2451 1080 2483 fuerant
1103 2462 1146 2483 ex
1169 2446 1260 2494 parte
1283 2451 1423 2494 piorum‚

323 2546 429 2572 Scholia
448 2560 479 2564 —
498 2546 549 2572 349
567 2546 674 2580 obnixa]
695 2549 823 2574 contraria
926 2546 979 2573 369
997 2548 1019 2572 V
1039 2547 1096 2573 Kal.
1117 2547 1245 2580 Septemb.

322 2623 374 2649 350
393 2625 549 2650 monimenta
568 2627 585 2650 2
601 2633 634 2649 m.
654 2624 679 2649 P
757 2624 809 2651 354
827 2625 899 2651 blebs
918 2625 943 2650 P
1021 2624 1073 2651 355
1090 2625 1226 2651 sollemnia
1243 2628 1260 2650 2
1277 2633 1309 2650 m.
1329 2625 1354 2650 P
1439 2623 1490 2650 365
1509 2624 1603 2649 matina
1623 2624 1649 2649 P
1733 2622 1784 2649 366
1802 2628 1870 2656 pato-

219 2669 312 2692 secerat
341 2676 371 2692 em
398 2677 464 2692 corr.
493 2669 518 2693 Ρ

218 2709 268 2735 386
286 2710 422 2744 Βοεοήἰπιε]
442 2720 488 2736 om.
508 2711 532 2735 P

632 2667 681 2693 367
711 2670 806 2702 negotii
835 2669 860 2694 P
974 2667 1026 2694 373
1053 2670 1152 2695 Inditus
1180 2667 1318 2702 Bacchius]
1347 2669 1455 2694 Inclitus
1483 2668 1508 2692 P
1624 2667 1676 2693 37ss
1705 2672 1818 2701 tempora
1847 2667 1872 2691 P

321 2787 372 2813 364
381 2795 417 2820 sq.
438 2786 493 2819 Gs'r.
508 2787 589 2814 Amh.
608 2787 652 2813 lut.
672 2787 709 2814 edi
730 2787 763 2814 R.
783 2795 803 2814 e.
822 2787 871 2814 584
893 2791 917 2814 et
936 2789 995 2814 589.
1090 2788 1141 2815 378
1159 2790 1184 2814 et
1202 2788 1254 2814 382
1274 2787 1340 2815 Har.
1361 2787 1388 2814 G.
1408 2787 1456 2814 IV
1466 2788 1488 2819 1,
1502 2788 1519 2814 2
1538 2787 1640 2814 Rursus
1660 2786 1735 2813 bella
1752 2785 1867 2813 moves?

218 2847 308 2873 parce,
329 2848 433 2872 PI'OL'OP.
