2040 2996
0 1133 5 1144 *
0 1033 13 1125 W*
0 955 13 1023 Gru!
10 930 11 935 Α

612 178 623 193 s
833 151 881 178 AD
900 151 1026 179 AGIUM.
1709 162 1750 192 57

468 236 529 268 Est
551 236 672 268 etenim
695 236 815 276 duleis,
840 237 898 269 sed
920 237 1096 270 deliciosus
1120 239 1246 280 Alexis,

539 286 647 319 Solius
670 287 793 320 domini
815 288 933 331 dignus
956 300 1068 322 amore
1093 291 1153 324 sui.

467 338 639 371 Nobilibus
663 339 770 372 solum
793 341 935 382 capitur,
959 343 1139 374 contemnit
1161 347 1317 386 egentum

386 397 412 416 ⁶0
535 390 662 422 Forsan
685 391 844 424 vimineas
866 392 919 424 vel
942 396 1117 435 penetrare
1142 405 1245 428 casas.

467 441 661 484 Tanguntur
682 442 795 475 faciles
818 454 954 486 quorum
976 444 1151 477 dulcedine
1174 457 1311 488 amores,

534 494 676 527 Ferreus
699 497 736 526 ut
757 505 871 527 ruseos
894 496 1032 539 proterit
1053 497 1250 532 horridulos.

468 545 575 578 Credo
598 546 760 579 femineae
782 557 848 579 non
871 551 983 579 natum
1007 549 1133 581 semine
1157 550 1273 582 vulvae

535 598 580 630 Et
601 609 759 631 mammas
782 600 896 631 matris
919 610 984 631 non
1007 601 1155 642 tetigisse
1178 602 1290 634 labris.

384 657 410 676 ⁶³
468 650 608 683 Temnat
630 653 767 683 naturae
790 650 915 692 rigidus
938 651 993 693 qui
1017 651 1088 683 iura
1110 653 1284 695 benignae,

483 740 490 742 s
534 701 633 734 Solus
655 705 690 735 et
710 702 866 735 affectum
889 713 953 734 non
975 703 1097 736 habeat
1119 704 1301 737 hominum:

467 753 495 786 Ε
519 753 607 786 saxis
629 754 777 797 genitum
799 754 886 786 hunc
909 754 1071 787 lactarunt
1093 755 1196 788 ubera
1217 757 1335 799 tigrum

533 805 660 838 Durum
681 809 842 849 perpetuo
864 806 986 848 frigore
1010 806 1203 840 Sarmatico.

466 857 510 889 Et
532 856 666 890 demens
689 857 766 900 quid
788 861 874 901 ago?
899 858 976 901 quid
999 858 1105 891 adhuc
1129 861 1299 893 conamine
1323 872 1415 893 casso

385 915 410 934 ⁷⁰
533 908 722 941 Damnosae
743 912 855 952 persto
878 909 1013 942 credere
1038 921 1152 943 semen
1175 911 1295 944 humo?
1322 932 1356 935 —

466 961 581 1003 Ignem
603 960 758 994 adamans
781 961 878 1001 ludit,
903 962 1042 994 calibem
1066 973 1130 994 non
1152 963 1292 1006 denique
1317 966 1425 1004 sentit,

532 1012 608 1045 Non
630 1013 776 1045 mollitur
797 1013 892 1056 aquis
915 1013 1018 1045 effera
1040 1014 1090 1046 vis
1114 1014 1242 1057 lapidis.

465 1063 650 1106 Obsequio,
673 1058 763 1107 quivi
786 1069 958 1108 quantum,
982 1065 1047 1098 iam
1069 1077 1188 1109 nempe
1212 1068 1328 1110 sategi,

532 1115 607 1148 Non
630 1115 754 1159 duplex
775 1116 902 1157 animo,
926 1118 953 1149 si
975 1118 1081 1150 minor
1103 1118 1228 1156 officim

383 1174 408 1193 ⁷⁵
466 1167 566 1210 Sique
588 1167 686 1200 velim
709 1167 817 1207 donis,
841 1168 947 1201 aderit
970 1180 1033 1201 non
1057 1170 1152 1213 copia
1174 1171 1285 1203 nobis:

533 1219 677 1263 Altaque
700 1220 855 1253 nobilitas
879 1221 1007 1264 quaerit
1029 1232 1109 1264 opes
1132 1222 1259 1255 nimias.

465 1271 628 1315 Experiar
650 1275 757 1312 certe,
771 1273 890 1305 -valeat
913 1273 942 1304 si
962 1273 1047 1305 forte
1071 1274 1124 1306 vel
1147 1277 1218 1306 arte

532 1323 626 1356 Illius
649 1334 785 1356 aversus
809 1324 873 1356 iam
897 1325 1044 1357 revocari
1067 1325 1204 1357 animus.

464 1376 613 1418 Namque
636 1376 715 1408 olim
736 1376 832 1408 nobis
855 1375 946 1408 dedit
969 1377 996 1408 is
1019 1377 1073 1419 pia
1096 1377 1233 1419 pignera
1254 1379 1382 1419 amoris,

382 1435 408 1454 ⁸⁰
532 1427 668 1460 Pectore
691 1438 776 1471 quae
799 1438 894 1461 servo
918 1438 982 1460 non
1006 1428 1163 1460 moritura
1185 1439 1274 1466 meo;

463 1479 587 1511 Verum
610 1479 744 1512 abeunti
768 1490 868 1512 aurae
891 1480 1008 1512 flantes
1031 1490 1051 1511 a
1074 1480 1180 1512 fronte
1203 1480 1344 1513 Borinae

529 1530 686 1563 Nidorem
709 1531 811 1563 nostri
833 1531 996 1575 diripuere
1021 1532 1093 1565 sibi.

462 1582 623 1615 Boeotiae
646 1583 777 1615 morbos
801 1587 916 1616 cantus
940 1583 1096 1616 domuere
1123 1584 1278 1616 molestos

531 1634 674 1667 Ismenia
696 1634 801 1667 doctis
824 1635 1070 1677 concrepitante
1093 1634 1208 1675 modis,

380 1693 405 1712 ⁸³
463 1685 622 1719 Consedit
642 1686 780 1719 metrico
804 1687 929 1719 iuvenis
952 1687 1080 1718 insania
1103 1686 1180 1718 ludo

529 1737 730 1781 Empedoele
754 1738 887 1781 hospitii
909 1739 981 1770 iura
1003 1741 1116 1770 tuente
1140 1738 1200 1778 sui,

462 1788 558 1821 Vatis
580 1788 699 1822 Troicii
714 1807 756 1813 -——
771 1789 875 1822 fertur
890 1809 930 1814 -
946 1790 1166 1822 modulamine
1190 1790 1300 1832 querci

529 1840 702 1874 Blanditae
725 1841 834 1874 Aonia
855 1842 1031 1874 deseruere
1053 1842 1144 1884 iuga:

462 1891 512 1924 Tu
535 1901 663 1934 quoque
685 1893 883 1925 carminibus
907 1893 1009 1925 Musis
1033 1895 1180 1925 sacratus
1203 1893 1353 1924 alumnus

380 1950 405 1969 ⁹⁰
530 1943 680 1986 Ingenua
701 1947 773 1977 arte
797 1945 885 1987 capi,
909 1955 1000 1985 care,
1023 1944 1164 1982 valebis,
1187 1943 1263 1986 Agi.

199 2096 234 2124 72
250 2096 371 2125 'molitur
388 2098 413 2124 P
498 2099 532 2125 78
549 2107 577 2125 er
593 2100 622 2126 iu
638 2108 745 2126 aversus
762 2101 791 2125 in
808 2109 862 2126 rae.
881 2101 906 2126 Ρ
990 2100 1023 2126 81
1043 2108 1104 2125 aure
1122 2100 1148 2125 P
1232 2099 1266 2125 83
1283 2098 1398 2125 *boetius
1416 2099 1442 2124 P

197 2173 232 2201 5⁷
250 2173 310 2201 Ed.
323 2174 364 2208 11,
383 2175 396 2201 1
417 2175 576 2202 Formosum
599 2177 695 2210 pastor
717 2176 844 2210 Corydon
867 2176 985 2203 ardebat
1008 2176 1116 2207 Alexin,
1132 2177 1136 2210 Ι
1152 2175 1267 2202 delicias
1289 2175 1402 2202 domini.
1496 2176 1531 2202 60
1548 2175 1685 2202 vimineus
1704 2178 1742 2203 est

98 2222 146 2251 Ge.
163 2224 187 2258 L
205 2225 246 2252 95.
340 2226 375 2252 62
396 2226 500 2253 ferreus
521 2226 567 2259 ψ.
590 2227 720 2261 Zinqerle.
747 2226 823 2254 Ocid.
846 2236 873 2253 u.
892 2236 912 2253 s.
935 2226 1070 2253 Verlu'iltn.
1088 2235 1108 2253 ε.
1128 2226 1154 2253 d.
1170 2227 1248 2261 Vory.
1262 2227 1284 2260 I,
1304 2227 1345 2253 42.
1389 2226 1450 2253 Ecl.
1467 2225 1532 2260 VIL
1551 2227 1586 2253 42
1604 2226 1741 2254 horridior

96 2283 182 2308 rusco,
199 2276 247 2309 ψ’.
266 2276 313 2303 Ge.
328 2277 368 2310 IL
386 2277 445 2304 413.
532 2278 566 2305 67
583 2287 620 2312 sq.
636 2278 691 2311 Ost.
703 2278 833 2312 Zinyerle.
852 2278 868 2304 l.
881 2286 912 2311 c.,
931 2277 993 2304 add.
1012 2277 1080 2304 Aen.
1094 2277 1144 2311 IV,
1163 2279 1214 2305 366
1232 2286 1268 2311 sq.
1288 2276 1335 2304 sed
1354 2277 1430 2304 duris
1447 2277 1547 2312 genuit
1565 2278 1593 2304 te
1613 2278 1741 2305 cautibus

95 2326 210 2356 horrens
224 2329 230 2362 Ι
245 2328 383 2356 Caucasus
400 2329 602 2364 Hyrcanaeque
619 2330 769 2357 admorunt
787 2330 873 2356 ubera
892 2330 985 2364 tigres.
1016 2330 1064 2356 Ea:
1081 2330 1160 2356 Pcmt.
1173 2329 1213 2362 H,
1231 2329 1255 2360 7,
1274 2329 1308 2355 72
1327 2327 1439 2363 Frigore
1458 2330 1592 2363 perpetuo
1605 2329 1740 2357 Sarmatis

23 2390 26 2397 ¹
50 2389 54 2392 ·
95 2386 145 2406 era
161 2379 243 2415 riget.
329 2381 364 2407 69
382 2381 448 2407 Aen.
462 2381 515 2415 IV,
533 2381 586 2409 534
603 2381 646 2408 En
664 2381 732 2416 quid
750 2383 825 2416 ago?
914 2382 948 2408 70
966 2381 1014 2407 Ex
1026 2381 1105 2408 Pont.
1119 2381 1142 2414 I,
1160 2382 1184 2411 ὓ,
1203 2381 1237 2407 34
1257 2381 1394 2407 Damnosa
1411 2382 1503 2414 persto
1517 2380 1633 2408 condere
1646 2389 1740 2408 semen

95 2429 188 2458 humo.
265 2431 300 2458 72
316 2432 384 2458 Am.
398 2432 436 2465 X,
446 2432 607 2460 898‘Effera
625 2433 668 2460 vis
685 2433 780 2459 animi.
861 2433 894 2459 76
916 2433 994 2459 Trist.
1009 2428 1059 2466 IV,
1072 2433 1097 2463 4,
1109 2433 1142 2458 32
1154 2432 1230 2458 altae
1243 2431 1408 2458 nobilitatis.
1486 2432 1519 2458 78
1541 2428 1621 2458 Tn'st.
1636 2433 1676 2466 II,
1690 2433 1739 2460 557

95 2482 188 2517 Atque
205 2482 314 2510 utinam
338 2491 448 2511 revoces
471 2484 595 2511 animum
618 2484 760 2520 paulisper
783 2485 818 2511 ab
844 2485 893 2511 ira.
986 2485 1020 2511 83
1037 2492 1090 2518 sqq.
1109 2483 1201 2510 Boeth.
1221 2483 1281 2510 inst.
1301 2491 1367 2510 mus.
1381 2483 1403 2516 I,
1425 2484 1447 2515 l,
1469 2483 1508 2509 ed.
1530 2483 1633 2510 Friedl.
1648 2493 1677 2518 p.
1691 2485 1741 2512 185

95 2533 229 2561 tur-iim
246 2533 391 2562 modorum
404 2555 410 2561 .
420 2556 427 2561 .
436 2555 443 2561 .
456 2535 594 2562 furentem
607 2536 794 2570 petulantiam
808 2535 963 2563 consedisse
977 2536 1013 2568 (v.
1025 2535 1069 2568 85)
1084 2555 1089 2561 .
1101 2555 1107 2561 .
1120 2557 1123 2560 .
1136 2555 1142 2561 .
1156 2534 1288 2561 Ismenias
1307 2542 1371 2561 vero
1393 2534 1543 2561 Thebanus
1563 2534 1739 2562 Boeotiorum

95 2583 230 2619 pluribus.
252 2594 321 2620 quos
343 2586 488 2614 ischiadici
510 2586 613 2614 doloris
631 2588 772 2614 tormenta
790 2586 938 2617 vexabant,
962 2586 1050 2613 modis
1074 2587 1161 2612 fertur
1184 2587 1298 2612 cunctas
1322 2585 1482 2612 abstersisse
1501 2585 1650 2613 molestias.
1687 2586 1739 2613 Sed

96 2636 126 2664 ot
141 2635 330 2672 Empedocles,
355 2646 417 2664 cum
435 2638 495 2665 eius
512 2638 651 2673 hospitem
675 2638 790 2673 quidam
811 2638 907 2672 gladio
931 2637 1096 2664 furibundus
1119 2637 1271 2670 invaderet,
1294 2637 1369 2671 quod
1388 2636 1447 2663 eius
1465 2636 1514 2663 ille
1532 2638 1641 2671 patrem
1660 2645 1740 2663 accu-

95 2687 204 2715 natione
230 2687 400 2720 damnasset.
431 2689 570 2717 inflexisse
601 2689 713 2717 modum
739 2690 843 2717 dicitur
869 2689 987 2717 canendi
1015 2689 1111 2723 itaque
1140 2688 1327 2716 adulescentis
1358 2688 1531 2715 iracundiam
1561 2690 1739 2723 temperasse.

94 2738 128 2766 87
148 2738 212 2766 Δία.
226 2738 280 2774 XL
297 2740 316 2766 2
333 2739 477 2768 Threicius
495 2742 582 2773 vates,
600 2741 649 2774 cfr.
665 2741 752 2768 Radb.
767 2741 797 2768 V.
810 2741 843 2768 A.
863 2741 905 2772 84.
923 2741 975 2767 338
997 2743 1022 2767 et
1044 2740 1153 2767 Anthol.
1171 2741 1188 2767 l.
1207 2739 1246 2767 od.
1266 2740 1300 2767 R.
1318 2748 1338 2767 c.
1357 2740 1417 2768 628.
1503 2740 1538 2767 89
1558 2739 1636 2767 M.
1648 2739 1687 2773 IL
1706 2740 1740 2766 39

95 2789 137 2817 'l'u
155 2799 273 2825 quoque.
360 2792 395 2819 90
410 2792 458 2825 cfr.
477 2793 518 2819 77.

196 2840 301 2865 Portu
319 2847 403 2866 ιΑτιιη
421 2847 479 2866 m!
495 2842 619 2867 Casuum
638 2842 683 2867 111.
1518 2839 1535 2865 8
