2040 2996
274 147 314 176 50
807 144 994 171 PASCHASII
1014 144 1135 171 RADBE
1140 144 1200 171 RTI
1220 144 1396 172 CARMINA.

638 230 738 270 Mitis,
762 231 929 273 pacificus,
954 231 1098 263 clemens
1122 234 1155 263 et
1178 230 1274 263 valde
1297 231 1466 263 modestus
1490 249 1530 254 —

638 282 708 314 Ista
730 282 822 315 fuere
847 283 909 323 sui,
932 283 1030 315 velim
1055 293 1246 325 cognoscas,
1270 282 1406 326 praedia
1428 283 1517 322 iuris,

639 334 708 366 Ista
731 345 825 367 meae
849 335 1000 367 redolent
1022 335 1142 366 viritim
1165 335 1330 377 sponsalia
1353 334 1447 366 dotis.

545 392 581 411 1³⁵
639 385 736 418 Unde
759 386 877 419 beatus
901 397 993 419 amor
1016 389 1142 418 tantum
1164 386 1243 418 mihi
1267 387 1383 419 crescit
1405 387 1437 418 in
1461 387 1527 426 illo,

640 437 808 474 Quantum
830 449 908 470 vere
932 449 1016 470 novo
1041 449 1076 470 se
1099 438 1240 470 mundus
1264 438 1398 470 floribus
1422 442 1530 480 auget.

642 489 709 521 Sed
731 489 869 532 proinde
892 491 998 532 magis
1022 491 1130 522 luctus
1155 491 1313 522 successit
1336 491 1368 522 in
1392 490 1492 527 horis,

640 540 733 577 Quod
756 542 891 573 nimium
914 542 1034 584 fraglet
1057 543 1090 574 in
1114 552 1153 575 eo
1177 542 1376 574 insaciabilis
1399 542 1496 574 ardor

639 592 683 624 Et
706 593 793 635 quod.
817 594 908 626 nulla
930 594 994 626 mei
1018 594 1059 625 sit
1082 594 1200 626 abhinc
1222 594 1386 626 medicina
1409 593 1540 632 doloris,

544 651 581 670 ¹4⁰
641 645 677 678 Si
700 656 764 678 non
788 646 841 678 vel
864 645 962 686 liceat
985 646 1064 677 mihi
1088 649 1237 678 sanctum
1260 656 1406 688 pangere
1429 645 1570 678 nomen.'

639 697 693 729 Ad
716 697 801 740 quod
826 708 923 740 quam
947 698 1083 730 nimium
1106 698 1186 730 felix
1210 697 1372 730 Galathea
1393 698 1531 730 fatetur:
1859 703 1926 725 GAL-

641 749 767 792 ‘Incipe
791 749 949 782 sollicitos
972 750 1057 782 tales
1082 750 1146 782 iam
1170 760 1293 792 ponere
1317 752 1463 792 questus.

641 801 741 833 Forte
765 801 924 834 mirantur
948 802 1035 834 enim
1058 805 1148 834 tanto
1172 813 1230 845 pro
1253 802 1369 834 funere
1392 801 1509 834 Musae

640 852 684 884 Et
707 853 892 896 stupefacta
916 864 992 886 suos
1016 854 1183 896 liquerunt
1206 854 1350 886 carmina
1373 854 1486 886 melos.

546 911 583 930 ¹⁴5
643 904 762 937 Omnia
786 915 1004 947 congemuere
1028 906 1094 938 tuis
1118 924 1157 928 —
1183 909 1216 938 et
1239 916 1342 938 saxea
1365 925 1406 929 —
1430 906 1566 939 threnis.

643 955 670 987 O
695 955 744 997 si’,
767 957 879 999 inquit,
904 957 1026 989 ‘veniat
1048 960 1126 990 tunc
1149 958 1204 990 ille
1228 968 1380 990 recursus
1404 958 1524 990 amoris
1547 976 1589 982 —

644 1006 735 1043 Quae
758 1009 859 1040 tantis
883 1009 916 1040 in
940 1019 980 1041 eo
1003 1009 1211 1041 lacrimarum
1242 1009 1389 1051 cogimur
1410 1009 1517 1050 undis,

643 1058 689 1091 Ut
711 1060 844 1092 tandem
868 1071 1064 1093 renovemur
1086 1061 1157 1093 eius
1181 1060 1365 1093 dulcedinis
1389 1064 1497 1093 austu—1

641 1111 812 1144 Interdum
836 1112 989 1144 manibus
1013 1113 1132 1144 iunctis
1155 1123 1332 1155 pergamus
1356 1113 1397 1145 ad
1420 1123 1540 1152 arcem,

546 1170 583 1189 15⁰
642 1163 696 1195 Ad
720 1163 883 1196 thalamos
908 1165 1014 1206 regni,
1039 1175 1102 1207 quo
1128 1164 1250 1196 dudum
1274 1175 1334 1197 nos
1358 1168 1452 1197 vocat
1475 1165 1574 1198 idem.

642 1215 796 1248 Ethereis
819 1227 993 1259 pascamur
1017 1227 1056 1248 eo
1081 1227 1177 1259 quam
1200 1219 1336 1259 perpete
1361 1217 1495 1259 campis,

643 1267 716 1304 Quo
740 1268 858 1300 meruit
881 1268 989 1300 senior
1011 1268 1093 1300 felix
1115 1269 1238 1300 intrare
1261 1268 1446 1308 Menalcha,

643 1319 707 1356 Qui
729 1323 856 1351 nostros
880 1330 992 1352 secum
1015 1330 1113 1362 quam
1137 1321 1235 1363 longe
1258 1320 1352 1352 duxit
1376 1330 1506 1352 amores

642 1370 687 1402 Et
709 1371 809 1403 trahit
832 1382 850 1403 0
874 1372 995 1404 nostris
1018 1375 1094 1414 post
1118 1383 1153 1404 se
1178 1372 1319 1415 suspiria
1342 1371 1453 1404 fibris.’

548 1430 584 1449 155
646 1423 718 1456 ‘Illo
742 1424 864 1456 etenim
886 1424 952 1456 voti
976 1424 1140 1457 debentur
1162 1425 1234 1456 iura
1257 1425 1356 1465 coire,
1855 1428 1930 1450 rm..

645 1475 850 1518 Quamquam
867 1476 951 1508 adeo
967 1476 1061 1508 nobis
1078 1476 1189 1509 media
1205 1479 1257 1508 est
1271 1477 1325 1508 via
1343 1476 1438 1508 triste
1454 1476 1672 1519 sepulchrum.

646 1527 712 1559 Sed
724 1528 752 1559 si
764 1531 953 1560 constanter
962 1529 1115 1570 petimus,
1129 1529 1310 1571 pulsamus,
1323 1528 1521 1570 quaerimus,
1531 1528 1673 1570 inquam,

644 1579 725 1611 Post
748 1580 875 1612 cineres
899 1580 987 1622 quin,
1011 1579 1098 1612 haud
1122 1580 1268 1620 dubium,
1293 1580 1462 1612 veniamus
1484 1580 1526 1612 ad
1548 1580 1674 1620 urbem,

645 1630 720 1668 Qua
742 1631 860 1674 pietas,
884 1631 1023 1672 bonitas,
1047 1642 1123 1674 pax,
1148 1632 1216 1672 lux,
1240 1632 1408 1675 opulentia
1430 1635 1587 1674 regnant;

546 1691 584 1709 1⁴⁵⁰
641 1683 815 1723 Laetitiae,
840 1683 974 1723 fructus,
998 1684 1132 1726 requies
1155 1686 1189 1716 et
1212 1684 1333 1726 gaudia
1355 1684 1497 1726 fulgent:

646 1735 752 1767 Omne
775 1735 898 1767 bonum
922 1736 1052 1776 renitet,
1077 1735 1180 1768 dulcis
1205 1735 1382 1768 concordia
1404 1736 1539 1773 mulcet;

645 1786 766 1827 Gloria,
790 1787 861 1819 laus
884 1790 918 1819 et
940 1787 1043 1819 honor
1065 1798 1129 1820 uno
1153 1787 1194 1820 de
1217 1788 1307 1820 fonte
1332 1790 1518 1824 manantur:

381 1900 430 1925 133
448 1901 526 1926 velim
544 1898 576 1932 P]
596 1901 678 1925 veluti
697 1900 720 1924 A
739 1909 787 1925 om.
805 1900 830 1924 B
848 1900 919 1925 Mab.
1002 1899 1051 1925 134
1069 1901 1181 1933 sponslia
1200 1901 1224 1925 P
1277 1919 1281 1923 .
1299 1899 1356 1926 135.
1378 1899 1428 1925 140
1445 1901 1522 1926 michi
1542 1901 1564 1925 A
1645 1899 1695 1925 138
1713 1901 1804 1933 flagret
1815 1899 1841 1924 B
1853 1899 1934 1930 Mab„

276 1946 325 1976 ey‘r.
337 1953 359 1969 v.
369 1943 403 1969 82
447 1944 598 1969 insatiabilis
606 1943 658 1968 AB
728 1942 776 1968 141
786 1942 845 1969 Gal.
853 1943 879 1968 P
886 1943 952 1968 nihil
960 1944 984 1968 A
1056 1943 1106 1969 143
1116 1952 1188 1969 muse
1199 1944 1247 1968 ΡΑ
1269 1956 1271 1959 ·
1320 1943 1369 1969 145
1380 1944 1471 1969 sauxia
1481 1945 1521 1969 vel
1529 1944 1650 1969 sanxiaA
1722 1942 1771 1968 148
1782 1943 1876 1968 haustu
1884 1941 1935 1967 AB

278 1986 327 2012 149
354 1987 435 2012 iuncti
452 1986 527 2012 PAB
550 1995 617 2012 corr.
634 1986 761 2011 Manium
821 1987 924 2012 archem
943 1987 968 2012 ,P
1064 1987 1110 2012 151
1135 1992 1254 2021 praepete
1272 1988 1298 2012 B
1395 1986 1444 2013 154
1466 1988 1548 2020 fybris
1565 1988 1588 2012 A
1673 1986 1743 2020 *poet
1766 1985 1817 2012 154
1839 1985 1894 2011 Ful
1911 1985 1937 2010 1²

275 2031 341 2056 nihil
359 2030 383 2055 A
456 2029 505 2055 155
523 2030 571 2055 1110
589 2030 657 2055 enim
672 2029 696 2054 A
767 2034 825 2055 ante
848 2030 898 2056 156
918 2031 1016 2056 Fillidis
1030 2031 1055 2056 B
1106 2036 1204 2057 moesta.
1215 2031 1240 2056 B
1317 2030 1364 2056 157
1384 2032 1495 2064 petimus
1507 2039 1556 2056 om.
1569 2031 1640 2056 Mala.
1712 2029 1762 2055 158
1780 2036 1888 2062 cynares
1900 2027 1935 2062 Δ,

276 2074 338 2106 quin
357 2073 382 2097 P
402 2074 504 2106 quando
528 2072 553 2098 B
615 2074 678 2099 haut
701 2073 752 2098 AB
815 2072 966 2099 *veniemus
983 2074 1058 2099 PAB
1158 2074 1209 2100 160
1226 2075 1310 2100 leticie
1330 2075 1353 2099 A
1453 2073 1500 2100 161
1526 2075 1582 2100 One
1599 2074 1625 2099 P
1725 2072 1774 2099 162
1796 2073 1854 2098 hus
1873 2071 1934 2105 AB]

275 2118 358 2143 lectus
376 2117 400 2142 P
455 2117 486 2142 de
505 2118 610 2143 flumine
628 2121 734 2142 manant
751 2117 776 2141 B

382 2186 432 2212 135
450 2193 502 2219 sqq.
522 2185 582 2212 Ecl.
597 2185 634 2218 X,
653 2185 687 2212 73
704 2193 740 2219 sq.
761 2185 854 2216 Gallo,
877 2184 955 2211 cuius
980 2193 1058 2211 amor
1081 2186 1192 2211 tantum
1216 2183 1285 2210 mihi
1312 2184 1412 2211 crescit
1434 2184 1464 2210 in
1488 2162 1569 2211 hdras
1589 2185 1594 2217 Ι
1613 2185 1750 2218 quantum
1776 2191 1840 2210 vere
1862 2191 1934 2210 novo

277 2237 374 2264 viridis
393 2246 422 2264 se
440 2237 543 2264 subicit
561 2237 650 2264 alnus.
738 2238 786 2263 139
805 2237 864 2263 Ecl.
880 2236 917 2270 X,
937 2238 971 2263 60
989 2236 1075 2263 nostri
1095 2235 1235 2263 medicina
1249 2235 1357 2262 furoris.
1442 2236 1491 2262 142
1510 2236 1571 2262 Ecl.
1585 2236 1623 2269 X,
1642 2237 1659 2263 6
1677 2235 1781 2270 Incipe,
1799 2233 1935 2262 sollicitos

276 2289 350 2316 Galli
369 2289 494 2316 dicamus
512 2298 627 2316 amores.
724 2289 773 2316 144
792 2289 850 2315 Ecl.
868 2288 950 2322 VIII,
970 2290 986 2315 3
1003 2297 1040 2322 sq.
1064 2297 1183 2322 quorum
1201 2288 1376 2323 stupefactae
1402 2288 1525 2314 carmine
1544 2288 1647 2321 lynces,
1663 2288 1668 2322 Ι
1684 2289 1714 2314 et
1737 2281 1849 2314 mutata
1870 2294 1934 2314 suos

277 2341 422 2375 liquerunt
441 2341 488 2374 (sic
507 2341 536 2366 ἱη
553 2340 644 2374 ιμιῶἀ.
662 2340 735 2367 codd.
754 2348 806 2373 pro
827 2339 1002 2373 requierunt)
1028 2339 1144 2366 flumina
1167 2348 1270 2366 cursus.
1366 2340 1416 2366 1423
1435 2339 1523 2366 Radb.
1540 2340 1568 2366 V.
1581 2339 1615 2366 A.
1633 2339 1676 2371 82,
1695 2340 1746 2366 338
1770 2338 1837 2371 Quis
1860 2338 1935 2365 enim

279 2402 334 2419 non
354 2393 440 2423 fleret,
460 2392 569 2419 etiamsi
589 2392 623 2418 de
642 2391 720 2418 silice
739 2393 823 2418 natus
842 2393 915 2418 esset
934 2392 986 2418 etc.
1068 2391 1118 2418 152
1130 2391 1189 2418 Ecl.
1203 2391 1259 2424 IX,
1272 2393 1306 2418 55
1319 2391 1373 2418 Sed
1386 2392 1481 2418 tamen
1500 2391 1555 2418 ista.
1573 2391 1641 2418 satis
1660 2391 1763 2417 referet
1779 2389 1834 2417 tibi
1852 2391 1935 2424 nepe

279 2444 429 2471 Menalcas.
446 2446 450 2478 Ι
466 2444 612 2471 Causando
630 2445 740 2471 nostros
759 2443 789 2470 in
810 2444 926 2478 longum
944 2443 1022 2470 ducis
1041 2446 1156 2474 amores,
1181 2443 1228 2476 cfr.
1244 2443 1287 2469 cd.
1303 2443 1333 2476 V,
1352 2443 1387 2469 54
1403 2451 1439 2476 sq.
1459 2443 1534 2474 deus,
1556 2443 1624 2469 (leus
1642 2442 1699 2474 ille,
1721 2442 1858 2469 Menalca.
1872 2442 1878 2475 Ι
1892 2440 1936 2468 Sis

279 2496 368 2523 bonus
387 2505 403 2523 0
422 2496 553 2530 felixque.
643 2496 778 2522 159—171
800 2495 854 2528 Cfr.
868 2494 948 2522 Beda
964 2495 980 2521 l.
993 2495 1010 2521 l.
1026 2495 1105 2521 135—
1112 2495 1160 2521 147
1185 2494 1239 2521 Sed
1258 2503 1314 2529 pax
1332 2495 1361 2521 et
1379 2494 1479 2528 pietas,
1501 2494 1619 2526 bonitas,
1637 2494 1783 2529 opulentia
1801 2494 1910 2528 regnat,
1930 2493 1934 2527 Ι

280 2548 393 2582 gaudia,
419 2548 554 2579 laetitiae,
573 2548 670 2579 virtus,
693 2548 749 2579 lux,
769 2547 829 2574 vita
847 2546 986 2581 perennis,
1003 2547 1007 2580 Ι
1022 2546 1121 2581 gloria,
1140 2546 1209 2577 laus,
1228 2546 1346 2580 requies,
1370 2546 1459 2573 honor
1477 2547 1506 2573 et
1524 2546 1672 2573 concordia
1689 2546 1787 2577 dulcis,
1803 2546 1808 2579 Ι
1823 2545 1937 2580 insuper

279 2608 361 2626 omne
386 2600 490 2626 bonum
515 2599 622 2626 cunctis
647 2599 715 2626 deus
734 2599 794 2633 ipse
812 2598 967 2630 ministrat,
987 2598 991 2632 Ι
1007 2606 1116 2633 semper
1133 2598 1214 2625 adest
1232 2606 1374 2632 praesens,
1403 2599 1517 2625 cunctos
1534 2599 1622 2630 fovet,
1649 2598 1760 2632 implet,
1785 2598 1912 2629 honorat,
1927 2598 1937 2632 ΙΙ

279 2652 407 2678 Praemia
434 2651 577 2686 perpetuis
607 2652 720 2678 tradens
747 2651 879 2678 caelestia
906 2650 986 2678 donis
1001 2651 1006 2684 Ι
1021 2650 1163 2685 angelicas
1189 2650 1264 2677 inter
1292 2652 1398 2677 turmas
1425 2651 1591 2684 sanctasque
1619 2650 1758 2682 cohortes,
1779 2652 1785 2681 1
1806 2649 1936 2676 vatidicis

279 2703 392 2730 iunctus
415 2703 580 2738 patriarchis
605 2705 691 2737 atque
715 2703 869 2738 prophetis,
891 2704 894 2737 Ι
914 2703 989 2730 inter
1011 2702 1180 2737 apostolicas
1202 2702 1304 2729 animis
1328 2702 1502 2729 laetantibus
1524 2711 1600 2728 arces
1620 2702 1625 2735 Ι
1644 2703 1731 2736 atque
1752 2701 1826 2728 inter
1848 2701 1935 2729 roseis

280 2755 458 2790 splendentia
471 2758 562 2782 castra
579 2755 738 2790 triumphis,
754 2756 757 2789 Ι
773 2755 893 2782 candida
906 2755 1032 2790 virgineo
1045 2754 1127 2782 simul
1140 2755 1215 2782 inter
1234 2756 1262 2782 et
1276 2754 1390 2790 agmina
1403 2754 1477 2781 flore.
1549 2755 1600 2781 162
1613 2753 1700 2780 Raab.
1718 2753 1747 2780 V.
1763 2753 1807 2780 W.
1823 2754 1844 2780 I
1845 2762 1875 2788 p.
1885 2753 1938 2781 458

279 2807 313 2834 de
332 2809 409 2834 fonte
429 2807 570 2835 manabat.
