2060 3074
548 176 660 216 vl'rffffl
677 176 704 204 S.
717 177 862 204 AMANDI
882 178 989 205 LIBER
1007 178 1054 205 IV.
1085 178 1223 206 VERSUS
1239 179 1382 207 VULFAI.
1724 185 1787 214 609

505 262 548 294 Et
570 264 597 295 si
619 265 774 306 respicias
797 265 894 296 animi
916 266 1108 308 praecordia
1129 267 1240 308 nostri,

504 314 543 346 In
565 315 615 347 his
638 326 735 358 quam
761 316 857 348 fuerit
879 317 973 348 nobis
995 317 1113 350 devota
1134 319 1293 360 voluntas,

505 366 579 398 Non
602 367 786 399 damnanda
809 368 924 409 aderit,
947 369 1036 401 velut
1059 370 1205 411 aestimo,
1228 381 1330 413 parva
1352 371 1496 403 facultas.

506 417 601 450 Orbis
624 418 728 450 honor
749 422 958 462 nostrumque
983 419 1091 461 decus,
1114 423 1208 463 pater
1230 422 1326 463 alme,
1349 423 1472 460 valeto;

420 481 460 500 ιω
505 469 591 500 Ante
616 473 704 501 tuum
728 471 884 502 tumulum
907 471 1026 513 iugiter
1048 473 1243 504 recinemus:
1267 473 1396 506 haveto.

507 520 556 552 Tu
581 521 696 563 dignus
721 522 821 562 salve,
844 522 937 554 nobis
959 523 1116 565 praebeto
1139 525 1258 556 valere.

547 580 640 612 XIV.
662 581 713 613 En
737 592 828 624 opus,
854 582 939 614 alme
963 582 1054 624 deus,
1076 583 1241 616 hominum
1265 588 1353 617 sator
1375 588 1473 628 atque
1495 586 1693 630 redemptor,

503 631 558 663 Ad
580 632 710 664 laudem
735 633 910 665 obtulimus
932 635 1091 676 praeclari
1112 637 1270 678 praesulis
1294 637 1389 678 istud,

501 683 747 726 Acceptumque
770 685 833 716 tuis
855 688 891 716 ut
913 686 954 717 sit
977 687 1213 729 conspectibus,
1238 698 1303 720 oro.

418 747 456 766 495
501 734 614 766 Omnis
637 736 670 767 in
693 736 862 768 ecclesiam
886 737 1024 768 mundus
1047 748 1106 769 sua
1128 749 1262 770 munera
1286 739 1405 771 defert:

503 786 564 818 Ille
587 787 669 819 nitet
691 798 788 819 sensu
811 789 900 820 velut
922 799 1011 830 auro,
1034 800 1149 821 munus
1173 794 1206 822 et
1229 791 1312 822 alter

505 839 643 880 Argenti
667 840 796 882 eloquio
819 843 953 882 portans
976 841 1140 873 candescit
1162 842 1297 874 honesto

505 890 747 934 Cantorumque
771 892 886 924 chorus
909 893 1013 924 vocali
1036 894 1175 925 concinit
1197 905 1289 931 aere;

501 942 620 974 Fertur
641 943 683 975 ab
706 944 769 975 hoc
792 955 906 976 coccus
929 945 1059 986 gemino
1082 946 1132 978 bis
1155 947 1272 978 tinctus
1295 957 1415 987 amore,

419 1007 458 1026 ιω
501 994 607 1026 Offcrt
630 998 663 1026 et
686 998 804 1027 tortam
827 997 932 1027 carnis
954 997 1131 1028 maceratio
1154 998 1290 1035 bissum;

502 1047 641 1090 Lignum
666 1048 885 1090 incorruptum
908 1048 960 1080 hic
983 1059 1099 1091 corpus
1122 1050 1206 1090 gerit
1228 1050 1468 1090 inmaculatum,

500 1098 636 1130 Actibus
659 1099 714 1130 ille
738 1100 799 1141 piis
822 1110 883 1131 ceu
906 1100 1041 1142 pulchro
1066 1101 1215 1143 splendet
1239 1102 1323 1133 olivo

502 1152 721 1194 Persususque
745 1152 830 1184 bono
853 1155 889 1183 ut
912 1152 1090 1183 timiamate
1114 1152 1232 1194 fraglat
1255 1152 1372 1184 odore:

501 1204 563 1235 Ast
585 1214 648 1246 ego
671 1203 829 1235 munificis
852 1204 1045 1235 commixtus
1068 1204 1214 1235 coetibus
1236 1214 1343 1236 assum

419 1269 456 1288 ⁵⁰⁵
500 1255 631 1298 Pauper
653 1265 777 1298 egenus
800 1256 893 1298 inops
916 1255 1081 1297 trepidans
1105 1255 1254 1287 confusus
1278 1259 1311 1287 et
1334 1266 1468 1298 angens,

502 1308 566 1344 Qui
588 1308 658 1339 fero
681 1307 725 1339 nil
748 1307 911 1350 placitum,
936 1306 1023 1349 quod
1046 1307 1078 1338 in
1101 1317 1189 1339 aram
1212 1318 1334 1350 ponere
1358 1308 1407 1340 fas
1429 1308 1480 1340 sit.

501 1359 602 1391 Pellis
626 1359 668 1390 ob
691 1359 754 1390 hoc
776 1358 854 1390 mihi
878 1358 985 1398 rubra,
1008 1368 1110 1400 genas
1132 1359 1327 1391 verecundia
1350 1360 1462 1402 pingit.

501 1410 575 1442 Hoc
598 1421 728 1442 carmen
752 1413 878 1442 textum
901 1410 1039 1453 caprinis
1063 1410 1164 1441 offero
1188 1411 1261 1452 pilis

501 1463 621 1505 Meque
645 1462 739 1494 simul
762 1461 885 1493 hircum
908 1472 966 1504 pro
990 1462 1122 1494 crimine
1145 1462 1412 1495 mortificandum.

419 1527 458 1546 510
501 1514 569 1546 Sed
591 1515 645 1556 qui
668 1524 727 1556 pro
750 1514 882 1545 minimo
907 1512 1036 1544 viduam
1061 1513 1239 1555 quadrante
1262 1513 1378 1554 beasti,

501 1566 647 1603 Munera,
671 1575 755 1608 quae
779 1565 879 1606 solvo,
902 1565 1031 1607 placato
1055 1565 1182 1607 suscipe
1206 1565 1295 1597 vultu

501 1617 545 1649 Et
567 1620 624 1649 tua
646 1617 717 1648 laus
739 1619 849 1648 nostro
874 1616 1028 1659 perduret
1050 1617 1082 1648 in
1105 1626 1161 1648 ore
1185 1627 1244 1659 per
1267 1627 1393 1657 aevum,

505 1669 568 1706 Qui
591 1669 706 1701 solium
730 1678 931 1711 regnumque
955 1671 1047 1700 tenes
1070 1678 1129 1711 per
1151 1668 1260 1700 saecla
1282 1679 1465 1711 supernum.

502 1720 598 1762 Care,
621 1731 730 1752 meum
754 1720 935 1762 completur
957 1720 1028 1760 iter,
1052 1719 1230 1762 requiesce,
1253 1721 1364 1752 viator.

137 1791 308 1818 EXPLICIT
322 1790 411 1817 vl'rA
431 1788 538 1816 BEATI
555 1787 701 1814 AMANDI
720 1787 962 1814 CONFESSORIS
980 1787 1125 1814 CHRISTI
1139 1787 1186 1814 DE
1206 1787 1322 1814 PROSA
1335 1788 1523 1816 ORATIONE
1543 1790 1580 1816 IN
1601 1788 1788 1815 HEROICUM

136 1834 285 1861 CARMEN
311 1831 475 1860 METRICO
499 1830 604 1858 STILO
627 1830 1196 1900 ΤΒΑΝΒΕΙὲῙῗΞὶΒΗΑςΒΞῙΕὲΟΗξξΙΙιΙῙΑΟΒ
1216 1831 1278 1857 1111.
1313 1831 1351 1857 IN
1372 1831 1503 1863 QUIBUS
1522 1831 1788 1859 CONTINENTUR

872 1874 902 1900 U.
1032 1874 1052 1900 C
1135 1874 1154 1900 Ι.

937 1971 991 1992 vn.

381 2025 636 2062 VERSICULI
663 2023 840 2060 VULFAI
868 2023 915 2059 IN
944 2022 1336 2059 CONFIRMATIONE
1362 2023 1546 2060 OPERIS.

502 2090 655 2123 Carmina
678 2089 823 2121 sidereos
846 2089 961 2120 merito
986 2088 1174 2120 scandentia
1196 2099 1328 2131 campos

544 2142 590 2174 Ut
612 2142 745 2184 vigeant
767 2144 887 2181 nostro,
910 2140 999 2181 Milo,
1023 2140 1133 2172 favore
1156 2140 1251 2182 petis.

502 2194 647 2232 Quorum
670 2194 718 2226 vis
742 2196 832 2226 tanta
855 2196 905 2225 est
927 2193 1049 2235 talique
1071 2192 1212 2235 refulget
1233 2193 1369 2233 honore,

546 2246 592 2278 Ut
613 2248 756 2288 nequeat
781 2247 890 2276 nostro
914 2244 1014 2276 dicier
1036 2244 1175 2287 eloquio.

447 2311 458 2330 s
501 2297 614 2332 Aurea
635 2290 788 2329 materies
811 2299 946 2338 argento
972 2296 1109 2338 cingitur
1131 2295 1216 2336 albo,

547 2348 650 2381 Ornat
674 2351 708 2380 et
730 2348 894 2391 eloquium
916 2346 1023 2379 lucida
1046 2357 1154 2378 massa
1177 2357 1279 2378 suum.

502 2400 576 2432 Non
599 2411 690 2443 opus,
713 2403 748 2431 ut
771 2400 871 2431 nostri
894 2399 1088 2431 decorentur
1111 2399 1230 2430 famine
1254 2397 1359 2430 verbi:

544 2452 623 2484 Eius
646 2452 770 2484 honore
792 2452 915 2494 vigent,
939 2452 1028 2483 cuius
1050 2461 1161 2482 amore
1184 2450 1296 2482 nitent.

501 2504 595 2537 Haec
618 2504 836 2547 archipraesul
860 2507 929 2535 toto
951 2503 1136 2535 notissimus
1159 2502 1238 2534 orbe

431 2569 456 2589 m
541 2556 734 2588 Hincmarus
758 2555 865 2588 verbis
887 2555 1015 2587 sustulit
1038 2555 1174 2586 eximiis.

240 2660 292 2687 503
314 2662 406 2695 flagrat
418 2662 443 2686 A
529 2659 540 2694 ΙΙ
561 2662 689 2687 aeroicum
709 2660 755 2685 VB
807 2661 823 2685 i.
837 2670 861 2694 q.
873 2669 896 2686 c.
910 2646 972 2686 uss.
992 2659 1167 2684 DCccxvm
1185 2656 1219 2691 Β]
1243 2666 1290 2683 om.
1310 2657 1335 2682 V
1421 2655 1487 2690 [vm]
1511 2656 1642 2689 incipieK
1697 2665 1787 2682 uersus

136 2704 237 2738 uulsagi
251 2704 275 2729 A
329 2705 413 2738 operis
430 2705 533 2730 milonis
546 2705 570 2729 Δ
658 2703 675 2729 3
693 2704 775 2737 fulget
789 2703 812 2728 A
899 2702 917 2728 4
935 2706 1065 2735 nequeant
1078 2701 1135 2726 ΑΚ
1219 2700 1235 2725 8
1253 2701 1336 2726 Cuius
1355 2700 1380 2724 V
1427 2699 1512 2733 cuius]
1533 2701 1589 2725 eius
1608 2699 1639 2725 V:
1660 2700 1694 2732 cf.
1712 2700 1786 2733 infra

137 2746 191 2772 ΙΙΙ
202 2751 217 2770 1
227 2746 259 2773 14
277 2747 412 2774 Hucbalds·
427 2756 528 2774 versum
615 2746 650 2772 10
667 2747 826 2780 Hingmarus
839 2746 864 2771 B

238 2814 305 2850 [vu]
324 2814 367 2842 Dc
382 2814 504 2848 Vulfaio,
527 2813 684 2848 H'uncmam,
706 2813 840 2848 Tmarioo,
859 2814 954 2842 ceteris
971 2821 993 2840 v.
1011 2820 1098 2846 supra
1112 2820 1174 2846 pay.
1190 2812 1249 2838 558.
1274 2851 1275 2854 Ἴ
