2138 3106
284 165 343 193 314
890 160 1058 187 CARMINA
1077 159 1341 186 CENTULENSIA.

599 247 642 279 Et
666 247 814 278 manibus
839 247 963 289 plausis
987 246 1087 278 flebat
1110 249 1187 277 tunc
1212 245 1318 277 contio
1343 255 1508 287 praesens,

643 299 784 330 Flebant
808 301 841 330 et
863 308 1015 340 proceres
1040 308 1101 329 nec
1126 297 1232 328 minus
1257 297 1330 338 ipsa
1352 296 1480 327 cohors.

601 351 658 382 Bis
683 350 789 393 quinis
815 350 894 381 obiit
919 348 1169 392 Septembribus
1193 349 1248 380 ille
1272 347 1446 380 Kalendis:

538 409 563 428 1⁰
641 402 694 433 Ad
719 412 852 443 superos
877 401 985 432 anima
1009 400 1166 432 scandere
1190 410 1255 431 non
1279 399 1394 442 piguit.

598 453 683 485 Nam
707 453 903 495 quicumque
922 452 1014 494 'legis
1038 452 1178 491 titulum⁷
1203 452 1359 483 miserere
1384 451 1513 494 sepulti,

642 504 688 536 Ut
711 504 841 536 veniam
864 504 987 535 tribuat
1010 503 1216 535 omnitenens
1242 503 1380 542 animae,

597 556 771 588 Aethcrcis
795 556 895 588 faciat
919 555 1217 598 sempergaudere
1240 554 1423 596 triumphis,

641 608 684 640 Et
708 619 780 640 cum
804 608 970 640 caelicolis
995 607 1038 639 sit
1062 608 1133 639 sinc
1156 607 1220 639 fine
1245 607 1349 649 quies.

1054 831 1174 863 XLIV.

1013 896 1029 931 I
1056 895 1086 931 T
1114 895 1142 931 E
1169 895 1216 931 M.

600 970 792 1003 Condantur
816 971 945 1003 cineres
970 970 1062 1013 parvi
1086 970 1202 1001 tellure
1227 970 1288 1001 sub
1313 970 1377 1001 ista

643 1023 796 1062 Hildrici‚
822 1023 963 1061 domine,
988 1023 1040 1054 cui
1063 1022 1193 1054 veniam
1216 1021 1335 1053 tribue.

599 1075 685 1107 Nam
709 1075 810 1107 ternis
833 1075 968 1106 decimis
992 1074 1046 1105 hic
1069 1073 1185 1105 Martis
1211 1075 1296 1104 sorte
1321 1072 1481 1104 Kalendis

643 1127 807 1169 Egressus
831 1130 937 1158 terrae
961 1136 1051 1157 more
1075 1125 1243 1157 hominum
1266 1124 1362 1156 facie.

551 1188 562 1205 ⁵
598 1179 696 1211 Hunc
721 1180 916 1222 quicumque
940 1179 1040 1221 logis,
1064 1176 1238 1220 ‘superum’
1262 1177 1314 1209 dic
1338 1176 1485 1209 ‘scandat
1508 1176 1686 1218 Olympum

645 1231 731 1263 Hine
753 1232 828 1264 inde
850 1231 999 1274 angelico
1022 1231 1123 1262 fultus
1148 1230 1283 1269 auxilio,

602 1284 717 1316 Totius
742 1283 865 1316 residet
888 1283 999 1315 mundi
1023 1284 1056 1314 in
1080 1293 1143 1325 quo
1168 1283 1237 1314 iure
1261 1284 1395 1320 creator,

647 1336 707 1367 Est
730 1336 786 1368 ubi
809 1337 899 1367 fraus
924 1335 1024 1374 nulla,
1049 1334 1106 1367 sed
1130 1334 1279 1377 probitas
1303 1332 1420 1365 nivea’.

1064 1560 1167 1592 XLV.

1015 1624 1030 1659 Ι
1058 1623 1089 1658 Τ
1117 1623 1145 1658 Ε
1172 1623 1219 1659 Μ.

603 1699 678 1730 Hoc
703 1698 839 1731 recubat
861 1698 956 1730 busto
982 1709 1111 1740 semper
1134 1697 1353 1729 memorabilis
1378 1697 1465 1728 abba

647 1751 860 1793 Angilbertus
885 1761 997 1790 ovans,
1023 1750 1158 1793 spiritus
1182 1753 1271 1781 astra
1295 1749 1380 1781 colit.

603 1803 727 1835 Mensis
751 1803 849 1834 Marti
873 1803 954 1834 obiit
976 1803 1028 1834 bis
1053 1802 1140 1834 senis
1166 1802 1237 1844 ipse
1261 1801 1437 1838 Kalendis;

650 1854 842 1886 Construxit
866 1854 1033 1896 templum,
1058 1853 1145 1895 quod
1169 1853 1289 1884 retinet
1313 1852 1480 1883 tumulum.

556 1914 567 1932 ⁵
603 1906 646 1938 Et
670 1906 748 1938 cluit
772 1906 914 1947 Augusti
939 1905 1056 1937 Karoli
1080 1905 1140 1936 sub
1164 1908 1312 1946 tempore
1335 1903 1459 1945 Magni,

648 1958 866 2000 Dogmatibus
892 1957 1010 1997 clarus,
1035 1956 1235 1999 principibus
1260 1956 1379 1988 socius.

605 2009 693 2042 Ante
717 2010 803 2041 fores
827 2009 939 2052 templi
960 2009 1057 2040 iussit
1079 2009 1135 2051 qui
1159 2019 1194 2040 se
1218 2008 1388 2043 tumulari;

648 2062 798 2093 Ricbodo
823 2061 886 2093 huc
911 2061 998 2093 abba
1020 2060 1185 2092 transtulit
1208 2071 1246 2092 ac
1270 2059 1380 2102 posuit

291 2115 496 2140 Maxuma-342.
606 2114 688 2145 Post
711 2124 812 2145 annos
836 2113 943 2145 obitus
967 2113 1017 2144 bis
1042 2112 1144 2144 denos
1168 2112 1238 2143 eius
1263 2114 1296 2143 et
1319 2114 1402 2150 octo,

544 2173 569 2192 1⁰
650 2166 796 2208 Corpore
821 2176 894 2197 cum
919 2168 1034 2197 nactus
1058 2165 1186 2206 integer
1209 2164 1243 2195 in
1265 2163 1360 2194 solito
1386 2165 1445 2194 est.

395 2331 409 2357 7
430 2340 514 2364 preses
533 2341 600 2357 corr.
618 2331 644 2356 B

394 2373 507 2408 [XLIV]
533 2374 550 2399 6
568 2375 664 2399 auxilio
684 2374 721 2399 B:
747 2374 908 2399 Gentulemes
934 2381 986 2398 non
1014 2373 1096 2397 solam
1124 2374 1171 2398 ceii
1199 2372 1250 2396 heii
1278 2372 1344 2396 eheii
1371 2370 1456 2396 heheu
1482 2369 1528 2395 sed
1554 2369 1630 2394 etiam
1657 2369 1784 2394 aiixilium
1810 2368 1949 2393 secundum

296 2418 462 2443 Gallicanam
479 2418 713 2451 pronuntiationem
732 2418 897 2442 admittebant
915 2417 964 2446 cfr.
987 2416 1089 2441 Traube
1108 2416 1201 2441 Karol.
1220 2414 1356 2447 Dichttmq.
1374 2423 1400 2446 p.
1422 2413 1470 2438 112

398 2459 495 2494 [XLV.]
515 2462 608 2493 recepit
626 2461 770 2493 Ilariulfus
789 2461 849 2492 III,
861 2459 878 2485 5
900 2469 931 2486 ex
954 2460 1009 2485 cod.
1032 2458 1189 2492 R(e9inen8i)
1207 2458 1259 2484 235
1280 2455 1345 2483 saec.
1365 2457 1412 2482 XI
1426 2457 1488 2490 (SS.
1501 2457 1531 2481 X
1538 2457 1562 2488 V,
1578 2455 1634 2488 179)
1747 2456 1763 2480 3
1781 2454 1881 2480 *martii
1899 2454 1950 2479 BR

292 2503 309 2528 8
327 2505 432 2529 ribbodo
451 2504 475 2529 1:
527 2505 579 2529 aba
598 2504 623 2529 B

397 2597 517 2632 [XLIV]
535 2598 552 2624 8
570 2596 639 2623 idem
657 2604 745 2623 versus
763 2596 837 2628 infra
854 2596 969 2623 occurrit
988 2595 1067 2629 XCI,
1084 2596 1116 2622 10
1133 2596 1163 2622 in
1180 2595 1311 2622 Radberti
1329 2594 1470 2621 Paschasii
1487 2594 1611 2620 carmine.

397 2649 500 2684 [XLV.]
519 2649 666 2683 Anyilberti
684 2648 826 2674 translatio
844 2649 921 2681 facta
945 2651 982 2674 est
1000 2649 1051 2675 842
1069 2648 1143 2674 Non.
1163 2647 1231 2674 Νου.
1255 2648 1302 2680 cfr.
1322 2655 1405 2681 supra
1420 2656 1447 2680 1²·
1463 2648 1522 2674 268.
1628 2647 1644 2672 2
1662 2645 1844 2680 Angilbertus
1863 2653 1949 2672 ovans

292 2701 348 2736 ipse
360 2701 532 2735 Anqilbertus
549 2704 579 2727 ut
592 2701 712 2734 primum
720 2703 918 2734 pentametrum
933 2709 1032 2734 ponere
1042 2700 1165 2733 amabat;
1183 2699 1298 2734 spiritus
1316 2701 1392 2726 astra
1411 2698 1479 2726 colit
1490 2700 1539 2731 cs'r.
1552 2706 1636 2732 supra
1652 2697 1768 2724 Miconis
1779 2705 1800 2723 c.
1816 2696 1948 2729 XXV‚2.

292 2754 309 2780 6
334 2753 463 2787 Epitaph.
488 2753 638 2787 Anffl'lberti
659 2761 682 2780 v.
705 2754 722 2780 6
744 2752 781 2779 ed.
808 2753 911 2779 Traube
938 2752 1033 2779 Karoz.
1058 2752 1202 2787 Didvtumy.
1227 2761 1257 2786 p.
1276 2754 1310 2780 55
1338 2751 1512 2787 principibus
1541 2751 1630 2778 multo
1659 2759 1740 2778 carus
1766 2758 1860 2776 amore
1886 2748 1948 2783 piis.

298 2806 328 2832 10
346 2806 444 2832 nactus
463 2805 512 2837 cfr.
532 2805 656 2831 Namara.
675 2806 692 2831 l.
711 2813 732 2831 c.
752 2813 866 2839 corpore
886 2804 1051 2832 indissoluto
1070 2806 1195 2839 repertus
1216 2805 1265 2831 est.
