2060 3074
772 155 883 182 VITAE
902 155 928 182 S.
947 155 1115 182 GERMANI
1134 156 1243 183 LIBER
1258 157 1302 184 VI.
1800 162 1862 193 513

499 251 537 271 wa
618 240 688 272 Nec
711 245 743 272 te
768 241 885 272 divinis
909 245 1074 275 exsortem
1097 242 1221 275 duxero
1245 243 1349 282 donis,
1611 255 1643 280 Ut
1652 255 1812 280 Placentiam
1824 264 1862 281 ve-

575 291 700 323 Italicis
724 302 789 324 non
813 293 989 325 infecunda
1010 294 1179 326 Placentia
1201 295 1337 337 glaebis,
1604 299 1676 323 niem
1685 299 1861 331 paralyticam

576 344 637 376 Cui
660 355 736 376 mox
759 345 912 387 dignatur
936 350 1084 378 sanctum
1108 347 1284 380 succedere
1308 348 1413 379 funus.
1655 342 1812 373 reformarit.

575 395 735 438 Quodque
758 396 844 428 intra
867 397 1026 430 ecclesiae
1051 402 1148 430 noctu
1173 403 1300 431 secreta
1322 400 1465 431 locatum

574 447 661 479 Dum
686 448 775 489 vigili
798 449 904 490 pietas
927 460 1090 491 ymnoque
1110 454 1148 482 'et
1171 451 1293 482 lumine
1317 455 1435 490 servat,

498 511 538 531 490
573 498 674 531 Forte
698 500 760 531 loci
783 503 931 532 matrona
955 501 1053 539 subit,
1078 502 1129 532 cui
1152 503 1262 544 passio
1287 502 1408 534 dudum

573 550 670 583 Dicta
692 551 853 593 paralysis
875 552 1011 583 miseros
1035 552 1235 585 labefecerat
1257 557 1357 585 artus.

574 602 645 634 Iam
669 603 778 634 nervis
802 603 937 634 fluidum
961 604 1038 635 laxa
1060 615 1218 646 compage
1243 605 1358 636 solutis

574 653 718 686 Cernere
743 657 814 686 erat
835 654 990 686 miseram
1014 655 1176 687 defunctis
1199 656 1309 688 vivere
1332 657 1487 688 menbris.

574 704 665 737 Haec
685 709 797 737 sancto
819 705 914 737 subdi
937 707 1043 748 poscit
1065 707 1216 739 benefida
1239 707 1373 739 feretro:

495 768 534 788 ⁴95
573 756 727 789 Subditur
750 760 784 788 et
807 760 883 795 tota,
908 768 1005 799 quam
1029 758 1127 800 longa
1150 762 1211 798 est,
1236 763 1332 791 noete
1358 760 1554 792 recumbens

572 808 693 840 Haurit
715 809 877 840 caelestes
902 808 1032 840 Christo
1054 813 1231 852 vegetante
1255 811 1411 843 medelas.

574 860 749 902 Stringitur
771 860 803 892 in
829 860 969 891 solidum
994 861 1103 892 nervis
1127 861 1159 892 in
1180 862 1290 904 prisca
1312 861 1466 901 reductis,

572 911 737 955 Exceptat
759 911 923 954 placidum
949 913 1054 954 sopita
1076 917 1168 954 peste
1193 913 1348 955 vigorem.

571 963 648 995 Lux
669 963 753 996 redit
775 966 809 995 et
832 967 983 1005 coeptum
1005 967 1158 1006 repetunt
1180 965 1330 997 insistere
1355 965 1485 997 callem:

497 1027 535 1047 500
572 1014 669 1046 Elato
693 1016 810 1057 capulo
834 1015 951 1046 mulier
974 1016 1147 1047 sanissima
1169 1017 1274 1058 surgit

572 1065 709 1099 Munere
732 1066 879 1098 defuncti
903 1067 1003 1098 vitam
1027 1067 1142 1099 sortita
1165 1068 1340 1100 salubrem.

573 1117 711 1149 Miratur
733 1118 874 1160 populus
898 1118 1049 1159 genuinis
1073 1118 1194 1150 vadere
1218 1119 1351 1161 plantis,

571 1169 741 1201 Hactenus
763 1169 864 1201 >officii
887 1169 993 1201 fuerat
1017 1180 1100 1212 quae
1125 1170 1224 1202 totius
1248 1171 1364 1212 impos.

571 1221 641 1253 Nec
664 1231 833 1253 numerum
857 1221 1004 1253 referunt
1028 1231 1088 1253 nec
1112 1222 1228 1264 stringi
1254 1222 1398 1254 carmine
1420 1226 1559 1265 possunt

495 1285 533 1305 50³
571 1272 701 1312 Cetera,
725 1273 880 1305 lustratas
904 1283 989 1315 quae
1013 1277 1082 1304 tum
1106 1277 1238 1316 patrata
1261 1284 1320 1316 per
1343 1285 1428 1306 oras.

570 1324 658 1361 Quin
682 1329 715 1357 et
738 1325 787 1356 bis
811 1325 971 1368 triplicem
995 1324 1080 1356 nodo
1104 1335 1316 1367 compescere
1341 1326 1450 1358 funem

570 1376 726 1420 Cogimur
748 1380 782 1409 et
804 1377 904 1419 raptis
929 1377 1071 1408 stadium
1094 1387 1291 1420 componere
1316 1378 1449 1410 moetis:

570 1428 672 1460 Lecta
694 1428 820 1460 dabunt
843 1428 924 1460 alias
948 1428 1086 1460 devotae
1111 1429 1259 1471 symbola
1282 1429 1411 1462 mentis.

612 1480 780 1512 Aethereo
803 1481 928 1512 monitu
951 1480 1100 1523 divisque
1125 1481 1270 1513 exercita
1293 1482 1391 1513 iussis
1603 1489 1633 1514 Ue
1658 1490 1749 1514 Gallia
1775 1492 1856 1516 omm'e

494 1545 532 1564 51⁰
568 1532 677 1564 Gallia
699 1532 864 1564 Poeninas
888 1543 1005 1574 agmen
1031 1532 1197 1564 contendit
1220 1533 1253 1564 in
1278 1533 1381 1575 Alpes
1589 1533 1683 1564 funeri
1706 1534 1854 1560 occurrerit.

569 1583 758 1627 Exceptura
781 1594 875 1615 suum
899 1584 1021 1626 duplici
1044 1584 1166 1626 pietate
1190 1587 1373 1626 parentem,
1392 1586 1394 1588 ’

568 1635 664 1672 Quod
687 1636 848 1678 proprius,
873 1635 959 1678 quod
982 1626 1162 1678 longinqua
1188 1636 1321 1678 regione
1346 1636 1478 1668 relatus.

568 1687 674 1730 Urget
696 1697 787 1719 amor
810 1687 910 1726 cives,
934 1690 1031 1729 urget
1054 1687 1241 1719 reverentia
1264 1690 1367 1719 certe:

567 1739 727 1782 Quodque
751 1743 914 1774 verentur.
939 1742 1062 1774 amant:
1087 1738 1172 1781 quod
1195 1743 1315 1775 amant,
1339 1739 1371 1770 id
1395 1749 1512 1782 nempe
1537 1745 1703 1774 verentur:

493 1803 530 1823 51⁵
567 1791 695 1823 Felices
719 1795 856 1832 utroque
880 1794 1000 1829 tamen,
1025 1791 1053 1822 si
1076 1793 1214 1833 perpete
1237 1796 1313 1822 voto

566 1842 609 1874 Et
631 1846 778 1874 metuant
801 1846 834 1874 et
857 1845 968 1873 ament
991 1842 1202 1874 metuendum
1227 1845 1260 1874 et
1283 1853 1414 1885 semper
1436 1843 1620 1877 amandum.

610 1894 715 1926 Omne
739 1904 843 1936 genus
868 1893 1033 1925 hominum
1057 1893 1186 1925 diversa
1209 1893 1250 1925 ad
1274 1894 1384 1926 munia
1408 1895 1520 1927 currit:
1597 1906 1741 1938 Descriptio
1756 1910 1779 1931 ec
1797 1907 1854 1939 offi-

570 1945 658 1988 Ergo
683 1946 752 1977 vias
776 1946 830 1977 alii
855 1945 1000 1976 disiectis
1024 1944 1164 1976 molibus
1188 1948 1340 1986 aequant,
1597 1949 1637 1974 cia
1660 1949 1853 1974 occurrentium.

566 1997 724 2029 Pontibus
749 1997 915 2028 instructis
938 1996 1121 2028 conducunt
1144 1996 1240 2027 litora
1264 1996 1410 2038 quidam;

491 2060 528 2080 πο
565 2048 609 2080 Hi
633 2048 767 2091 psalmis
790 2048 938 2086 reboant,
962 2047 1121 2089 plaudunt
1145 2046 1356 2079 concentibus
1380 2047 1443 2085 illi;

567 2099 756 2132 Succollant
780 2099 847 2136 alii,
871 2099 995 2130 iactant
1018 2098 1182 2140 impendia
1205 2098 1307 2130 multi.

566 2151 630 2188 Qui
652 2155 798 2194 possunt,
822 2151 911 2182 oneri
935 2150 1060 2182 vicibus
1085 2149 1262 2182 succedere
1286 2150 1446 2192 gaudent;

566 2203 604 2235 Id
628 2204 682 2246 qui
709 2213 772 2234 non
795 2205 945 2245 possunt,
970 2201 1054 2244 quod
1079 2202 1183 2234 solum
1207 2201 1348 2244 denique
1371 2205 1519 2244 possunt:

568 2256 745 2290 Deducunt
768 2255 882 2293 oculis,
906 2254 1008 2286 oculis
1033 2258 1066 2286 et
1090 2264 1170 2286 voce
1194 2257 1357 2286 secuntur.

490 2320 528 2340 525
564 2307 704 2339 Lumina
727 2306 897 2348 multiplici
921 2315 1027 2337 rerum
1051 2309 1238 2337 constructa
1261 2309 1379 2347 paratu

566 2359 746 2391 obnubunt
767 2358 879 2389 rutilos
904 2357 1078 2389 Phoebeae
1103 2356 1263 2399 lampadis
1288 2357 1392 2399 ignes.

566 2411 672 2443 Tanta
695 2410 791 2442 datur
814 2409 914 2442 cineri
938 2410 964 2440 si
988 2419 1096 2440 rerum
1121 2419 1238 2451 pompa
1261 2408 1396 2447 caduco,

565 2462 696 2498 Quanta
719 2462 859 2493 animam
883 2461 1009 2503 superis
1033 2460 1166 2502 insignit
1188 2459 1292 2501 gloria
1317 2460 1456 2491 castris?

566 2513 698 2550 Quanta
720 2513 804 2556 polo,
830 2513 857 2544 si
881 2516 972 2543 tanta
995 2512 1084 2543 solo?
1131 2511 1178 2542 Te
1202 2510 1310 2549 dante,
1335 2510 1534 2552 redemptor,

491 2578 529 2598 sao
567 2565 759 2597 Sanctorum
783 2575 913 2606 semper
936 2574 1023 2595 mors
1048 2566 1098 2595 est
1120 2563 1263 2605 pretiosa
1286 2566 1426 2594 tuorum.

0 1650 17 1901 '⁷V‘vva--.·v=vvvr··-¹
0 1507 13 1642 Ἷ-τν-νυι-
0 1480 9 1496 v·
0 1447 1 1450 „
3 1398 6 1399 ,

304 2661 411 2686 Scholia
429 2675 464 2680 —
481 2659 533 2686 499
551 2659 677 2693 insistere]
697 2668 825 2693 peragere.
846 2673 879 2677 —
897 2659 1021 2691 Virgilius
1039 2658 1114 2690 (Aen.
1135 2657 1256 2688 V15⁶3):
1276 2657 1355 2683 ‘Nulli
1374 2659 1411 2683 fas
1426 2661 1496 2683 casto
1514 2659 1637 2684 scelerato
1656 2658 1746 2690 (—um
1765 2658 1849 2691 Ver-y.)

191 2703 300 2729 mistero
321 2703 406 2729 limen'
518 2702 570 2729 507
590 2702 753 2736 componere]
773 2703 847 2728 finire

293 2789 330 2814 ad
346 2787 398 2814 485
412 2789 634 2814 ROFORMARH*
647 2788 672 2813 P
683 2787 857 2813 reformaverit
870 2787 962 2812 Boeclt.
1032 2786 1083 2812 4³55
1103 2788 1154 2812 Nee
1167 2787 1262 2811 diuinis
1275 2795 1341 2811 corr.
1356 2786 1380 2810 P
1447 2785 1499 2811 492
1517 2786 1623 2811 fluidam
1635 2786 1739 2811 coniecit
1751 2785 1846 2811 Boech.

294 2833 398 2860 Porus
418 2842 499 2861 ιΑτικι
517 2842 575 2860 um
594 2833 717 2861 canoram
738 2833 784 2865 111,
798 2834 822 2860 ⁴2.
1608 2831 1642 2859 65
