2040 2996
778 134 1032 164 DEPRECATION
1036 136 1084 164 Es.
1691 143 1703 174 1
1711 144 1748 175 31

472 221 567 253 Nunc
589 221 712 253 famulo
734 222 861 264 largum
883 222 1062 265 plangendi
1086 224 1230 256 carmine
1255 225 1369 258 fletum

475 272 596 305 Confer
617 276 659 313 et,
683 272 825 314 Christe,
847 277 977 306 nostras
1001 274 1144 307 dissolbe
1166 277 1322 308 tenebras

477 324 520 356 Et
541 324 613 357 luce
635 325 744 368 vigida
767 325 853 357 serbi
875 325 922 357 sic
945 329 1080 368 pectora
1101 326 1216 367 forma,

393 382 418 401 2⁰
475 376 520 408 Ut
543 376 640 419 digne
664 380 794 409 cantum
817 377 934 410 reddat
956 377 1105 410 imnifere
1129 379 1287 421 pulcrum,

474 427 546 464 Quo
570 428 691 469 deleas,
714 432 836 470 sancte,
859 428 998 471 placide,
1022 439 1102 471 quas
1125 430 1250 473 perfide
1275 432 1388 475 culpas

473 479 646 512 Traximus
669 480 840 513 hortantes
862 491 924 523 per
945 480 1041 513 devia
1063 492 1170 524 nequa
1192 483 1331 515 viantes.

475 531 529 564 Sic
553 542 615 574 ego
638 532 814 575 primorum
837 536 943 565 sectas
967 533 1116 566 iterando
1139 535 1299 567 malorum

474 583 554 615 Sum
576 595 664 616 nexu
686 585 773 617 iusto
796 585 923 617 vinctus
947 585 1007 616 sub
1031 585 1124 618 clade
1147 597 1286 619 reorum.

392 641 417 661 2⁵
475 635 532 667 Set
554 637 675 669 misero
697 637 838 678 veniam,
861 637 947 669 tollit
969 637 1022 668 cui
1045 638 1140 679 culpa
1163 649 1327 679 coronam,

474 687 597 728 Gratia,
621 688 760 729 Christe,
783 691 841 720 tua
862 689 995 721 tribuat.
1041 688 1147 726 Quem
1171 701 1247 722 esca
1269 692 1351 723 reati

474 739 504 771 A
527 741 675 782 patribus
698 743 793 773 tensa
816 741 930 781 vinxit,
953 740 1013 772 hec
1037 741 1115 772 fletu
1139 743 1277 774 resulta:

882 957 975 990 VIII.

436 1019 549 1056 ITEM
576 1020 843 1057 LAMENTUM
869 1020 1122 1057 METRICUM
1150 1020 1417 1057 PROPRIUM.

470 1103 622 1144 Albarus,
645 1115 664 1136 0
687 1105 802 1144 lector,
825 1104 922 1147 longo
945 1115 1005 1147 per
1027 1107 1175 1148 tempore
1198 1105 1311 1147 pangit

470 1154 513 1187 Et
535 1156 646 1198 lingua
666 1166 825 1188 resonans
848 1159 958 1188 tecum
981 1160 1054 1199 post
1076 1156 1144 1188 fata
1166 1156 1317 1198 resurgit.

471 1207 509 1239 In
533 1218 629 1240 auras
651 1208 778 1240 solutus
799 1208 852 1240 vel
876 1211 965 1240 certe
987 1209 1124 1251 pulvere
1147 1218 1282 1247 mersus,

469 1258 593 1291 Versus
615 1260 649 1292 in
673 1260 815 1293 cinerem
838 1279 880 1284 —
902 1261 1040 1293 metrice
1064 1264 1115 1293 set
1139 1271 1215 1292 ecce
1239 1263 1362 1293 revoat.

402 1316 414 1334 ⁵
469 1309 530 1350 Tu,
552 1310 666 1351 lector,
689 1311 841 1354 relegens
867 1311 968 1344 redde
990 1322 1076 1344 nunc
1098 1312 1224 1354 premia
1246 1312 1334 1344 vocis

470 1360 514 1393 Et
535 1362 685 1394 lacrimas
709 1362 839 1396 domino
860 1363 999 1396 fundens
1022 1364 1085 1396 hec
1109 1367 1205 1396 cantu
1228 1364 1364 1396 resulta:

471 1413 717 1457 ‘Cunctipotens
739 1415 882 1457 genitor,
905 1426 1014 1448 rerum
1037 1415 1090 1448 cui
1112 1416 1218 1457 gloria
1240 1415 1334 1447 cedet

470 1465 639 1508 Quemque
662 1466 728 1509 poli
750 1466 896 1507 laudant,
920 1467 1080 1500 famulant
1103 1467 1153 1499 cui
1177 1478 1290 1499 omnes
1313 1466 1423 1506 abissi,

470 1516 530 1549 Cui
554 1516 603 1549 sol
625 1517 703 1549 luna
725 1517 796 1550 dies
819 1519 918 1551 tellus
941 1522 974 1550 et
995 1523 1120 1551 tartara
1142 1519 1285 1558 serbent,

390 1575 415 1594 ¹⁰
470 1567 576 1605 Quem
599 1568 712 1602 dulces
735 1570 884 1602 volucres
906 1570 1042 1603 laudant
1064 1581 1137 1607 cum
1161 1571 1306 1603 carmina
1327 1570 1450 1612 pipant,

470 1619 575 1657 Quem
598 1631 742 1654 murmur
764 1626 895 1654 resonat
917 1622 1041 1655 undose
1064 1623 1210 1665 margine
1233 1626 1367 1664 turgens

469 1671 513 1704 Et
534 1673 632 1705 maris
654 1673 721 1705 alta
742 1674 888 1717 procella
910 1678 1028 1707 tonans
1051 1685 1148 1718 quem
1172 1685 1254 1707 cana
1276 1674 1433 1713 celebrat,

470 1723 654 1767 Omnigena
675 1735 783 1758 rerum
805 1726 972 1758 dominum
996 1737 1093 1769 quem
1117 1730 1193 1759 vota
1215 1729 1387 1769 preconat:

469 1777 627 1810 Albarum
650 1779 747 1811 solita
768 1789 897 1823 semper
918 1781 1040 1823 pietate
1063 1780 1226 1822 guberna:

388 1836 412 1854 ¹⁵
470 1828 567 1862 Hunc
590 1830 695 1873 gratis
717 1831 852 1871 relebet‚
876 1842 973 1875 quem
995 1833 1092 1875 nugis
1115 1833 1212 1864 noxia
1235 1830 1369 1863 curbat?

469 1882 524 1914 Sic
546 1885 580 1914 te
602 1886 678 1926 post
698 1883 766 1915 sats
788 1887 976 1916 sanctorum
998 1894 1075 1917 vere
1098 1894 1216 1917 serena

468 1931 555 1965 Prex
577 1934 694 1966 merito
717 1933 817 1976 digna
839 1945 1030 1978 magnorum
1054 1939 1143 1967 sorte
1166 1937 1310 1966 coronet.

467 1983 519 2016 En
542 1995 604 2027 ego
627 1996 709 2027 sum,
731 1986 847 2026 fateor,
871 1988 925 2030 qui
947 1987 1069 2019 dudum
1093 1987 1177 2019 forte
1200 1986 1351 2028 vigebam

467 2035 609 2068 Vitalem
632 2037 766 2078 ducens,
789 2037 930 2071 reddens
954 2050 996 2071 ex
1019 2049 1153 2081 corpore
1176 2038 1302 2074 flatum3

386 2093 412 2112 ²⁰
470 2087 528 2120 Set
550 2089 630 2121 cinis
653 2090 685 2122 in
709 2091 851 2122 cinerem
873 2091 979 2124 veloci
1003 2091 1066 2123 fine
1090 2090 1210 2123 recessi

468 2139 643 2173 vermibus
666 2145 762 2184 pastu
785 2142 905 2175 cedens
928 2143 981 2175 vel
1004 2147 1102 2176 vento
1125 2143 1267 2174 reiectus

468 2191 507 2224 In
529 2193 674 2234 nicilum,
697 2194 834 2228 credens
857 2195 975 2228 iterum
998 2206 1050 2227 me
1072 2205 1171 2237 posse
1195 2194 1314 2226 reverti

467 2242 520 2276 Ex
542 2245 639 2278 nicilo
660 2246 778 2279 virtute
802 2246 866 2287 dei,
889 2246 1084 2290 quandoque
1108 2246 1234 2288 refingi.

467 2294 526 2337 Te,
549 2307 639 2339 rogo,
661 2308 747 2330 nunc
770 2299 878 2331 recole
901 2298 1009 2341 fragili
1031 2298 1077 2331 sic
1100 2302 1187 2330 sorte
1209 2297 1389 2329 revinctum

386 2352 411 2372 ²⁵
469 2346 514 2379 Et
534 2348 638 2380 nostri
661 2359 794 2382 consors
816 2350 927 2382 anima
948 2350 1093 2392 fugiente
1116 2349 1242 2381 dolores

466 2398 538 2431 Has
561 2399 715 2433 humbras
737 2401 882 2434 locorum
905 2402 1099 2444 quandoque
1123 2400 1218 2432 corde
1241 2400 1360 2432 fruere.

204 2514 240 2540 22
256 2514 371 2541 *deviam
388 2524 472 2549 neque
483 2516 506 2542 G
587 2515 622 2542 24
638 2515 733 2543 *Hunc
748 2518 771 2543 0
785 2518 860 2543 Nunc
872 2517 915 2543 Pl.
1002 2517 1036 2543 26
1053 2516 1136 2549 *escal
1155 2517 1228 2542 restis
1243 2516 1264 2541 C
1348 2515 1380 2542 27
1399 2515 1463 2542 *nec
1477 2517 1499 2542 Ο

205 2555 296 2591 [vm]
314 2557 332 2584 4
348 2557 450 2585 *cinere
463 2559 486 2584 0
569 2558 602 2585 13
619 2558 776 2594 *dominumJ
794 2569 872 2587 sensu
887 2561 914 2594 0,
933 2559 1001 2587 *tots
1013 2561 1036 2586 0
1118 2559 1152 2585 22
1168 2558 1284 2585 *rediens
1298 2559 1320 2584 Ο
1402 2557 1436 2584 24
1454 2558 1568 2592 *fragilis
1582 2560 1603 2586 0

205 2625 288 2660 [vn]
306 2626 339 2653 1⁷
356 2633 392 2660 oq.
411 2625 516 2661 Euyen.
534 2627 552 2654 1.
563 2634 584 2654 c.
599 2628 677 2661 1220
694 2627 719 2655 I.
754 2628 797 2655 Da
821 2629 901 2663 pater
923 2628 1077 2655 altitonans
1102 2627 1237 2654 undosum
1262 2625 1372 2652 fletibus
1391 2625 1520 2659 imbrem,
1540 2629 1615 2662 {quo
1634 2628 1740 2654 valeam

103 2674 224 2702 lacrimis
241 2676 383 2711 culparum
402 2677 508 2704 solvere
524 2678 619 2706 moles.
704 2680 738 2707 22
755 2687 863 2714 nequus
876 2688 905 2706 -a
917 2688 975 2706 -um
991 2679 1050 2705 m'de
1065 2687 1085 2706 e.
1096 2687 1122 2712 9.
1134 2677 1208 2711 apud
1220 2677 1326 2704 Maium
1339 2678 1421 2711 spicil.
1436 2678 1512 2705 Rom.
1527 2678 1577 2705 IX
1589 2688 1648 2713 app.
1662 2687 1690 2713 p.
1701 2680 1743 2706 42.

101 2726 136 2752 25
155 2726 263 2762 Euyen.
285 2727 364 2755 Tota.
381 2728 415 2756 ib.
434 2728 558 2756 Concede
576 2730 695 2762 veniam,
713 2730 759 2757 cui
777 2731 854 2757 tollit
871 2731 955 2765 culpa
973 2739 1110 2757 coronam.

206 2779 301 2814 [vlu]
319 2780 355 2806 20
371 2780 477 2815 Euam.
491 2790 520 2815 p.
538 2782 573 2809 20
591 2782 630 2808 ΙΙ.
649 2782 737 2809 veloci
757 2783 811 2809 fine
829 2783 968 2809 recedunt.

530 2835 534 2839 .
1484 2829 1515 2855 Π
1525 2829 1538 2843 s
