2060 3074
305 111 366 141 638
960 108 1111 135 MILONIS
1130 108 1308 135 CARMINA.

670 197 816 238 Regibus
839 196 921 228 haec
945 196 1050 227 aufert
1071 195 1105 227 in
1128 195 1291 228 deteriora
1312 195 1429 227 volutis

671 249 799 280 Nomen
824 251 857 280 et
880 248 1031 289 officium,
1056 247 1240 280 dominetur
1260 250 1297 280 ut
1318 248 1389 291 ipsa
1412 249 1564 291 tyrannis.

589 314 626 333 ⁷55
672 300 794 332 Omnes
816 300 879 332 ista
902 300 1022 342 gradus
1044 300 1232 331 meritorum
1255 299 1331 332 dote
1354 303 1507 332 venustos

672 352 793 384 Circuit
817 355 850 383 et
874 353 1009 394 quaerit,
1034 362 1097 394 quo
1121 362 1268 394 gressum
1291 352 1392 394 figere
1414 352 1526 394 possit.

670 404 780 447 Ipsam
803 405 879 447 quin
902 405 1001 436 etiam
1024 414 1128 436 naevo
1152 405 1315 436 maculare
1339 405 1496 436 cucullam

670 457 799 497 Nititur,
822 457 1027 492 immemores
1049 459 1085 488 ut
1107 456 1174 488 voti
1196 456 1285 488 lucra
1308 456 1411 488 relicti

670 509 858 551 Respiciant
880 508 992 540 mundi
1014 509 1183 551 iurataque
1206 509 1276 540 iura
1298 509 1471 540 resolvant.

587 574 625 593 mo
668 561 762 592 Haec
784 561 936 592 miserum
959 561 1125 603 penitrans
1148 571 1300 592 saxorum
1323 560 1479 603 grandine
1503 571 1648 603 pressum

671 613 791 645 Stravit
813 613 938 648 Achar:
965 613 1058 644 vallis
1081 615 1172 644 tenet
1194 613 1269 644 inde
1292 623 1436 655 perenne
1458 623 1624 644 vocamen.

670 665 738 697 Ista
762 665 860 696 etiam
884 664 1020 696 adduxit
1041 665 1153 707 primis
1177 665 1308 696 orientis
1331 665 1372 696 ab
1397 665 1460 696 oris

671 718 824 749 Insanum
847 720 968 755 vatem,
992 717 1043 749 cui
1066 717 1191 748 doctior
1214 717 1323 748 obstat
1345 717 1446 749 asella

669 769 823 801 Humana
846 769 998 800 stolidum
1021 770 1182 811 castigans
1205 779 1285 801 voce
1307 769 1460 806 Balaam;

588 835 624 854 765
669 822 782 863 Pergit
806 821 847 852 ob
871 822 1051 863 augurium,
1075 825 1126 853 ter
1148 824 1274 864 septem
1299 822 1410 853 circuit
1432 832 1514 862 aras,

671 874 875 906 Adversante
900 873 962 905 deo
985 874 1117 905 nimium
1140 874 1284 916 persistit
1306 884 1432 914 avarus,

669 925 798 957 Ardens
822 936 885 968 quo
909 926 1016 968 capiat
1038 926 1187 969 promissi
1209 926 1298 958 lucra
1321 926 1454 958 metalli.

670 978 721 1010 De
745 978 846 1009 tribus
869 978 931 1009 hoe
954 988 1052 1009 unum
1075 978 1198 1019 vitium,
1223 989 1286 1020 quo
1310 978 1429 1010 corruit
1450 977 1568 1009 Adam.

670 1031 744 1062 Hoc
767 1033 944 1072 temptator
967 1030 1035 1062 adit
1058 1030 1231 1071 Christum,
1255 1041 1328 1062 cum
1353 1030 1489 1062 culmine
1512 1031 1545 1061 in
1568 1030 1633 1061 alto

589 1096 627 1115 πο
670 1083 787 1124 Regna
810 1082 986 1122 hominum,
1011 1083 1188 1125 pretiosum
1212 1086 1245 1114 et
1269 1082 1421 1125 quicquid
1442 1083 1475 1114 in
1502 1082 1580 1114 orbe
1603 1083 1743 1120 tenetur,

670 1134 823 1166 Promisit
846 1135 956 1175 fallax,
980 1135 1006 1166 si
1030 1146 1064 1167 se
1089 1135 1264 1167 submissus
1287 1134 1410 1166 adoret.

670 1188 821 1220 Traditur
844 1189 905 1220 hoc
929 1198 1040 1220 amens
1062 1188 1159 1231 periit
1182 1188 1330 1220 fervente
1352 1198 1478 1219 veneno

668 1240 796 1272 Nomen
820 1243 853 1272 et
876 1241 1016 1272 officium
1040 1241 1171 1272 sortitus
1193 1241 1263 1271 iure
1286 1240 1446 1282 priorum:

667 1293 795 1324 Primus
818 1292 903 1324 enim
927 1293 1099 1324 innocuum
1124 1291 1222 1323 Iudas
1246 1291 1395 1323 distraxit
1417 1290 1549 1334 Ioseph,

585 1358 622 1377 πε,
666 1344 823 1376 Vendidit
845 1345 1000 1376 univocus
1024 1345 1113 1376 cuius
1136 1345 1312 1376 sceleratus
1334 1343 1443 1375 Iesum

671 1396 831 1428 Iscarioht
854 1407 896 1428 ex
920 1397 1018 1438 stirpe
1041 1396 1184 1436 Isachar,
1208 1396 1262 1439 qui
1284 1396 1353 1428 iure
1376 1399 1509 1428 vocatus

669 1449 728 1480 Est
750 1459 885 1489 merces,
910 1449 1059 1491 quoniam
1083 1449 1173 1491 lippa
1195 1449 1361 1490 genetrice
1385 1451 1522 1488 creatus,

669 1501 843 1532 Pomorum
868 1501 973 1543 pretio
998 1511 1080 1543 quae
1104 1501 1189 1532 lecto
1213 1500 1348 1532 adscivit
1369 1500 1469 1532 Iacob

667 1553 846 1595 Praesagio
870 1553 1001 1595 signans
1026 1563 1214 1595 synagogae
1238 1553 1361 1584 semine
1384 1552 1499 1584 Iudam

587 1619 625 1638 τεο
669 1605 860 1645 Venturum,
883 1605 938 1637 vili
961 1606 1065 1648 pretio
1090 1605 1144 1647 qui
1167 1604 1324 1637 venderet
1346 1605 1447 1645 illum,

671 1658 836 1700 Sanguine
861 1658 915 1700 qui
939 1658 1070 1700 proprio
1094 1658 1235 1690 salvaret
1257 1657 1406 1690 venditus
1430 1657 1552 1689 orbem.

667 1711 778 1742 Furax
800 1710 854 1742 ille
877 1710 976 1742 miser
998 1710 1184 1754 marsuppia
1207 1721 1298 1742 sacra
1321 1710 1466 1742 cavando

669 1762 723 1794 Ad
743 1765 867 1794 tantam
890 1762 1015 1794 rabiem
1039 1773 1097 1805 pro
1120 1763 1200 1794 lucri
1223 1762 1339 1794 ardore
1362 1762 1500 1803 volutus,

670 1815 801 1847 Invidus
825 1814 867 1846 ad
889 1815 1032 1846 mulieris
1056 1826 1136 1857 opus
1160 1815 1236 1846 dum
1258 1815 1367 1847 nobile
1390 1826 1541 1858 myrrum,

405 1949 455 1975 756
472 1958 589 1983 gressum
608 1937 681 1975 sic'A
770 1949 819 1975 771
837 1950 972 1976 Promissit
984 1949 1009 1975 A
1097 1949 1148 1975 776
1165 1954 1253 1984 styrpe
1265 1950 1290 1975 A

301 2036 351 2054 vae
377 2026 468 2059 vobis,
494 2027 578 2053 duces
597 2026 696 2059 caeci):
720 2035 802 2053 canes
824 2026 896 2053 muti
921 2035 977 2054 non
995 2027 1121 2053 valentes
1144 2027 1258 2059 latrare;
1283 2026 1392 2061 Greyor.
1411 2027 1510 2054 Hamil.
1533 2027 1566 2053 in
1590 2035 1625 2054 w.
1644 2027 1723 2054 1140
1744 2027 1799 2060 (M.
1818 2027 1860 2062 76,
1874 2026 1953 2059 lm)

301 2087 510 2112 nonnumquam
533 2078 624 2104 solent
642 2078 671 2104 in
690 2087 768 2105 sacro
787 2078 899 2113 eloquio
918 2087 968 2113 per
986 2087 1068 2106 canes
1086 2079 1291 2114 praedicatores
1310 2079 1436 2114 intellegi
1457 2087 1542 2113 e.q.s.

406 2140 455 2167 759
474 2140 543 2166 Aen.
563 2140 655 2166 11127
680 2141 730 2166 tua
748 2139 810 2165 iura
831 2139 946 2166 resolvo.
1035 2140 1094 2167 760.
1109 2140 1157 2167 761
1178 2140 1233 2167 Ios.
1252 2140 1276 2171 7,
1289 2140 1322 2167 24
1346 2140 1448 2167 tollens
1470 2141 1551 2168 Iosue
1573 2139 1671 2167 Achan
1693 2139 1798 2173 (Achar
1815 2139 1909 2166 LXX
1928 2142 1954 2167 ά

301 2192 412 2225 quidam
432 2191 530 2218 Latini
548 2194 611 2218 ante
628 2191 835 2226 Hieronymum)
861 2211 883 2218 ..
909 2191 1050 2218 duxerunt
1068 2200 1114 2218 eos
1133 2191 1169 2218 ad
1187 2191 1289 2218 vallem
1308 2191 1400 2218 Achor
1417 2212 1441 2218 ..
1460 2191 1733 2226 lapidavitque-eum
1752 2191 1841 2218 omnis
1859 2191 1952 2219 Israel.

301 2243 437 2270 762—767
460 2243 544 2270 Nwm.
562 2243 674 2270 22—24.
762 2243 898 2270 768-771
920 2243 977 2277 Ofr.
995 2251 1079 2277 supra
1092 2243 1140 2270 >ad
1161 2252 1183 2270 v.
1197 2244 1256 2270 434.
1345 2243 1396 2270 774
1418 2243 1484 2270 Gen.
1503 2244 1544 2276 37,
1557 2244 1592 2270 26
1616 2243 1690 2270 dixit
1713 2244 1796 2270 Iudas
1820 2243 1953 2271 fratribus

300 2297 369 2323 suis:
389 2296 465 2331 ‘quid
485 2296 565 2322 nobis
585 2296 706 2330 prodest,
727 2296 749 2323 si
769 2296 951 2323 occiderimus
970 2297 1084 2324 fratrem
1103 2296 1257 2323 nostrum‘?'
1276 2317 1299 2323 ..
1318 2296 1351 2322 27
1370 2296 1470 2323 melius
1485 2297 1535 2327 est.
1554 2297 1587 2323 nt
1598 2295 1784 2323 venumdetur
1797 2295 1953 2323 Ismaelitis.

301 2349 351 2375 776
370 2348 525 2383 Hieronym.
541 2348 632 2375 Onam.
652 2349 703 2382 (ed.
717 2348 843 2382 Laqarde
861 2349 902 2380 62,
916 2349 945 2383 7)
963 2349 1098 2376 Isearioth
1116 2349 1277 2376 memoriale
1295 2348 1401 2375 domini
1419 2369 1426 2375 .
1445 2348 1519 2382 quod
1538 2348 1561 2375 si
1579 2348 1748 2375 voluerimus
1766 2348 1953 2376 Issacharioth

301 2401 406 2435 legere,
431 2401 634 2434 interpretatur
651 2402 703 2427 ‘est
726 2410 829 2428 merces
851 2401 927 2428 eius'.
1016 2401 1152 2428 777-779
1176 2401 1242 2428 Gen.
1261 2402 1302 2432 30,
1319 2402 1350 2428 16
1368 2401 1496 2427 redeunti
1515 2401 1551 2427 ad
1569 2409 1711 2435 vesperam
1731 2401 1814 2428 Iacob
1833 2401 1867 2428 de
1885 2409 1953 2435 agro

301 2461 410 2486 egressa
429 2454 472 2479 est
490 2453 519 2478 in
538 2461 679 2480 occursum
700 2453 758 2479 eius
778 2452 828 2479 Lia
847 2454 876 2479 et
895 2453 938 2480 ‘ad
958 2454 1010 2479 me*
1035 2453 1130 2487 inquit
1153 2453 1296 2485 ‘intrabis‚
1321 2453 1388 2487 quia
1411 2453 1538 2480 mercede
1556 2453 1676 2480 conduxi
1695 2454 1724 2479 te
1748 2461 1799 2488 pro
1824 2452 1952 2479 mandra-

300 2504 375 2538 goris
399 2504 449 2530 filii
468 2504 540 2531 mei'.
628 2505 678 2530 779
697 2504 791 2532 Imdor.
816 2505 933 2539 Alleyor.
952 2505 986 2532 28
1005 2505 1058 2538 (M.
1076 2505 1118 2536 83,
1134 2506 1196 2538 105)
1215 2505 1266 2531 Lia
1285 2514 1445 2540 synagogae
1464 2506 1580 2540 figuram
1603 2505 1717 2538 habuit,
1741 2513 1814 2539 quae
1836 2503 1952 2531 infirmia

301 2555 388 2581 oculis
411 2555 489 2588 (Gen.
508 2556 595 2587 29,1‘1
620 2556 669 2582 Lia
693 2556 779 2591 lippis
803 2558 864 2583 erat
881 2557 980 2591 oculis)
999 2557 1088 2584 cordis
1114 2559 1289 2584 sacramenta
1313 2557 1358 2584 dei
1383 2557 1522 2592 speculari
1545 2565 1601 2584 non
1625 2557 1728 2592 potuit.
1816 2556 1952 2584 784—'188

302 2607 389 2633 Marc.
411 2607 476 2639 14,3
494 2608 573 2634 venit
591 2607 690 2634 mulier
710 2608 815 2635 habens
834 2609 1006 2636 alabastrum
1019 2609 1158 2643 unguenti
1172 2611 1201 2636 et
1221 2610 1309 2636 fracto
1323 2609 1423 2636 effudit
1437 2618 1520 2644 super
1531 2610 1618 2644 caput
1629 2610 1697 2636 eius.
1724 2609 1741 2636 4
1759 2610 1840 2636 erant
1857 2610 1952 2636 autem

302 2658 414 2692 quidam
440 2658 508 2691 (Ioh.
529 2660 568 2691 12,
581 2659 598 2686 4
616 2659 686 2686 dicit
708 2669 773 2695 ergo
798 2670 870 2687 unus
888 2670 921 2687 ex
941 2661 1087 2696 discipulis
1107 2661 1174 2694 eius,
1194 2661 1277 2688 Iudas
1296 2661 1462 2694 Scariothis,
1482 2661 1530 2696 qui
1550 2664 1609 2689 erat
1628 2670 1690 2689 eum
1710 2661 1887 2694 traditurus):
1912 2662 1953 2688 ‘ut

302 2709 369 2743 quid
394 2710 516 2744 perditio
539 2710 594 2736 ista
617 2712 755 2745 unguenti
778 2713 853 2739 facta
877 2715 939 2740 est?
966 2715 1079 2747 poterat
1106 2714 1179 2740 enim
1209 2715 1384 2749 unguentum
1408 2714 1483 2741 istud
1508 2714 1597 2741 veniri
1625 2714 1689 2749 plus
1711 2723 1797 2748 quam
1820 2713 1953 2741 trecentis

305 2761 434 2788 denariis'
454 2782 478 2788 ..
498 2763 514 2788 6
538 2764 614 2789 Iesus
638 2765 732 2790 autem
756 2764 830 2791 dixit
849 2785 871 2792 ..
890 2766 907 2791 8
925 2766 1008 2799 ‘quod
1027 2765 1141 2799 habuit,
1169 2766 1238 2793 haec
1260 2765 1338 2792 fecit:
1367 2766 1515 2800 praevenit
1537 2774 1662 2801 unguere
1685 2774 1784 2801 corpus
1805 2773 1901 2821 meur?⁴
1921 2765 1952 2794 in

1891 2819 1901 2831 v
