2040 2996
212 87 272 117 234
760 83 912 118 [SEDULlI
931 82 1070 116 SCOTTI]
1089 81 1256 108 CARMINA
1274 79 1323 108 111.

579 170 658 202 Post
681 171 760 202 solis
785 171 894 212 cyclos
919 169 1036 201 solaria
1059 167 1207 200 scandito
1233 170 1349 206 castra,

627 221 713 253 Civis
738 221 896 263 stelligeri
920 221 965 252 sis
989 224 1022 252 et
1044 221 1077 252 in
1099 219 1180 251 urbe
1203 219 1282 262 poli,

578 273 687 305 Pollet
710 273 766 305 ubi
790 284 926 315 regnum
950 276 1136 304 sanctorum
1159 270 1306 314 principe
1331 270 1461 302 Christo

497 333 522 351 10
625 325 800 368 Perpetuis
823 325 939 367 opibus
964 323 1197 366 perpetuisque
1219 322 1327 359 bonis;

580 377 665 409 Nam
688 377 776 419 quod
798 377 938 408 mundus
963 376 1071 414 habet,
1095 374 1208 406 mundi
1229 374 1312 417 quod
1335 374 1474 406 circulus
1497 374 1608 413 ambit,

626 429 794 461 Deficiunt
818 429 936 460 saeclis
960 428 1090 469 singula
1113 437 1262 469 quaeque
1286 426 1362 458 suis.

581 480 745 512 Caelestis
768 481 894 523 patriae
919 480 1076 519 caelestia
1098 478 1246 521 praemia
1269 477 1362 509 vobis

628 533 790 575 Prospera
813 532 1011 575 contingant,
1039 531 1125 564 adsit
1149 533 1182 563 et
1205 540 1300 562 omne
1322 529 1454 561 bonum.

1020 637 1061 660 lv.

810 691 1068 724 HLOTHARII
1090 690 1277 723 VERSUS.

583 754 659 786 Rex
682 753 805 796 pictate
829 753 918 795 vigil,
946 755 1074 784 nostros
1098 752 1251 783 miserate
1274 750 1413 790 labores,

628 806 802 837 Pei-motus
826 805 928 847 elegis
953 804 1121 846 questibus
1146 803 1228 835 affer
1250 813 1355 845 opem.

582 858 621 889 Iu
645 861 678 889 te
703 860 809 889 mater
832 857 917 888 enim
941 866 1043 899 penes
1067 855 1225 886 inclinata
1248 854 1411 886 recumbit

629 909 672 941 Et
694 909 749 952 pia
772 908 936 940 distribuit
958 908 1030 939 iura
1054 907 1177 949 Sophia
1199 906 1277 942 tibi;

513 969 523 986 ⁵
581 961 620 992 In
643 965 675 992 te
700 961 836 992 diffusos
861 960 986 999 statuit,
1010 970 1070 991 rex
1094 958 1227 1001 optime,
1252 968 1378 997 sensus,

630 1011 668 1042 In
693 1011 828 1042 thalami
851 1021 963 1042 secum
986 1010 1117 1042 arcibus
1141 1020 1217 1041 arce
1241 1009 1362 1041 locans.

583 1063 670 1094 Hinc
694 1073 813 1094 arcana
836 1061 893 1093 tibi
917 1061 1000 1103 legis
1024 1061 1183 1104 mysteria
1205 1060 1376 1103 prompsit,

628 1113 780 1156 Quidque
805 1113 898 1156 sequi
921 1113 1020 1145 debet
1044 1113 1182 1144 clericus
1207 1112 1296 1152 orde,
1319 1111 1410 1144 dedit

583 1166 636 1205 Et,
660 1176 884 1208 quaecumque
908 1165 1056 1196 homines
1081 1163 1272 1207 perquirunt
1295 1167 1366 1195 arte
1390 1163 1561 1206 magistra,

503 1227 527 1245 1⁰
633 1218 820 1257 Constituit,
845 1217 979 1257 Caesar,
1003 1218 1071 1249 iure
1097 1216 1240 1248 tenenda
1262 1217 1332 1248 tibi.

583 1270 756 1302 Astrorum
780 1271 925 1302 retinens
949 1272 1089 1312 augusto
1114 1269 1147 1300 in
1170 1272 1304 1312 pectore
1328 1269 1436 1311 legem

632 1322 860 1364 Oonscriptam
884 1322 1028 1353 numeris
1051 1320 1319 1362 multimodisque
1342 1321 1438 1360 notis,

583 1375 737 1406 Nostrum
762 1377 937 1417 praeterea
959 1373 1031 1415 quis
1055 1372 1194 1415 v(olv)at
1218 1373 1350 1415 spiritus
1374 1371 1496 1412 orbem,

632 1426 817 1468 Ae<quo>ra
841 1426 1019 1457 sollicitent
1045 1425 1176 1456 flamina
1199 1435 1326 1466 quaeve
1350 1424 1460 1464 maris,

505 1485 527 1503 1⁵
585 1478 658 1517 Vel,
683 1489 740 1509 cur
762 1478 945 1520 Hesperias
969 1488 1118 1509 casurum
1142 1476 1232 1508 sidus
1255 1476 1288 1508 in
1312 1476 1417 1508 undas

633 1529 789 1572 Rurs(us>
815 1530 856 1562 ab
879 1529 951 1561 Eoo
976 1531 1087 1571 surgat
1111 1529 1144 1560 in
1169 1539 1244 1560 arce
1268 1528 1346 1571 poli⁷

587 1582 713 1613 Causas
737 1582 814 1624 quin
839 1582 938 1613 etiam
962 1581 1058 1620 nosti,
1083 1591 1141 1612 cur
1165 1580 1397 1612 omnicreantis

633 1633 687 1665 Ad
711 1634 879 1676 specimen
901 1634 1006 1665 factus
1030 1633 1072 1664 sit
1095 1633 1258 1674 pretiosus
1284 1632 1391 1663 homo.

587 1686 632 1717 Vt
655 1686 799 1717 breviter
822 1686 973 1724 referam,
999 1687 1031 1716 te
1056 1687 1172 1716 cuncto
1197 1686 1371 1715 stemmate
1396 1683 1537 1725 compsit

505 1744 530 1764 2⁰
635 1737 760 1780 Sophia
783 1738 962 1780 praeclaro⁷
987 1737 1088 1768 virtus
1113 1739 1146 1767 et
1169 1735 1262 1767 auxit
1285 1746 1360 1778 ope:

589 1789 685 1821 Cedit
708 1800 848 1831 namque
873 1789 931 1820 tibi
954 1789 1136 1831 priscorum
1159 1788 1410 1830 gloria'regum‚

635 1841 743 1883 Regia
765 1852 851 1872 nunc
875 1841 1000 1872 novitas
1025 1840 1142 1872 extulit
1166 1842 1264 1871 aucta
1287 1842 1395 1881 caput.

588 1893 683 1925 India
706 1904 787 1935 quos
812 1893 954 1932 tremuit,
978 1892 1114 1924 servivit
1137 1895 1170 1924 et
1192 1891 1308 1923 ultima
1331 1890 1447 1933 Thyle,

636 1945 708 1977 Hos
732 1956 866 1988 superas
890 1945 1042 1987 equidem
1070 1944 1227 1986 religione
1250 1944 1320 1986 pia;

325 2071 340 2097 7
352 2083 357 2098 z
368 2050 450 2098 cligffa
468 2073 586 2097 continuo
600 2072 624 2097 B
714 2071 746 2097 12
764 2048 887 2097 deficiuiit
905 2072 930 2096 Β
949 2071 1078 2102 (continuo
1092 2070 1114 2101 2⁹)
1195 2070 1228 2095 13
1246 2046 1367 2097 caelestia
1382 2048 1493 2104 pss'g'ssi'a
1505 2070 1530 2094 Β
1647 2067 1706 2102 [lv]
1718 2067 1735 2094 2
1748 2070 1879 2100 promotus

936 2115 1020 2130 ‹elit-n:

222 2155 253 2171 etz:
271 2147 369 2171 scribae
387 2154 436 2170 usu
455 2145 575 2170 breviatio
594 2146 717 2170 solvenda
735 2150 796 2170 esset
883 2132 1030 2170 5zar⁰cibus
1048 2144 1167 2169 continuo
1181 2143 1205 2168 B
1287 2143 1303 2169 6
1322 2153 1358 2168 an
1375 2142 1485 2169 *πελῶ-9
1566 2142 1599 2168 13
1616 2142 1686 2175 quod
1703 2150 1716 2167 e
1734 2141 1878 2166 litterarum

221 2190 328 2222 vesti-qiis
346 2189 472 2214 extricare
488 2197 591 2221 possum
614 2189 663 2213 ΝΞ
681 2189 791 2213 videtur:
813 2189 884 2214 Nosti
903 2188 971 2220 quod
989 2188 1113 2219 Haqenus
1131 2188 1231 2219 mpplet
1254 2191 1319 2212 certe
1341 2196 1394 2212 mm
1410 2188 1466 2220 fuit
1517 2196 1551 2212 uo
1563 2206 1570 2213 .
1581 2206 1586 2211 .
1597 2190 1625 2211 at
1636 2186 1662 2210 B
1679 2186 1765 2218 suppl.
1784 2185 1879 2218 Hayea

222 2254 309 2278 orbem
328 2253 338 2278 l
357 2257 425 2278 nstra
438 2253 463 2277 Β
544 2251 575 2277 14
587 2253 672 2285 suppl.
685 2253 791 2285 Haqen:
803 2257 883 2278 exulat
897 2253 972 2277 etiam
983 2252 1112 2284 vestiyium
1125 2261 1141 2284 q
1154 2252 1200 2276 litt.
1245 2229 1352 2277 ilgriitilh:
1361 2252 1386 2276 B
1429 2227 1506 2277 main-ies
1517 2251 1542 2276 B
1626 2250 1658 2275 16
1675 2250 1760 2283 suppl.
1772 2250 1880 2282 Haqen:

221 2301 302 2321 exalat
315 2297 390 2321 etiam
399 2296 528 2328 υεειὶῃὶυτη
541 2305 553 2321 s
566 2296 611 2320 lin.
690 2295 724 2320 22
742 2300 801 2320 ante
819 2296 900 2329 Regia
917 2295 1058 2320 chresimon
1078 2295 1186 2327 adp‹mit
1198 2294 1223 2319 B
1301 2294 1335 2320 24
1347 2296 1399 2321 Nos
1412 2295 1436 2320 B
1447 2304 1514 2320 corr.
1528 2294 1652 2319 Bursian.
1671 2298 1694 2318 el
1706 2293 1879 2325 Panmnborq

328 2364 357 2389 ll
380 2363 455 2389 Fort.
472 2363 541 2396 VII,
566 2364 609 2395 12,
634 2364 668 2390 56
692 2362 815 2396 Quiquid
839 2362 874 2389 ab
900 2362 1018 2389 Oceania
1043 2362 1161 2389 circulus
1184 2362 1274 2389 ambit
1298 2362 1387 2396 aquis.
1476 2362 1508 2389 14
1527 2361 1613 2388 Sedul.
1626 2362 1664 2387 ΙΙ
1681 2366 1712 2387 V!
1729 2361 1762 2388 34
1780 2360 1879 2394 p.171.

223 2416 281 2450 [nu]
300 2415 447 2441 Lotlum'us
458 2415 602 2448 imperator
613 2415 758 2442 833—855.
845 2416 858 2441 1
872 2423 892 2441 e.
903 2423 928 2448 y.
943 2415 1008 2440 Aen.
1025 2414 1070 2447 VI,
1089 2414 1122 2440 56
1137 2413 1256 2445 Phoebe,
1274 2413 1369 2448 gravis
1382 2413 1482 2440 Troiae
1499 2422 1608 2448 semper
1619 2413 1750 2439 miserate
1762 2412 1878 2439 labores.

224 2468 241 2493 3
259 2467 325 2493 Aen.
347 2467 414 2492 XII
419 2487 424 2498 ‚
448 2468 482 2493 58
503 2475 541 2500 sq.
566 2467 649 2493 decus
675 2466 880 2501 imperiumque
906 2466 1000 2492 Latini
1020 2466 1024 2499 1
1044 2467 1073 2492 te
1098 2474 1198 2500 penes,
1226 2466 1256 2492 in
1286 2467 1315 2492 te
1339 2466 1429 2493 omnis
1452 2466 1551 2492 domus
1573 2465 1711 2492 inclinata
1735 2463 1879 2491 recumbit.

225 2519 241 2545 9
258 2527 278 2545 e.
294 2526 320 2552 9.
334 2518 400 2544 Αενι,
416 2518 487 2552 ΧΠ,
507 2519 557 2545 427
577 2519 637 2545 arte
655 2518 800 2552 magistra.
878 2519 895 2545 9
912 2527 965 2552 sqq.
978 2518 1066 2544 Boeth.
1081 2526 1151 2545 cons.
1160 2518 1226 2552 phil.
1241 2518 1262 2544 I
1268 2520 1342 2544 metr.
1357 2518 1400 2551 ΙΙ,
1415 2518 1448 2544 10
1465 2526 1517 2551 sqq.
1535 2518 1572 2544 Et
1589 2524 1781 2551 quaecumque
1793 2524 1880 2550 vagos

224 2570 307 2596 stella
319 2578 444 2596 recursus
460 2571 464 2602 Ι
481 2572 590 2597 exercet
602 2570 694 2597 varios
712 2571 784 2597 flexa,
803 2579 853 2604 per
870 2570 958 2602 orbes,
975 2571 980 2604 ι
996 2578 1178 2604 conprensam
1190 2570 1314 2597 numeris
1326 2570 1416 2597 victor
1428 2569 1560 2596 habebat.
1577 2571 1581 2602 Ι
1597 2569 1672 2602 Quin
1684 2568 1771 2596 etiam
1783 2577 1880 2595 causas

225 2621 299 2647 unde
318 2630 417 2647 sonora
433 2623 437 2654 Ι
453 2621 566 2648 flamina
584 2622 739 2649 sollicitent
757 2630 879 2656 aequora
897 2621 987 2656 ponti,
1006 2621 1069 2656 quis
1088 2621 1184 2648 volvat
1196 2621 1327 2648 stabilem
1345 2621 1460 2655 spiritus
1478 2621 1574 2648 orbem
1589 2621 1594 2654 Ι
1609 2621 1654 2647 vel
1672 2629 1721 2647 eur
1732 2619 1880 2655 Hesperias

226 2673 302 2699 sidus
324 2672 353 2699 in
372 2673 460 2699 undas
476 2674 480 2707 Ι
497 2682 622 2700 casurum
642 2674 729 2700 rutilo
748 2674 847 2708 surgat
864 2673 900 2700 ab
919 2675 991 2700 ortu.
1078 2673 1112 2700 23
1132 2673 1178 2700 Ge.
1198 2673 1222 2707 Ι,
1240 2674 1275 2700 30
1292 2672 1347 2700 tibi
1365 2673 1470 2700 serviat
1487 2672 1589 2700 ultima
1606 2672 1707 2704 Thula,
1725 2672 1773 2705 cfr.
1791 2671 1879 2698 M

226 2726 276 2753 111
292 2728 362 2752 metr.
379 2725 408 2760 V,
427 2727 443 2753 5
461 2734 515 2761 sqq.
534 2726 645 2753 Etenim
664 2727 731 2754 licet
751 2726 846 2754 Indica
865 2726 949 2763 longe
965 2726 970 2760 1
985 2726 1069 2753 tellus
1088 2726 1138 2754 tua.
1157 2723 1218 2754 iura
1237 2726 1405 2760 tremescat!
1421 2725 1450 2753 ct
1467 2724 1572 2754 serviat
1588 2724 1690 2753 ultima
1708 2724 1805 2761 Thyle.
