2060 3074
239 153 301 182 566
892 144 1044 172 MILONIS
1065 143 1241 171 CARMINA.

1046 267 1087 288 lv.

273 324 448 360 INCIPIT
476 322 714 359 EPISTULA
742 319 936 356 MILONIS
964 318 1169 355 LEVITAE
1198 318 1263 353 AD
1291 317 1631 354 VENERABILEM
1658 316 1856 353 PATREM

534 381 777 418 HAIMINUM
805 379 999 415 CHRISTI
1026 377 1347 415 SACERDOTEM
1374 377 1598 414 DIRECTA.

342 457 615 492 Reverentissimo
649 456 733 498 patri
760 455 913 486 Haimino
948 454 1026 486 Milo
1062 454 1288 486 devotissimus
1324 453 1461 485 filiorum
1498 452 1707 485 indelebilem
1739 453 1892 483 aeternae

241 510 402 542 felicitatis
427 508 667 540 iocunditatem.

343 561 524 592 Perfruitus
549 559 712 602 quondam
729 561 856 590 vestrae
874 558 1128 590 mansuetudinis
1144 557 1376 599 benignissimo
1394 556 1504 596 affatu,
1533 566 1572 588 eo
1596 556 1719 588 scilicet
1734 558 1893 598 tempore,

241 624 303 655 quo
334 615 500 654 susceptus
529 623 548 642 a
580 611 671 642 vobis
694 613 801 642 vestra
832 611 999 642 inmeritus
1027 610 1131 641 merui
1157 609 1323 640 iocundari
1351 608 1544 639 allocutione
1573 618 1610 639 ac
1639 607 1793 639 melliflua
1819 617 1894 649 per-

243 665 346 696 foveri
371 663 557 699 dulcedine,
584 663 759 704 gratiarum
784 662 944 693 actionem
969 662 1130 704 persolvo.
1169 661 1336 703 Siquidem
1353 671 1431 702 erga
1447 660 1659 702 exiguitatem
1683 669 1789 691 meam
1806 661 1896 690 tanta

241 720 368 748 vestrae
405 716 619 748 excellentiae
651 715 834 756 benignitas
867 714 984 756 viguit,
1019 717 1054 744 ut
1088 713 1241 755 deinceps
1268 723 1331 744 non
1359 714 1515 752 cessaret,
1551 711 1636 754 quod
1665 711 1896 743 inflammatum

242 772 311 799 erat
339 769 371 799 in
395 767 491 799 corde
514 778 602 807 meo,
632 767 730 798 vestri
760 766 878 797 amoris
908 765 1022 797 ardere
1051 765 1246 796 incendium.
1292 764 1335 795 Et
1356 775 1420 795 non
1447 763 1615 795 inmerito:
1649 763 1768 805 quippe
1798 762 1896 794 melle

246 821 333 863 pleni
357 819 590 851 sincerissimae
616 818 805 857 dilectionis,
829 817 934 849 cordis
958 827 996 848 ac
1019 817 1161 859 corporis
1185 819 1279 858 gestu
1303 818 1496 856 eructantes,
1521 825 1603 857 quae
1626 814 1778 846 interiora
1801 813 1900 845 vestri

241 872 379 914 pectoris
409 871 574 902 habebant
605 870 739 910 cubilia,
771 870 866 901 facile
897 869 1097 909 obtinuistis,
1134 879 1175 900 ne
1210 868 1250 899 de
1279 868 1367 900 fibris
1397 867 1479 899 meis
1507 867 1574 898 ullo
1603 877 1756 908 umquam
1785 869 1898 897 tenore

242 927 347 955 vestra
370 923 499 955 labatur
522 923 669 954 amabilis
692 922 834 962 mentio,
859 921 918 952 sed
941 921 1152 953 aeternaliter
1175 920 1330 951 innovata
1354 922 1563 951 conservetur
1585 922 1619 950 et
1640 918 1796 961 perduret
1818 918 1896 950 flore

242 975 497 1007 inmarcescibili.
545 974 617 1010 Qua
648 973 688 1005 de
722 984 756 1005 re
779 973 883 1005 fidens
911 974 943 1004 in
972 976 1038 1004 tam
1068 972 1226 1004 laudabili
1256 972 1451 1014 paternitate
1476 974 1583 1002 vestra
1610 981 1670 1002 ceu
1692 970 1774 1002 filius
1797 969 1898 1001 indidi

242 1028 389 1059 manibus
420 1027 534 1058 vestris
565 1027 693 1068 ineptas
722 1036 816 1057 meae
846 1025 1071 1068 inprudentiae
1101 1025 1227 1064 nenias,
1259 1024 1561 1066 praeexercitamen
1591 1022 1713 1053 scilicet
1743 1021 1899 1063 ingenioli

242 1080 305 1110 mei
328 1080 359 1110 in
385 1080 450 1110 vita
472 1079 651 1110 beatissimi
676 1077 838 1117 Amandi,
862 1077 1052 1119 suppliciter
1075 1076 1266 1115 obsecrans,
1289 1079 1340 1116 ut,
1365 1075 1391 1106 si
1413 1076 1446 1106 in
1468 1075 1518 1106 his
1541 1073 1663 1116 aliquid
1685 1073 1762 1105 fidei
1785 1073 1898 1105 catho-

242 1133 323 1163 licae
356 1132 459 1162 minus
489 1141 667 1162 consonans
697 1131 749 1161 vel
783 1131 997 1171 incongruum
1031 1129 1096 1170 legi
1126 1129 1281 1160 metricae
1312 1126 1513 1166 inveneritis,
1545 1126 1586 1157 ad
1616 1128 1724 1157 certae
1752 1136 1900 1157 normam

242 1184 375 1225 regulae
398 1182 649 1214 misericorditer
665 1193 754 1213 more
779 1184 915 1223 patemo
934 1180 1106 1212 reducatis.
1146 1180 1216 1212 Nec
1241 1190 1292 1211 me
1310 1190 1384 1211 meo
1409 1178 1578 1210 dimittatis
1600 1178 1711 1218 errori,
1735 1180 1899 1209 contestor

246 1239 278 1266 et
302 1235 436 1266 obsecro
461 1245 520 1277 per
543 1235 734 1276 sanguinem
759 1234 893 1273 Christi,
918 1234 972 1275 qui
995 1233 1085 1264 fusus
1109 1235 1158 1263 est
1181 1242 1239 1274 pro
1264 1232 1368 1263 salute
1391 1231 1502 1273 populi
1527 1230 1709 1262 Christiani.
1755 1228 1851 1266 Quod
1873 1229 1900 1260 si

244 1287 464 1318 misericordia
488 1297 650 1328 supernae
675 1286 854 1317 maiestatis
878 1287 1057 1327 praeeunte
1075 1294 1198 1326 aequas
1215 1286 1325 1315 textus
1343 1283 1491 1315 carminis
1507 1281 1572 1314 mei
1589 1281 1764 1313 obtinuerit
1779 1283 1900 1324 partes,

244 1343 319 1370 tunc
344 1350 407 1370 una
430 1349 558 1370 mecum
582 1339 677 1369 huius
702 1338 777 1369 doni
802 1337 963 1379 largitori,
994 1339 1106 1368 sancto
1132 1336 1255 1367 scilicet
1284 1335 1423 1378 spiritui,
1454 1335 1630 1377 gratiarum
1653 1333 1767 1366 laudes
1790 1332 1902 1364 debita

245 1391 445 1422 exultatione
470 1390 662 1432 persolvite,
694 1390 783 1421 cuius
813 1399 947 1420 munere
977 1391 1100 1420 tantum
1125 1399 1206 1430 opus
1231 1388 1317 1430 quivi
1340 1390 1513 1429 utcumque
1538 1386 1745 1428 conpingere.
1789 1385 1899 1417 Rusti-

245 1443 333 1474 citati
357 1446 465 1474 autem
488 1452 581 1473 meae
599 1442 727 1472 veniam
752 1441 838 1481 date,
863 1451 997 1472 necesse
1023 1443 1082 1480 est,
1107 1440 1182 1482 quia
1201 1439 1377 1480 rusticatio,
1400 1441 1436 1470 ut
1452 1438 1583 1481 quidam
1600 1438 1654 1478 ait,
1678 1437 1719 1469 ab
1742 1437 1898 1469 altissimo

246 1498 356 1526 creata
372 1497 429 1525 est.
468 1493 512 1524 Et
528 1494 674 1535 quamvis
691 1493 925 1525 difficilioribus
943 1493 990 1524 uti
1007 1493 1171 1535 potuerim
1188 1491 1348 1534 aliquibus
1364 1492 1398 1522 in
1412 1490 1491 1522 locis
1507 1490 1681 1522 verborum
1697 1489 1900 1532 ambagibus,

245 1557 286 1577 ne
310 1546 343 1577 id
367 1546 509 1578 facerem
533 1556 602 1577 sum
626 1545 820 1587 prohibitus,
844 1546 919 1587 quia
945 1545 1042 1576 etiam
1066 1543 1190 1576 credidi
1206 1544 1346 1575 futurum
1363 1554 1444 1585 opus
1459 1542 1546 1574 istud
1561 1542 1694 1584 gratius,
1717 1541 1744 1573 si
1759 1541 1901 1573 omnium

247 1599 381 1629 fratrum
405 1601 536 1640 pateret
559 1597 732 1628 auditibus.
771 1597 898 1628 Faveat
916 1607 995 1638 ergo
1013 1596 1209 1628 excellentia
1224 1598 1333 1627 vestra
1353 1606 1418 1626 non
1433 1595 1518 1626 vitiis
1541 1594 1622 1626 meis
1645 1593 1704 1625 sed
1726 1593 1901 1633 laboribus,

247 1653 283 1680 ut
306 1649 384 1681 illud
407 1650 595 1692 percipiatis
619 1650 651 1680 in
675 1649 880 1689 caelestibus,
906 1648 994 1690 quod
1016 1649 1161 1680 mortalis
1184 1658 1250 1679 non
1267 1647 1348 1679 vidit
1371 1647 1490 1678 oculus.
1528 1646 1649 1678 Valere
1672 1656 1730 1677 vos
1753 1647 1902 1688 optamus

248 1702 289 1733 ad
313 1702 454 1733 omnium
478 1701 621 1733 fidelium
645 1701 827 1744 profectum
852 1700 1071 1732 aeternaliter.

1061 1814 1091 1835 V.

648 1867 957 1904 RESCRIPTUM
985 1866 1175 1903 HAIMINI
1201 1867 1267 1903 AD
1294 1865 1500 1902 EUNDEM.

352 1943 484 1974 Infimus
508 1953 619 1974 servus
643 1942 761 1974 Christi
785 1942 957 1973 Haiminus
980 1941 1094 1973 Miloni
1117 1952 1174 1972 suo
1199 1941 1346 1972 salutem.

354 1994 503 2034 Carmen,
528 1994 614 2036 quod
637 1994 725 2034 mihi,
749 1994 850 2025 frater
873 1994 1106 2034 amantissime,
1129 1992 1314 2035 porrexisti,
1339 1991 1435 2023 avida
1457 1993 1566 2023 mente
1582 1991 1723 2033 perlegi;
1747 1989 1806 2022 sed
1829 1990 1904 2032 quia

250 2057 313 2077 non
338 2047 414 2077 satis
445 2049 495 2076 est
523 2045 641 2087 legisse
675 2046 793 2086 semel,
823 2046 903 2077 iuvit
936 2056 1038 2087 usque
1062 2044 1183 2077 videre.
1228 2044 1324 2076 Unde
1353 2047 1505 2086 repetens
1527 2054 1547 2074 a
1570 2042 1726 2085 principio
1749 2053 1813 2074 non
1836 2043 1904 2074 sine

250 2098 390 2129 iudiciali
414 2109 563 2136 censura,
588 2097 674 2140 quod
697 2101 772 2129 ante
797 2108 922 2129 summo
950 2100 1043 2128 tenus
1067 2097 1176 2138 tetigi,
1207 2099 1311 2127 totum
1335 2107 1377 2127 ex
1400 2096 1528 2137 integro
1550 2095 1664 2137 legens
1687 2097 1720 2126 et
1741 2094 1905 2126 inculcans

252 2161 362 2181 omnes
386 2150 418 2181 in
442 2160 481 2181 eo
505 2150 692 2181 intentionis
716 2160 810 2181 meae
835 2149 918 2180 vires
943 2148 1086 2190 inpendi.
1123 2147 1208 2179 Nam
1231 2148 1335 2190 primo
1359 2147 1471 2190 putavi
1492 2157 1556 2187 me,
1579 2147 1694 2186 fateor,
1717 2146 1751 2178 in
1772 2146 1904 2188 planum

252 2202 397 2244 posuisse
428 2201 563 2244 pedem;
596 2201 655 2233 sed
682 2204 718 2233 ut
747 2201 891 2243 comperi
913 2211 1020 2232 meam
1046 2201 1260 2242 exiguitatem
1286 2211 1351 2231 non
1378 2199 1476 2231 modo
1498 2199 1615 2242 poculo
1639 2198 1736 2230 fontis
1764 2197 1906 2240 inrigari,

252 2253 310 2285 sed
340 2253 487 2285 fluctibus
516 2253 721 2295 eloquentiae
759 2253 910 2285 obrutum
945 2253 1000 2293 iri,
1036 2263 1101 2284 non
1135 2252 1203 2284 sine
1238 2252 1366 2283 cautela
1401 2251 1556 2293 deinceps
1591 2253 1694 2282 totum
1722 2249 1758 2282 id
1787 2250 1907 2281 flumen

253 2305 419 2345 fratribus,
454 2305 507 2347 qui
542 2315 669 2336 mecum
703 2308 794 2346 sunt,
829 2304 994 2347 quomodo
1030 2304 1070 2335 sit
1099 2303 1318 2346 navigandum
1349 2302 1486 2335 ostendi.
1530 2302 1574 2334 Et
1601 2302 1677 2345 quia
1705 2302 1739 2333 in
1773 2312 1812 2333 eo
1845 2312 1907 2333 nec

253 2357 435 2398 scopulum,
460 2356 513 2398 qui
536 2356 612 2387 fidei
636 2356 761 2397 obstet,
787 2356 908 2388 offendi
930 2367 1006 2397 nec,
1035 2355 1123 2398 quod
1145 2356 1212 2398 legi
1233 2355 1390 2387 metricae
1413 2355 1611 2396 refragetur,
1641 2353 1765 2394 inveni,
1795 2353 1908 2385 hortor

254 2409 368 2439 fratros
390 2410 532 2448 nostros,
565 2409 619 2450 qui
642 2419 661 2439 a
684 2408 802 2440 talibus
831 2408 944 2440 studiis
967 2419 1031 2440 non
1062 2408 1256 2448 abhorrent,
1288 2418 1403 2439 munus
1433 2406 1495 2438 hoc
1524 2406 1664 2438 libenter
1686 2405 1849 2447 suscipere
1872 2407 1907 2437 et

358 2537 403 2570 [L]
428 2537 481 2570 [ιν.]
511 2538 603 2571 Incipit
626 2538 737 2571 epistula
758 2539 860 2564 milonis
879 2539 974 2564 levitae
999 2538 1043 2570 (m.
1061 2538 1207 2571 philosophi
1226 2537 1262 2569 V)
1286 2541 1375 2570 postea
1400 2537 1535 2570 presbiteri
1560 2537 1594 2562 ad
1615 2535 1793 2562 uenerabilem
1817 2535 1908 2567 (uene-

255 2580 332 2605 bilem
353 2581 386 2611 V)
407 2590 428 2613 p.
443 2582 468 2606 l1.
483 2590 504 2606 c.
518 2590 537 2606 s.
551 2582 573 2606 d.
589 2580 656 2614 BV]
676 2582 759 2612 Sceda
778 2582 812 2612 (et
829 2582 865 2607 sic
883 2582 987 2614 saepius
1005 2589 1020 2613 Q
1034 2590 1087 2614 pro
1106 2580 1121 2606 ἒ
1139 2586 1162 2607 et
1180 2580 1205 2612 ἓ)
1226 2581 1330 2606 milonis
1348 2589 1396 2605 suo
1415 2581 1514 2605 directa
1531 2580 1652 2612 magistro
1665 2579 1689 2604 A
1759 2578 1777 2604 8
1793 2578 1907 2612 gustuA

255 2627 327 2655 gesta
346 2623 370 2647 B
461 2623 488 2648 ll
509 2625 705 2650 inmarcessibili
725 2625 969 2650 V'immarcessibili
986 2625 1012 2650 B
1100 2623 1134 2649 15
1152 2633 1185 2650 ne
1204 2633 1244 2649 me
1264 2624 1288 2648 V
1371 2623 1404 2648 16
1422 2624 1520 2648 effusus
1539 2626 1578 2648 est
1595 2622 1620 2647 V
1702 2621 1736 2648 24
1754 2622 1870 2648 caelestis
1882 2621 1907 2646 A

257 2664 302 2698 [v.]
322 2667 481 2698 Rescriptum
500 2667 606 2692 haimini
625 2668 658 2693 ad
676 2668 785 2693 eundem
806 2668 862 2694 VB:
882 2669 968 2693 titulos
988 2668 1233 2701 suhacriptimaesqua
1250 2671 1273 2693 et
1290 2667 1331 2692 Ιιίο
1348 2671 1371 2692 et
1388 2667 1476 2692 ceteris
1494 2666 1556 2691 locis
1573 2674 1622 2691 om.
1634 2665 1660 2691 A

359 2733 412 2766 [ιν].
431 2733 465 2759 20
483 2733 555 2760 Eccl.
574 2734 597 2765 7,
610 2735 641 2760 16
654 2743 710 2761 non
724 2735 814 2761 oderis
827 2735 971 2762 laboriosa
984 2744 1070 2770 opera
1084 2736 1113 2762 ct
1125 2734 1340 2762 rusticationem
1359 2735 1480 2761 creatam
1500 2733 1536 2760 ab
1554 2732 1700 2760 altissimo.
1786 2733 1822 2760 28
1838 2732 1907 2760 Aen.

268 2783 367 2810 V1487
391 2792 442 2811 nec
462 2784 563 2811 vidisse
582 2786 665 2812 semel
685 2786 752 2812 satis
771 2788 821 2819 est,
841 2787 920 2813 iuvat
938 2795 1024 2821 usque
1043 2787 1153 2814 morari.

1943 667 1955 685 5

1933 924 1958 943 1⁰

1934 1187 1958 1206 15

2050 2376 2060 2531 .-.—ae—..
2054 2342 2060 2364 ...
2054 2306 2060 2330 A.
2055 2278 2060 2296 m
2055 2231 2060 2262 μ..
2058 2183 2060 2186 Α
