2060 3074
265 140 326 169 734
887 132 1110 161 GODESCALCI
1127 109 1304 159 CARmA.

559 235 584 254 20
629 221 779 254 Tabidus
797 223 897 263 utque
921 220 1006 251 fame
1030 218 1171 250 recreari
1194 218 1262 250 vult
1285 228 1413 260 quoque
1435 228 1532 260 pane,

634 273 772 314 Algidus
795 275 895 313 utque
920 271 1027 302 focum
1049 273 1148 312 utque
1172 272 1308 312 exoptat
1330 269 1433 301 nudus
1456 270 1619 302 amictum.

633 325 719 356 Exul
741 325 789 355 uti
812 323 961 366 patriam,
985 333 1045 354 ceu
1068 325 1188 354 terram
1211 322 1387 364 naufragus
1410 322 1507 353 imam

635 376 744 417 thue
770 375 848 407 situs
873 374 1016 406 tenebris
1040 374 1127 416 cupit
1150 374 1256 405 almae
1279 384 1414 406 munera
1437 373 1532 405 lucis:

633 427 732 458 Haud
756 437 849 458 secus
873 426 1024 468 egregias
1047 435 1123 457 mea
1145 436 1228 457 nunc
1252 425 1406 468 cupiebat
1429 428 1571 467 egestas,

563 492 588 511 25
633 479 722 515 Quas
746 482 801 510 tua
823 478 976 510 nobilitas
999 477 1208 520 deprompsit,
1232 477 1348 519 amice,
1372 476 1542 517 Camenas,

635 531 783 572 Insignes
807 530 957 572 pulchras
981 529 1091 561 dulces
1114 529 1305 571 habilesque
1330 532 1494 570 venustas,

635 582 770 614 Famine
794 582 982 624 perspicuas
1007 584 1040 613 et
1062 591 1140 613 vero
1163 581 1300 624 pignore
1323 591 1431 624 puras,

637 634 840 666 Scematibus
863 633 988 666 validas
1011 633 1200 675 tropicoque
1223 633 1337 676 lepore
1361 643 1520 673 coruscas,

639 685 852 728 Simplicitate
876 686 1005 728 probas,
1028 685 1141 717 humili
1164 686 1286 728 pietate
1310 685 1455 725 decoras,

565 751 590 770 ³0
635 737 717 769 Cum
740 738 808 769 sale
832 737 989 778 conditas,
1013 740 1081 769 tum
1103 738 1194 780 pacis
1217 747 1327 769 amore
1350 737 1478 779 politas.

639 789 727 825 Quas
751 789 902 831 equidem
926 792 1072 821 sanctum
1096 789 1234 821 dictasse
1258 799 1332 821 reor
1354 789 1413 820 tibi
1435 789 1562 824 flatum;

638 842 742 873 Immo
767 841 879 883 procul
903 841 1000 873 dubio
1024 841 1104 872 njhil
1126 841 1210 882 hinc,
1233 841 1282 873 vir
1303 841 1495 872 humillime:
1521 842 1596 871 nato

640 893 721 925 Sunt
744 894 830 925 bona
854 896 978 934 cuncta,
1002 893 1043 925 ab
1068 903 1107 925 eo
1131 903 1169 925 ac
1193 893 1335 935 cupienti
1358 892 1474 924 dantur
1497 902 1613 934 egeno.

704 945 792 988 Ergo
816 945 901 977 hunc
925 945 1096 988 aequalem
1120 945 1305 988 pariterque
1328 945 1417 988 pium
1441 944 1633 986 genitorem,

568 1011 593 1030 35
638 998 771 1030 Trinum
791 1007 955 1040 unumque
979 997 1086 1038 deum,
1110 997 1193 1029 votis
1217 997 1334 1029 efferre
1357 1007 1416 1039 per
1439 1006 1556 1028 aevum
2056 1003 2060 1033 3

640 1050 757 1082 Debeo
782 1049 989 1092 supplicibus,
1014 1060 1077 1091 quo
1101 1060 1171 1081 sum
1194 1049 1253 1081 tibi
1275 1048 1427 1092 praeside
1450 1049 1585 1080 iunctus.

642 1102 777 1145 Absque
801 1102 882 1133 meis
905 1102 1029 1133 meritis
1053 1101 1132 1133 fecit
1154 1101 1216 1133 hoc
1240 1100 1380 1143 denique
1403 1100 1514 1143 gratis,

644 1154 757 1186 Effuso
782 1154 835 1196 qui
859 1156 892 1185 te
915 1153 1017 1185 voluit
1039 1163 1192 1195 reparare
1217 1163 1340 1193 cruore,

644 1206 770 1238 Ditavit
791 1205 904 1248 sophie
928 1205 1061 1247 speciali
1085 1205 1160 1247 quin
1184 1207 1218 1236 et
1239 1205 1373 1244 honore,

575 1271 601 1290 ω
643 1258 782 1290 Virtutis
808 1257 896 1296 varie
921 1257 1053 1289 donavit
1075 1256 1215 1288 amando
1238 1256 1366 1288 decore.

647 1310 774 1352 Dignus
798 1313 831 1341 et
855 1312 904 1341 est
925 1310 991 1349 vite
1013 1309 1087 1341 hinc
1109 1308 1241 1340 laudum
1264 1319 1324 1351 per
1347 1308 1455 1340 saecla
1478 1308 1599 1348 favore,

647 1362 681 1394 Si
705 1361 798 1393 daret
822 1361 952 1393 efficere
975 1360 1009 1392 id
1031 1361 1126 1403 parili
1148 1361 1217 1392 sine
1239 1360 1302 1392 fine
1326 1362 1454 1397 tenore3

647 1414 780 1446 Sincero
805 1415 894 1444 certe
918 1413 1037 1455 iugiter
1060 1412 1278 1444 redamandus
1301 1422 1412 1444 amore

646 1466 690 1498 Et
713 1468 801 1497 casto
826 1467 935 1497 sancte
959 1464 1154 1496 metuendus
1176 1464 1297 1506 ubique
1320 1464 1450 1501 timore;

577 1531 602 1550 45
648 1518 815 1560 Competit
842 1517 971 1548 assidue
995 1527 1092 1559 quem
1115 1519 1226 1548 sancto
1250 1516 1366 1548 efferre
1389 1518 1541 1555 tremore,

646 1571 783 1602 Viscera
804 1569 915 1611 largiri
938 1569 1070 1600 valeant
1093 1569 1119 1600 si
1141 1571 1251 1599 nostra
1274 1567 1351 1610 quid
1373 1567 1429 1599 illi.

646 1622 781 1664 Indigus
805 1624 855 1652 est
876 1621 977 1652 nostri
1001 1621 1055 1663 qui
1077 1621 1122 1652 nil
1144 1620 1256 1662 utique
1281 1619 1504 1651 emolumenti:

646 1674 722 1706 Non
745 1676 822 1715 eget
844 1673 992 1715 obsequii
1014 1683 1121 1715 neque
1145 1672 1268 1704 servitii
1289 1674 1388 1714 atque
1411 1681 1472 1703 nec
1494 1670 1616 1713 hymni.

649 1726 744 1758 Solus
769 1725 810 1757 ob
833 1725 867 1757 id
891 1725 1012 1757 domini
1035 1725 1157 1768 potitur
1179 1724 1374 1766 cognomine
1397 1723 1476 1755 veri.

580 1792 605 1811 50
648 1778 691 1810 Et
714 1781 828 1809 tamen
850 1778 920 1819 ipse
944 1777 1070 1818 horum,
1094 1772 1290 1819 reliquorum
1313 1776 1382 1808 sive
1404 1775 1561 1807 bonorum

649 1830 708 1862 Est
732 1829 824 1861 dator
848 1832 945 1871 atque
969 1831 1091 1870 auctor,
1115 1839 1176 1860 ceu
1198 1829 1283 1860 nosti
1305 1831 1350 1868 tu,
1373 1828 1458 1859 bone
1482 1827 1604 1859 doctor.

714 1882 826 1914 Mente
849 1882 962 1914 humili
985 1882 1069 1913 hunc
1091 1881 1176 1922 ideo,
1201 1881 1228 1912 si
1251 1880 1317 1922 dat,
1340 1880 1536 1912 benedicere
1560 1882 1658 1919 certo,

649 1934 745 1971 Quod
768 1933 883 1965 tribuit
902 1933 995 1965 nobis
1018 1933 1118 1965 talem
1141 1935 1184 1974 te,
1208 1933 1326 1975 pignus
1348 1932 1467 1963 amoris

650 1987 713 2023 Qui
736 1997 866 2018 servare
890 1987 970 2018 velis
994 1989 1028 2018 et
1050 1996 1195 2029 pangere
1220 1986 1307 2017 dicta
1328 1985 1446 2028 poesis,

583 2052 607 2071 55
653 2039 745 2075 Quae
770 2041 881 2070 sancto
905 2039 993 2079 flatu,
1016 2049 1082 2070 non
1103 2039 1158 2070 vili
1181 2038 1292 2070 inflata
1314 2037 1424 2077 boatu,

649 2091 846 2133 Dulciloquo
870 2091 982 2130 affatu,
1008 2090 1129 2122 celebri
1152 2090 1314 2132 rutiloque
1338 2090 1443 2121 relatu

609 2139 612 2142 ’
650 2143 826 2174 Demulcet
848 2145 992 2174 mentem
1017 2141 1243 2174 modulaminis
1265 2141 1360 2172 huius
1383 2143 1536 2182 egentem

651 2195 694 2226 Et
717 2194 841 2225 solatur
864 2205 937 2225 eam
961 2194 1059 2225 variis
1081 2193 1292 2235 languoribus
1315 2203 1462 2235 aegram:

651 2246 863 2288 Diversisque
886 2246 979 2278 malis
1003 2245 1131 2277 diversa
1154 2247 1308 2288 poemata
1330 2244 1449 2287 psallis.

583 2312 608 2330 eo
653 2298 706 2330 Sic
730 2298 907 2340 cytharista
931 2298 1050 2329 etenim
1074 2297 1197 2329 studuit
1220 2297 1451 2329 celeberrimus
1474 2296 1550 2327 olim

653 2349 855 2388 Gorsedare
883 2350 1021 2382 hominis
1046 2349 1162 2382 fidibus
1186 2348 1355 2392 psallendo
1379 2349 1514 2389 canoris,

651 2403 809 2434 Nimirum
832 2402 969 2434 hominis
992 2403 1056 2434 iam
1079 2402 1173 2444 regni
1195 2402 1318 2434 honore
1343 2401 1491 2441 carentis,

389 2558 423 2583 :20
441 2558 576 2583 *Tabidus
594 2563 673 2590 atque
691 2558 725 2584 Sc
814 2558 848 2583 22
867 2557 959 2584 *Exul
978 2559 1013 2584 ita
1032 2558 1067 2584 ,5¹0
1153 2557 1188 2583 25
1207 2565 1345 2584 camoenas
1364 2557 1399 2583 Sc
1480 2554 1514 2580 27
1533 2555 1587 2580 veri
1606 2554 1728 2579 Gallos-'us
1807 2551 1842 2578 28
1859 2553 1945 2578 vuit·

287 2602 319 2627 G.
334 2602 421 2634 Meyer
501 2601 536 2627 30
549 2610 607 2627 cum
620 2602 691 2635 pacis
705 2602 739 2627 Sc
752 2611 820 2627 corr.
837 2602 868 2627 G.
881 2602 971 2635 Meyer
1052 2601 1087 2627 33
1099 2602 1227 2634 temptavi,
1247 2602 1312 2626 Cum
1330 2601 1355 2626 b.
1368 2609 1391 2626 c.
1403 2600 1488 2626 habeo
1500 2598 1638 2632 accipienti
1649 2598 1673 2622 d.
1688 2606 1710 2622 a.
1724 2597 1759 2623 8⁰
1838 2595 1872 2622 37
1890 2596 1946 2622 Aba
1977 2606 1982 2610 ·
2004 2606 2010 2607 ff

288 2645 323 2670 S‘²
341 2654 408 2670 corr.
430 2644 550 2670 cellarius
637 2644 671 2670 39
689 2645 777 2678 sophie
796 2644 831 2676 (et
849 2653 913 2669 raro
931 2653 945 2670 e
958 2653 1010 2677 pro
1024 2643 1051 2681 ς)
1071 2644 1105 2670 So
1193 2643 1228 2670 45
1247 2642 1334 2669 *Cum
1352 2644 1416 2677 petit
1434 2642 1470 2669 S⁶
1555 2640 1591 2666 48
1607 2641 1680 2674 ymni
1699 2639 1734 2665 δῦ
1820 2638 1853 2665 51
1872 2639 1946 2664 dnm·

288 2687 481 2720 Hanterblate
501 2689 535 2714 S<²
587 2689 667 2714 nostri
689 2686 724 2713 S‘²
743 2697 810 2714 corr.
831 2688 952 2713 Gellotius

390 2774 425 2799 30
444 2773 531 2799 Marc.
550 2774 574 2804 9,
587 2773 628 2799 49.
708 2773 741 2800 37
761 2773 802 2806 Cf.
821 2773 897 2806 infra
914 2772 952 2799 ad
969 2781 992 2800 v.
1007 2773 1064 2799 144.
1142 2772 1183 2800 43.
1200 2772 1233 2798 44
1257 2771 1297 2805 Cf.
1309 2779 1331 2799 ε.
1346 2772 1388 2798 16
1405 2773 1428 2798 et
1445 2771 1469 2799 7.
1547 2768 1659 2799 60—65
1678 2768 1690 2794 1
1705 2767 1770 2804 Ray.
1785 2768 1824 2799 16,
1834 2766 1945 2814 14—31‚

1911 2812 1922 2825 ι
