2060 3074
178 138 238 166 450

465 593 503 611 430

466 851 503 869 4³5

467 1110 506 1129 440

466 1369 504 1388 445

469 1630 508 1649 4⁵0

467 1889 504 1908 ⁴55

469 2149 507 2169 460

468 2409 506 2428 465

831 134 967 160 HElRlCI
987 135 1161 161 CARMINA.

541 220 583 251 Et
607 230 791 261 quanquam
817 221 922 251 carnis
946 224 1112 261 gratamur
1136 220 1293 262 compede
1317 220 1407 257 solvi,

542 272 680 313 Spiritus
706 275 740 301 ut
765 272 895 302 Christo
921 275 1086 302 mereatur
1109 271 1177 302 iure
1201 282 1325 306 coesse,

480 335 504 354 25
542 323 652 354 Anxia
676 333 754 353 eura
778 327 886 354 tamen
912 323 1011 354 nostri
1036 333 1095 354 nos
1119 323 1210 364 angit
1234 322 1335 354 ovilis.

543 374 630 415 Ergo
656 374 744 415 agite
770 378 802 406 et
826 374 908 405 tanti
931 374 1157 416 inspectantes
1182 374 1271 405 milia
1295 378 1408 406 coetus

541 425 710 456 Ecclesiae
734 425 866 467 dignum
894 429 967 467 post
992 437 1044 457 me
1070 426 1196 468 signate
1221 426 1421 467 magistrum,

540 477 700 508 Omnibus
725 488 807 518 eque
833 478 909 508 viris
934 487 1032 508 unum
1057 471 1250 520 praeponite
1275 478 1408 517 cunctis,

544 528 652 570 Fruge
678 529 839 561 salutiferi
863 532 951 560 certo
976 529 1031 571 qui
1056 533 1203 571 tempore
1228 529 1319 561 verbi

542 580 689 612 Sufficiat
713 581 829 612 vestris
855 591 1018 623 propensa
1041 581 1145 613 diaria
1169 579 1311 613 inensis.'

545 632 723 664 Obticuere
748 644 876 665 omnes:
904 644 971 664 rem
997 636 1121 665 tantum
1146 636 1279 675 pectore
1304 636 1443 665 versant.

541 684 612 722 Ille,
636 684 683 716 rei
708 685 825 716 melius
851 685 901 716 cui
926 685 998 716 finis
1023 688 1056 716 et
1079 684 1157 716 ordo
1182 684 1326 727 patebat,

541 735 671 767 Limina
694 735 735 767 ad
759 737 919 768 eeclesiae
943 747 1093 778 gressum
1117 736 1282 778 flectitque
1307 736 1458 777 citatque.

541 787 757 830 Prosequitur
781 788 874 830 plebs
899 791 966 820 tota
991 788 1093 820 virum
1118 788 1295 830 templique
1319 788 1478 830 parabant

543 839 623 870 Cum
649 843 760 871 sancto
785 843 958 882 penetrare
982 841 1080 875 fores,
1105 839 1300 871 instantibus
1324 839 1378 870 ille

541 890 673 922 Restitit
697 902 734 922 ae
758 891 888 934 placido
913 895 1049 923 cunctos
1073 892 1226 924 affamine
1251 892 1412 922 mulcens:

541 943 660 974 ·0fficii
684 942 744 974 est'
768 943 852 974 dixit
875 943 1015 985 ‘votique
1039 944 1073 975 in
1097 943 1229 975 saecula
1253 943 1354 975 nostri

541 994 694 1025 Divinam
718 1005 831 1026 curare
855 994 986 1026 domum
1011 995 1166 1038 pacisque
1190 995 1354 1026 ministros

542 1046 664 1078 Ordine
689 1050 804 1089 pacato
829 1046 911 1078 divis
935 1047 1108 1079 admittere
1132 1047 1238 1085 tectis,

544 1097 589 1128 At
612 1108 693 1139 quos
717 1098 826 1129 caedis
851 1109 942 1130 amor
965 1099 1108 1141 bellique
1134 1099 1248 1130 iusana
1271 1098 1386 1140 cupido

543 1149 737 1189 lnstimulat,
762 1150 839 1181 totis
864 1161 960 1192 quam
984 1151 1123 1192 primum
1147 1161 1258 1182 arcere
1283 1150 1423 1188 sacellis,

543 1202 688 1233 Obtentu
712 1202 866 1244 quoniam
890 1202 978 1234 facta
1003 1205 1054 1234 est
1077 1202 1191 1234 domus
1217 1203 1280 1234 ista
1303 1202 1466 1245 precandi,

541 1254 614 1285 Non
639 1257 674 1285 ut
697 1254 811 1286 vesani
835 1257 981 1296 praestet
1005 1254 1197 1296 spectacula
1221 1254 1345 1285 Martis.

543 1306 632 1348 Ergo
658 1310 692 1337 ut
716 1306 894 1348 magnificis
918 1306 1076 1337 interfore
1101 1306 1314 1338 sacramentis

544 1357 647 1400 Copia
671 1357 788 1399 cuique
813 1358 880 1396 fiat,
904 1357 976 1388 telis
998 1358 1152 1400 ferroque
1175 1358 1318 1399 maligno

541 1409 731 1441 Exonerate
756 1408 893 1441 manus.³
939 1409 1034 1440 Dixit
1057 1420 1118 1441 nec
1145 1409 1254 1441 dicere
1278 1413 1404 1452 tenipus

541 1461 641 1493 Plura
665 1462 753 1499 tulit;
776 1462 882 1504 posito
906 1473 981 1493 nam
1006 1462 1113 1493 cuncti
1136 1462 1281 1505 pondere
1306 1463 1383 1495 ferri

542 1513 739 1546 Enselatus
764 1514 934 1556 iaculoque
959 1524 1073 1546 manus
1097 1515 1291 1557 solvuntque
1316 1515 1514 1557 levantque:

543 1565 668 1597 collisu
691 1577 854 1598 armorum
878 1566 976 1598 tellus
1002 1567 1151 1598 subiecta
1174 1566 1317 1598 retinnit.

547 1618 599 1649 Sic
623 1618 874 1659 praecedentem
898 1618 1012 1660 templi
1035 1619 1067 1650 in
1091 1618 1272 1660 penetralia
1296 1621 1441 1650 sanctum

542 1669 641 1700 Plebs
666 1673 717 1700 est
740 1670 812 1701 nisa
836 1670 927 1712 sequi
951 1670 1060 1712 posita
1082 1670 1146 1701 iam
1170 1670 1275 1702 fronte
1298 1670 1424 1702 minaei.

542 1721 681 1753 Nescius
706 1721 837 1763 ingenii,
862 1722 1012 1764 provisae
1037 1722 1170 1753 nescius
1193 1722 1272 1754 artis

543 1773 622 1804 Dux
646 1773 760 1804 aderat
783 1774 972 1815 primusque
997 1773 1102 1805 subit:
1128 1774 1173 1805 sie
1197 1775 1340 1816 postulat
1363 1774 1453 1806 ordo.

542 1825 680 1857 Praesul
705 1826 856 1868 sepositis
882 1826 1080 1857 Germanum
1104 1830 1140 1858 ut
1163 1827 1321 1869 conspicit
1344 1827 1453 1866 armise

543 1877 696 1909 Fortibus
721 1878 820 1909 artari
844 1878 957 1920 templi
980 1878 1071 1910 iubet
1095 1878 1180 1910 ostia
1203 1878 1367 1910 claustris:
1493 1875 1495 1877 ¹

543 1929 596 1960 Fit
619 1929 704 1961 dicto
729 1930 835 1969 citius,
859 1930 1030 1962 mandarat
1055 1930 1139 1972 quod
1163 1930 1356 1962 faciendum.

588 1981 666 2016 Quis
691 1981 758 2021 tibi,
782 1991 900 2023 magne
926 1982 987 2022 leo,
1013 1983 1160 2014 cernenti
1186 1982 1264 2014 talia
1287 1983 1395 2014 vultus
1406 1987 1419 2014 ’ἰ
1602 1992 1743 2024 Apostrofa
1761 1993 1797 2017 ad

542 2032 634 2068 Quae
658 2033 718 2065 tibi
742 2037 809 2066 tum
835 2037 929 2076 capto
954 2034 1093 2076 primum
1118 2035 1282 2067 sententia
1306 2035 1395 2067 venit
1652 2036 1748 2062 ducem·

543 2085 688 2116 Plurima
712 2086 855 2117 volventi
866 2090 895 2117 ¹5:
921 2097 1012 2118 casso
1036 2087 1198 2119 conabere
1223 2091 1348 2119 cuncta.

546 2137 580 2169 Si
603 2137 729 2169 saevire
755 2137 854 2177 voles,
879 2149 1043 2170 armorum
1068 2139 1194 2182 spicula
1215 2139 1342 2177 desunt,

545 2189 621 2221 Sive
645 2189 723 2231 fuga
746 2189 822 2229 labi,
846 2194 937 2232 patet
961 2190 1014 2222 hic
1038 2201 1103 2222 non
1127 2191 1237 2222 exitus
1262 2201 1410 2233 usquam.

543 2241 756 2273 Mansuescas
780 2242 887 2284 potius
912 2261 950 2264 —
976 2243 1080 2285 magis
1104 2243 1185 2274 haee
1210 2243 1374 2275 sententia
1396 2247 1541 2286 praestat
1563 2262 1615 2282 ——‚

543 2293 644 2325 Disce
667 2294 799 2335 patique
823 2304 965 2334 manum,
991 2294 1149 2326 humanos
1174 2305 1234 2326 nec
1259 2294 1367 2336 effuge
1391 2298 1512 2326 taetus:

543 2344 677 2376 Mitibus
699 2345 821 2377 includi
845 2346 969 2388 pudeat
991 2357 1056 2378 non
1080 2346 1221 2388 denique
1245 2346 1357 2378 caulis.

543 2396 611 2428 Res
635 2397 718 2428 haec
741 2398 916 2428 multorum
941 2398 1103 2440 quondam
1128 2398 1350 2430 celebrabitur
1374 2409 1441 2430 ore.

546 2449 579 2480 Si
604 2449 770 2491 contingat
793 2460 870 2481 oves
894 2450 979 2481 inter
1002 2450 1159 2482 recubare
1183 2450 1321 2483 leonem.

284 2580 389 2605 Scholia
408 2594 440 2597 —
459 2579 510 2605 430
528 2580 653 2613 Sufficiat]
667 2581 842 2606 subministret
860 2581 932 2613 (—at
951 2581 991 2614 1¹).
1013 2596 1045 2599 —
1066 2582 1182 2607 Diarium
1201 2586 1240 2606 est
1251 2586 1321 2607 certa
1334 2582 1419 2606 diurni
1439 2582 1529 2612 uirtus,
1549 2582 1650 2614 largitio
1663 2582 1748 2611 (lartio
1762 2590 1828 2606 corr.

179 2623 214 2647 al.
234 2632 264 2648 m.
285 2623 317 2654 P)
422 2622 473 2648 444
496 2624 655 2656 spondiazon
681 2633 770 2649 versus
873 2623 925 2649 445
954 2626 990 2649 Ex
1014 2625 1107 2650 affeetu
1134 2625 1236 2655 (afectet
1260 2625 1293 2653 P)
1322 2626 1416 2650 utentis
1445 2625 1588 2657 malignum
1613 2623 1776 2657 (mallignum
1795 2624 1829 2651 P)

180 2667 273 2691 ferrum
294 2666 386 2691 dicitur
490 2665 541 2691 453
561 2666 629 2700 Dux}
649 2669 792 2692 Germanus

282 2742 333 2768 4⁵23
362 2748 494 2776 gratamur
525 2744 658 2777 Bosa-hius]
691 2749 823 2777 gratamen
854 2745 879 2769 1¹
1004 2744 1056 2771 439
1088 2745 1154 2770 divis
1186 2745 1318 2778 Bacchius]
1338 2746 1432 2771 diuinis
1463 2745 1488 2770 P
1503 2745 1621 2770 diuorum
1653 2745 1827 2773 Peneliaertu

179 2786 230 2812 444
250 2787 398 2820 magnifices
418 2797 484 2812 corr.
506 2788 530 2813 Ι)

633 2787 684 2814 445
702 2789 776 2814 melis
790 2788 809 2821 sss
827 2788 852 2814 P
953 2788 1005 2816 455
1023 2789 1105 2815 hostia
1124 2797 1191 2814 corr.
1211 2788 1235 2814 1’
1336 2788 1387 2815 463
1405 2789 1490 2824 effuge
1502 2789 1518 2819 ss
1531 2793 1616 2814 tactus
1634 2789 1660 2818 P
