<?xml version="1.0" encoding="UTF-8"?>
<!DOCTYPE html PUBLIC "-//W3C//DTD XHTML 1.0 Transitional//EN"
    "http://www.w3.org/TR/xhtml1/DTD/xhtml1-transitional.dtd">
<html xmlns="http://www.w3.org/1999/xhtml" xml:lang="en" lang="en">
 <head>
  <title>
</title>
<meta http-equiv="Content-Type" content="text/html;charset=utf-8" />
  <meta name='ocr-system' content='tesseract 3.04.00' />
  <meta name='ocr-capabilities' content='ocr_page ocr_carea ocr_par ocr_line ocrx_word'/>
</head>
<body>
  <div class='ocr_page' id='page_1' title='image "./monumentagerma03geseuoft/monumentagerma03geseuoft_0586.png"; bbox 0 0 2060 3074; ppageno 0'>
   <div class='ocr_carea' id='block_1_1' title="bbox 504 297 530 315">
    <p class='ocr_par' dir='ltr' id='par_1_1' title="bbox 504 297 530 315">
     <span class='ocr_line' id='line_1_1' title="bbox 504 297 530 315; baseline 0 0"><span class='ocrx_word' id='word_1_1' title='bbox 504 297 530 315; x_wconf 80' lang='lat'>40</span> 
     </span>
    </p>
   </div>
   <div class='ocr_carea' id='block_1_2' title="bbox 507 831 532 849">
    <p class='ocr_par' dir='ltr' id='par_1_2' title="bbox 507 831 532 849">
     <span class='ocr_line' id='line_1_2' title="bbox 507 831 532 849; baseline 0 0"><span class='ocrx_word' id='word_1_2' title='bbox 507 831 532 849; x_wconf 83' lang='lat'>50</span> 
     </span>
    </p>
   </div>
   <div class='ocr_carea' id='block_1_3' title="bbox 507 1350 532 1369">
    <p class='ocr_par' dir='ltr' id='par_1_3' title="bbox 507 1350 532 1369">
     <span class='ocr_line' id='line_1_3' title="bbox 507 1350 532 1369; baseline 0 0"><span class='ocrx_word' id='word_1_3' title='bbox 507 1350 532 1369; x_wconf 79' lang='lat'>60</span> 
     </span>
    </p>
   </div>
   <div class='ocr_carea' id='block_1_4' title="bbox 506 1610 532 1629">
    <p class='ocr_par' dir='ltr' id='par_1_4' title="bbox 506 1610 532 1629">
     <span class='ocr_line' id='line_1_4' title="bbox 506 1610 532 1629; baseline 0 0"><span class='ocrx_word' id='word_1_4' title='bbox 506 1610 532 1629; x_wconf 81' lang='lat'>65</span> 
     </span>
    </p>
   </div>
   <div class='ocr_carea' id='block_1_5' title="bbox 505 1869 530 1888">
    <p class='ocr_par' dir='ltr' id='par_1_5' title="bbox 505 1869 530 1888">
     <span class='ocr_line' id='line_1_5' title="bbox 505 1869 530 1888; baseline 0 0"><span class='ocrx_word' id='word_1_5' title='bbox 505 1869 530 1888; x_wconf 80' lang='lat'>&#39;10</span> 
     </span>
    </p>
   </div>
   <div class='ocr_carea' id='block_1_6' title="bbox 504 2128 529 2147">
    <p class='ocr_par' dir='ltr' id='par_1_6' title="bbox 504 2128 529 2147">
     <span class='ocr_line' id='line_1_6' title="bbox 504 2128 529 2147; baseline 0 0"><span class='ocrx_word' id='word_1_6' title='bbox 504 2128 529 2147; x_wconf 77' lang='lat'>‘15</span> 
     </span>
    </p>
   </div>
   <div class='ocr_carea' id='block_1_7' title="bbox 508 2388 534 2406">
    <p class='ocr_par' dir='ltr' id='par_1_7' title="bbox 508 2388 534 2406">
     <span class='ocr_line' id='line_1_7' title="bbox 508 2388 534 2406; baseline 0 0"><span class='ocrx_word' id='word_1_7' title='bbox 508 2388 534 2406; x_wconf 83' lang='lat'>80</span> 
     </span>
    </p>
   </div>
   <div class='ocr_carea' id='block_1_8' title="bbox 866 97 1214 124">
    <p class='ocr_par' dir='ltr' id='par_1_8' title="bbox 866 97 1214 124">
     <span class='ocr_line' id='line_1_8' title="bbox 866 97 1214 124; baseline 0.003 -1"><span class='ocrx_word' id='word_1_8' title='bbox 866 97 1018 124; x_wconf 88' lang='lat' dir='ltr'>MILONIS</span> <span class='ocrx_word' id='word_1_9' title='bbox 1037 97 1214 124; x_wconf 78' lang='lat' dir='ltr'>CARMINA.</span> 
     </span>
    </p>
   </div>
   <div class='ocr_carea' id='block_1_9' title="bbox 574 183 1496 689">
    <p class='ocr_par' dir='ltr' id='par_1_9' title="bbox 575 183 1480 328">
     <span class='ocr_line' id='line_1_9' title="bbox 577 183 1480 227; baseline 0.003 -14"><span class='ocrx_word' id='word_1_10' title='bbox 577 183 722 214; x_wconf 86' lang='lat' dir='ltr'>Venerat</span> <span class='ocrx_word' id='word_1_11' title='bbox 745 186 779 214; x_wconf 88' lang='lat' dir='ltr'>et</span> <span class='ocrx_word' id='word_1_12' title='bbox 801 183 951 224; x_wconf 89' lang='lat' dir='ltr'>quoniam</span> <span class='ocrx_word' id='word_1_13' title='bbox 975 194 1093 225; x_wconf 89' lang='lat' dir='ltr'>supera</span> <span class='ocrx_word' id='word_1_14' title='bbox 1116 183 1156 215; x_wconf 87' lang='lat' dir='ltr'>de</span> <span class='ocrx_word' id='word_1_15' title='bbox 1180 184 1259 216; x_wconf 89' lang='lat' dir='ltr'>sede</span> <span class='ocrx_word' id='word_1_16' title='bbox 1283 184 1480 227; x_wconf 83' lang='lat' dir='ltr'><strong>redemptor,</strong></span> 
     </span>
     <span class='ocr_line' id='line_1_10' title="bbox 579 233 1434 277; baseline 0.004 -13"><span class='ocrx_word' id='word_1_17' title='bbox 579 233 623 264; x_wconf 87' lang='lat' dir='ltr'>Ut</span> <span class='ocrx_word' id='word_1_18' title='bbox 646 234 774 275; x_wconf 88' lang='lat' dir='ltr'>proprio</span> <span class='ocrx_word' id='word_1_19' title='bbox 798 237 902 265; x_wconf 84' lang='lat' dir='ltr'>totum</span> <span class='ocrx_word' id='word_1_20' title='bbox 925 235 1066 266; x_wconf 85' lang='lat' dir='ltr'>salvaret</span> <span class='ocrx_word' id='word_1_21' title='bbox 1090 236 1246 277; x_wconf 85' lang='lat' dir='ltr'>sanguine</span> <span class='ocrx_word' id='word_1_22' title='bbox 1270 236 1434 276; x_wconf 87' lang='lat' dir='ltr'>mundum,</span> 
     </span>
     <span class='ocr_line' id='line_1_11' title="bbox 575 284 1280 328; baseline 0.004 -13"><span class='ocrx_word' id='word_1_23' title='bbox 575 284 702 325; x_wconf 74' lang='lat' dir='ltr'>Illusus,</span> <span class='ocrx_word' id='word_1_24' title='bbox 727 295 851 326; x_wconf 77' lang='lat' dir='ltr'>caesuS‚</span> <span class='ocrx_word' id='word_1_25' title='bbox 875 285 1056 326; x_wconf 74' lang='lat' dir='ltr'>damnafus,</span> <span class='ocrx_word' id='word_1_26' title='bbox 1081 285 1280 328; x_wconf 79' lang='lat' dir='ltr'>despoliatus</span> 
     </span>
    </p>

    <p class='ocr_par' dir='ltr' id='par_1_10' title="bbox 577 335 1310 378">
     <span class='ocr_line' id='line_1_12' title="bbox 577 335 1310 378; baseline 0.005 -12"><span class='ocrx_word' id='word_1_27' title='bbox 577 335 700 367; x_wconf 90' lang='lat' dir='ltr'>Iudicio</span> <span class='ocrx_word' id='word_1_28' title='bbox 724 337 840 368; x_wconf 88' lang='lat' dir='ltr'>iniusto</span> <span class='ocrx_word' id='word_1_29' title='bbox 864 337 964 368; x_wconf 83' lang='lat' dir='ltr'>iudex</span> <span class='ocrx_word' id='word_1_30' title='bbox 986 338 1186 378; x_wconf 89' lang='lat' dir='ltr'>iustissimus,</span> <span class='ocrx_word' id='word_1_31' title='bbox 1210 338 1310 370; x_wconf 85' lang='lat' dir='ltr'>index</span> 
     </span>
    </p>

    <p class='ocr_par' dir='ltr' id='par_1_11' title="bbox 574 387 1496 689">
     <span class='ocr_line' id='line_1_13' title="bbox 577 387 1428 432; baseline 0.004 -14"><span class='ocrx_word' id='word_1_32' title='bbox 577 387 735 428; x_wconf 86' lang='lat' dir='ltr'>Iustitiae,</span> <span class='ocrx_word' id='word_1_33' title='bbox 760 391 907 420; x_wconf 80' lang='lat' dir='ltr'>extremo</span> <span class='ocrx_word' id='word_1_34' title='bbox 932 389 1102 421; x_wconf 63' lang='lat' dir='ltr'>crucifirius</span> <span class='ocrx_word' id='word_1_35' title='bbox 1127 393 1161 421; x_wconf 90' lang='lat' dir='ltr'>et</span> <span class='ocrx_word' id='word_1_36' title='bbox 1183 389 1258 421; x_wconf 89' lang='lat' dir='ltr'>inde</span> <span class='ocrx_word' id='word_1_37' title='bbox 1282 390 1428 432; x_wconf 89' lang='lat' dir='ltr'>sepultus</span> 
     </span>
     <span class='ocr_line' id='line_1_14' title="bbox 577 438 1496 483; baseline 0.003 -13"><span class='ocrx_word' id='word_1_38' title='bbox 577 438 803 471; x_wconf 88' lang='lat' dir='ltr'>Multimodum</span> <span class='ocrx_word' id='word_1_39' title='bbox 827 451 962 483; x_wconf 86' lang='lat' dir='ltr'>superas</span> <span class='ocrx_word' id='word_1_40' title='bbox 986 441 1123 483; x_wconf 88' lang='lat' dir='ltr'>spolium</span> <span class='ocrx_word' id='word_1_41' title='bbox 1148 442 1304 474; x_wconf 87' lang='lat' dir='ltr'>relevavit</span> <span class='ocrx_word' id='word_1_42' title='bbox 1327 442 1369 473; x_wconf 83' lang='lat' dir='ltr'>ad</span> <span class='ocrx_word' id='word_1_43' title='bbox 1392 453 1496 473; x_wconf 86' lang='lat' dir='ltr'>auras.</span> 
     </span>
     <span class='ocr_line' id='line_1_15' title="bbox 578 491 1450 534; baseline 0.005 -13"><span class='ocrx_word' id='word_1_44' title='bbox 578 491 659 522; x_wconf 87' lang='lat' dir='ltr'>Inde</span> <span class='ocrx_word' id='word_1_45' title='bbox 682 492 794 534; x_wconf 90' lang='lat' dir='ltr'>polum</span> <span class='ocrx_word' id='word_1_46' title='bbox 817 495 991 534; x_wconf 86' lang='lat' dir='ltr'>penetrans</span> <span class='ocrx_word' id='word_1_47' title='bbox 1014 493 1078 524; x_wconf 89' lang='lat' dir='ltr'>iam</span> <span class='ocrx_word' id='word_1_48' title='bbox 1103 493 1196 525; x_wconf 86' lang='lat' dir='ltr'>dictis</span> <span class='ocrx_word' id='word_1_49' title='bbox 1220 493 1305 525; x_wconf 87' lang='lat' dir='ltr'>dona</span> <span class='ocrx_word' id='word_1_50' title='bbox 1327 494 1450 525; x_wconf 82' lang='lat' dir='ltr'><strong>remisit</strong></span> 
     </span>
     <span class='ocr_line' id='line_1_16' title="bbox 574 541 1380 587; baseline 0.005 -15"><span class='ocrx_word' id='word_1_51' title='bbox 574 541 748 584; x_wconf 89' lang='lat' dir='ltr'>Discipulis</span> <span class='ocrx_word' id='word_1_52' title='bbox 770 543 929 584; x_wconf 89' lang='lat' dir='ltr'>promissa</span> <span class='ocrx_word' id='word_1_53' title='bbox 952 544 1028 584; x_wconf 84' lang='lat' dir='ltr'>suis,</span> <span class='ocrx_word' id='word_1_54' title='bbox 1052 543 1122 585; x_wconf 92' lang='lat' dir='ltr'>quis</span> <span class='ocrx_word' id='word_1_55' title='bbox 1146 544 1274 586; x_wconf 88' lang='lat' dir='ltr'>spiritus</span> <span class='ocrx_word' id='word_1_56' title='bbox 1298 545 1380 587; x_wconf 86' lang='lat' dir='ltr'>ignis</span> 
     </span>
     <span class='ocr_line' id='line_1_17' title="bbox 578 593 1454 639; baseline 0.005 -15"><span class='ocrx_word' id='word_1_57' title='bbox 578 593 681 625; x_wconf 86' lang='lat' dir='ltr'>Affuit</span> <span class='ocrx_word' id='word_1_58' title='bbox 703 594 736 625; x_wconf 92' lang='lat' dir='ltr'>in</span> <span class='ocrx_word' id='word_1_59' title='bbox 758 595 901 636; x_wconf 88' lang='lat' dir='ltr'>speciem</span> <span class='ocrx_word' id='word_1_60' title='bbox 925 598 1054 627; x_wconf 88' lang='lat' dir='ltr'>sanctus</span> <span class='ocrx_word' id='word_1_61' title='bbox 1078 595 1158 627; x_wconf 84' lang='lat' dir='ltr'>dans</span> <span class='ocrx_word' id='word_1_62' title='bbox 1180 597 1289 628; x_wconf 87' lang='lat' dir='ltr'>munia</span> <span class='ocrx_word' id='word_1_63' title='bbox 1311 597 1454 639; x_wconf 85' lang='lat' dir='ltr'>linguae,</span> 
     </span>
     <span class='ocr_line' id='line_1_18' title="bbox 578 645 1379 689; baseline 0.004 -12"><span class='ocrx_word' id='word_1_64' title='bbox 578 645 650 682; x_wconf 83' lang='lat' dir='ltr'>Qua</span> <span class='ocrx_word' id='word_1_65' title='bbox 672 650 806 688; x_wconf 81' lang='lat' dir='ltr'>possent</span> <span class='ocrx_word' id='word_1_66' title='bbox 827 647 947 678; x_wconf 89' lang='lat' dir='ltr'>mundo</span> <span class='ocrx_word' id='word_1_67' title='bbox 970 648 1134 689; x_wconf 86' lang='lat' dir='ltr'>magnalia</span> <span class='ocrx_word' id='word_1_68' title='bbox 1156 648 1226 680; x_wconf 86' lang='lat' dir='ltr'>visa</span> <span class='ocrx_word' id='word_1_69' title='bbox 1246 648 1379 680; x_wconf 87' lang='lat' dir='ltr'>referre.</span> 
     </span>
    </p>
   </div>
   <div class='ocr_carea' id='block_1_10' title="bbox 575 715 1544 2367">
    <p class='ocr_par' dir='ltr' id='par_1_12' title="bbox 575 715 1544 2367">
     <span class='ocr_line' id='line_1_19' title="bbox 622 715 1544 760; baseline 0.004 -13"><span class='ocrx_word' id='word_1_70' title='bbox 622 715 683 748; x_wconf 85' lang='lat' dir='ltr'>IH.</span> <span class='ocrx_word' id='word_1_71' title='bbox 708 716 753 748; x_wconf 89' lang='lat' dir='ltr'>Hi</span> <span class='ocrx_word' id='word_1_72' title='bbox 776 727 904 759; x_wconf 90' lang='lat' dir='ltr'>quoque</span> <span class='ocrx_word' id='word_1_73' title='bbox 927 717 1078 759; x_wconf 86' lang='lat' dir='ltr'>pervigili</span> <span class='ocrx_word' id='word_1_74' title='bbox 1101 718 1301 760; x_wconf 79' lang='lat' dir='ltr'>complentes</span> <span class='ocrx_word' id='word_1_75' title='bbox 1323 719 1410 750; x_wconf 86' lang='lat' dir='ltr'>iussa</span> <span class='ocrx_word' id='word_1_76' title='bbox 1431 719 1544 750; x_wconf 86' lang='lat' dir='ltr'>labore</span> 
     </span>
     <span class='ocr_line' id='line_1_20' title="bbox 579 767 1292 811; baseline 0.004 -13"><span class='ocrx_word' id='word_1_77' title='bbox 579 767 721 799; x_wconf 87' lang='lat' dir='ltr'>Partitas</span> <span class='ocrx_word' id='word_1_78' title='bbox 745 768 806 799; x_wconf 83' lang='lat' dir='ltr'>sibi</span> <span class='ocrx_word' id='word_1_79' title='bbox 828 771 987 800; x_wconf 87' lang='lat' dir='ltr'>terrarum</span> <span class='ocrx_word' id='word_1_80' title='bbox 1010 772 1120 811; x_wconf 86' lang='lat' dir='ltr'>partes</span> <span class='ocrx_word' id='word_1_81' title='bbox 1143 769 1292 801; x_wconf 90' lang='lat' dir='ltr'>adierunt</span> 
     </span>
     <span class='ocr_line' id='line_1_21' title="bbox 575 819 1398 863; baseline 0.005 -13"><span class='ocrx_word' id='word_1_82' title='bbox 575 819 713 851; x_wconf 89' lang='lat' dir='ltr'>Lumine</span> <span class='ocrx_word' id='word_1_83' title='bbox 737 821 908 863; x_wconf 88' lang='lat' dir='ltr'>conspicuo</span> <span class='ocrx_word' id='word_1_84' title='bbox 933 821 1100 853; x_wconf 78' lang='lat' dir='ltr'>rutilantes</span> <span class='ocrx_word' id='word_1_85' title='bbox 1123 832 1212 854; x_wconf 90' lang='lat' dir='ltr'>more</span> <span class='ocrx_word' id='word_1_86' title='bbox 1235 823 1398 854; x_wconf 85' lang='lat' dir='ltr'>lucernae.</span> 
     </span>
     <span class='ocr_line' id='line_1_22' title="bbox 579 871 1418 917; baseline 0.005 -15"><span class='ocrx_word' id='word_1_87' title='bbox 579 871 745 903; x_wconf 87' lang='lat' dir='ltr'>Praecelsi</span> <span class='ocrx_word' id='word_1_88' title='bbox 768 883 921 914; x_wconf 82' lang='lat' dir='ltr'>proceres</span> <span class='ocrx_word' id='word_1_89' title='bbox 945 873 1062 904; x_wconf 85' lang='lat' dir='ltr'>Petrus</span> <span class='ocrx_word' id='word_1_90' title='bbox 1085 873 1271 917; x_wconf 83' lang='lat' dir='ltr'>Paulusque</span> <span class='ocrx_word' id='word_1_91' title='bbox 1294 875 1418 917; x_wconf 84' lang='lat' dir='ltr'>priores</span> 
     </span>
     <span class='ocr_line' id='line_1_23' title="bbox 578 923 1462 968; baseline 0.006 -14"><span class='ocrx_word' id='word_1_92' title='bbox 578 923 692 955; x_wconf 83' lang='lat' dir='ltr'>Ardua</span> <span class='ocrx_word' id='word_1_93' title='bbox 714 924 897 956; x_wconf 80' lang='lat' dir='ltr'>Romuleae</span> <span class='ocrx_word' id='word_1_94' title='bbox 920 928 1097 968; x_wconf 86' lang='lat' dir='ltr'>properant</span> <span class='ocrx_word' id='word_1_95' title='bbox 1119 925 1162 957; x_wconf 81' lang='lat' dir='ltr'>ad</span> <span class='ocrx_word' id='word_1_96' title='bbox 1183 927 1313 958; x_wconf 90' lang='lat' dir='ltr'>moenia</span> <span class='ocrx_word' id='word_1_97' title='bbox 1335 926 1462 959; x_wconf 86' lang='lat' dir='ltr'>Romae</span> 
     </span>
     <span class='ocr_line' id='line_1_24' title="bbox 578 975 1485 1021; baseline 0.004 -14"><span class='ocrx_word' id='word_1_98' title='bbox 578 975 808 1019; x_wconf 84' lang='lat' dir='ltr'>Romanosque</span> <span class='ocrx_word' id='word_1_99' title='bbox 832 977 942 1008; x_wconf 86' lang='lat' dir='ltr'>lavant</span> <span class='ocrx_word' id='word_1_100' title='bbox 964 977 1080 1009; x_wconf 90' lang='lat' dir='ltr'>melius</span> <span class='ocrx_word' id='word_1_101' title='bbox 1104 988 1201 1020; x_wconf 90' lang='lat' dir='ltr'>quam</span> <span class='ocrx_word' id='word_1_102' title='bbox 1224 979 1353 1021; x_wconf 84' lang='lat' dir='ltr'>gurgite</span> <span class='ocrx_word' id='word_1_103' title='bbox 1377 979 1485 1011; x_wconf 83' lang='lat' dir='ltr'>Tibris</span> 
     </span>
     <span class='ocr_line' id='line_1_25' title="bbox 578 1026 1453 1070; baseline 0.005 -12"><span class='ocrx_word' id='word_1_104' title='bbox 578 1026 687 1069; x_wconf 87' lang='lat' dir='ltr'>Atque</span> <span class='ocrx_word' id='word_1_105' title='bbox 710 1027 755 1059; x_wconf 92' lang='lat' dir='ltr'>ibi</span> <span class='ocrx_word' id='word_1_106' title='bbox 778 1029 975 1060; x_wconf 87' lang='lat' dir='ltr'>constituunt</span> <span class='ocrx_word' id='word_1_107' title='bbox 997 1029 1091 1070; x_wconf 89' lang='lat' dir='ltr'>primi</span> <span class='ocrx_word' id='word_1_108' title='bbox 1115 1029 1290 1061; x_wconf 80' lang='lat' dir='ltr'>fundamen</span> <span class='ocrx_word' id='word_1_109' title='bbox 1311 1031 1453 1062; x_wconf 85' lang='lat' dir='ltr'>honoris.</span> 
     </span>
     <span class='ocr_line' id='line_1_26' title="bbox 576 1079 1474 1124; baseline 0.004 -14"><span class='ocrx_word' id='word_1_110' title='bbox 576 1079 661 1111; x_wconf 85' lang='lat' dir='ltr'>Hinc</span> <span class='ocrx_word' id='word_1_111' title='bbox 683 1080 767 1122; x_wconf 90' lang='lat' dir='ltr'>petit</span> <span class='ocrx_word' id='word_1_112' title='bbox 789 1079 940 1112; x_wconf 83' lang='lat' dir='ltr'>Andreas</span> <span class='ocrx_word' id='word_1_113' title='bbox 963 1081 1168 1124; x_wconf 84' lang='lat' dir='ltr'>properando</span> <span class='ocrx_word' id='word_1_114' title='bbox 1191 1083 1290 1114; x_wconf 82' lang='lat' dir='ltr'>virilis</span> <span class='ocrx_word' id='word_1_115' title='bbox 1314 1082 1474 1114; x_wconf 81' lang='lat' dir='ltr'>Achaiam</span> 
     </span>
     <span class='ocr_line' id='line_1_27' title="bbox 579 1130 1446 1176; baseline 0.005 -14"><span class='ocrx_word' id='word_1_116' title='bbox 579 1130 628 1162; x_wconf 87' lang='lat' dir='ltr'>Ac</span> <span class='ocrx_word' id='word_1_117' title='bbox 651 1142 771 1163; x_wconf 92' lang='lat' dir='ltr'>nomen</span> <span class='ocrx_word' id='word_1_118' title='bbox 793 1133 959 1174; x_wconf 87' lang='lat' dir='ltr'>proprium</span> <span class='ocrx_word' id='word_1_119' title='bbox 982 1133 1141 1175; x_wconf 87' lang='lat' dir='ltr'>patrando</span> <span class='ocrx_word' id='word_1_120' title='bbox 1165 1133 1299 1166; x_wconf 84' lang='lat' dir='ltr'>viriliter</span> <span class='ocrx_word' id='word_1_121' title='bbox 1321 1134 1446 1176; x_wconf 89' lang='lat' dir='ltr'>implet.</span> 
     </span>
     <span class='ocr_line' id='line_1_28' title="bbox 578 1182 1441 1228; baseline 0.005 -14"><span class='ocrx_word' id='word_1_122' title='bbox 578 1182 664 1214; x_wconf 87' lang='lat' dir='ltr'>Hinc</span> <span class='ocrx_word' id='word_1_123' title='bbox 686 1183 799 1215; x_wconf 91' lang='lat' dir='ltr'>Iacobi</span> <span class='ocrx_word' id='word_1_124' title='bbox 822 1184 959 1226; x_wconf 86' lang='lat' dir='ltr'>geminis</span> <span class='ocrx_word' id='word_1_125' title='bbox 982 1184 1139 1217; x_wconf 85' lang='lat' dir='ltr'>Iudaeam</span> <span class='ocrx_word' id='word_1_126' title='bbox 1161 1186 1289 1228; x_wconf 87' lang='lat' dir='ltr'>legibus</span> <span class='ocrx_word' id='word_1_127' title='bbox 1313 1189 1441 1218; x_wconf 88' lang='lat' dir='ltr'>ornant:</span> 
     </span>
     <span class='ocr_line' id='line_1_29' title="bbox 578 1234 1430 1270; baseline 0.006 -5"><span class='ocrx_word' id='word_1_128' title='bbox 578 1234 689 1266; x_wconf 88' lang='lat' dir='ltr'>Prisca</span> <span class='ocrx_word' id='word_1_129' title='bbox 713 1235 832 1267; x_wconf 80' lang='lat' dir='ltr'>docent</span> <span class='ocrx_word' id='word_1_130' title='bbox 854 1235 950 1267; x_wconf 91' lang='lat' dir='ltr'>simili</span> <span class='ocrx_word' id='word_1_131' title='bbox 971 1246 1125 1268; x_wconf 86' lang='lat' dir='ltr'>resonare</span> <span class='ocrx_word' id='word_1_132' title='bbox 1148 1239 1261 1269; x_wconf 90' lang='lat' dir='ltr'>tenore</span> <span class='ocrx_word' id='word_1_133' title='bbox 1284 1238 1430 1270; x_wconf 88' lang='lat' dir='ltr'>novellis.</span> 
     </span>
     <span class='ocr_line' id='line_1_30' title="bbox 578 1286 1430 1331; baseline 0.006 -14"><span class='ocrx_word' id='word_1_134' title='bbox 578 1286 659 1318; x_wconf 90' lang='lat' dir='ltr'>Inde</span> <span class='ocrx_word' id='word_1_135' title='bbox 683 1287 763 1318; x_wconf 89' lang='lat' dir='ltr'>Asia</span> <span class='ocrx_word' id='word_1_136' title='bbox 787 1287 913 1319; x_wconf 90' lang='lat' dir='ltr'>accedit</span> <span class='ocrx_word' id='word_1_137' title='bbox 934 1289 1064 1320; x_wconf 87' lang='lat' dir='ltr'>monitis</span> <span class='ocrx_word' id='word_1_138' title='bbox 1089 1299 1244 1321; x_wconf 84' lang='lat' dir='ltr'>conversa</span> <span class='ocrx_word' id='word_1_139' title='bbox 1267 1290 1430 1331; x_wconf 80' lang='lat' dir='ltr'>Iohannis,</span> 
     </span>
     <span class='ocr_line' id='line_1_31' title="bbox 578 1337 1375 1384; baseline 0.008 -16"><span class='ocrx_word' id='word_1_140' title='bbox 578 1337 683 1374; x_wconf 85' lang='lat' dir='ltr'>Quam</span> <span class='ocrx_word' id='word_1_141' title='bbox 706 1338 909 1380; x_wconf 82' lang='lat' dir='ltr'>paradisiaco</span> <span class='ocrx_word' id='word_1_142' title='bbox 933 1340 1097 1372; x_wconf 86' lang='lat' dir='ltr'>sitientem</span> <span class='ocrx_word' id='word_1_143' title='bbox 1119 1341 1250 1374; x_wconf 90' lang='lat' dir='ltr'>flumine</span> <span class='ocrx_word' id='word_1_144' title='bbox 1273 1345 1375 1384; x_wconf 88' lang='lat' dir='ltr'>potat.</span> 
     </span>
     <span class='ocr_line' id='line_1_32' title="bbox 578 1390 1475 1437; baseline 0.006 -16"><span class='ocrx_word' id='word_1_145' title='bbox 578 1390 755 1433; x_wconf 86' lang='lat' dir='ltr'>Lampadis</span> <span class='ocrx_word' id='word_1_146' title='bbox 779 1394 812 1422; x_wconf 89' lang='lat' dir='ltr'>et</span> <span class='ocrx_word' id='word_1_147' title='bbox 836 1391 978 1423; x_wconf 85' lang='lat' dir='ltr'>Soithiae</span> <span class='ocrx_word' id='word_1_148' title='bbox 1001 1393 1203 1435; x_wconf 83' lang='lat' dir='ltr'>resplenduit</span> <span class='ocrx_word' id='word_1_149' title='bbox 1227 1404 1282 1425; x_wconf 89' lang='lat' dir='ltr'>ore</span> <span class='ocrx_word' id='word_1_150' title='bbox 1306 1393 1475 1437; x_wconf 89' lang='lat' dir='ltr'>Philippus</span> 
     </span>
     <span class='ocr_line' id='line_1_33' title="bbox 578 1442 1520 1488; baseline 0.005 -15"><span class='ocrx_word' id='word_1_151' title='bbox 578 1442 687 1484; x_wconf 91' lang='lat' dir='ltr'>Atque</span> <span class='ocrx_word' id='word_1_152' title='bbox 710 1442 756 1474; x_wconf 90' lang='lat' dir='ltr'>ibi</span> <span class='ocrx_word' id='word_1_153' title='bbox 780 1444 964 1486; x_wconf 86' lang='lat' dir='ltr'>complevit,</span> <span class='ocrx_word' id='word_1_154' title='bbox 987 1445 1118 1487; x_wconf 91' lang='lat' dir='ltr'>proprio</span> <span class='ocrx_word' id='word_1_155' title='bbox 1143 1445 1231 1488; x_wconf 87' lang='lat' dir='ltr'>quod</span> <span class='ocrx_word' id='word_1_156' title='bbox 1252 1446 1382 1478; x_wconf 86' lang='lat' dir='ltr'>nomine</span> <span class='ocrx_word' id='word_1_157' title='bbox 1405 1446 1520 1488; x_wconf 87' lang='lat' dir='ltr'>signat.</span> 
     </span>
     <span class='ocr_line' id='line_1_34' title="bbox 578 1493 1425 1537; baseline 0.007 -13"><span class='ocrx_word' id='word_1_158' title='bbox 578 1493 730 1525; x_wconf 87' lang='lat' dir='ltr'>Matheus</span> <span class='ocrx_word' id='word_1_159' title='bbox 753 1493 934 1537; x_wconf 85' lang='lat' dir='ltr'>Aethiopas</span> <span class='ocrx_word' id='word_1_160' title='bbox 957 1498 1100 1528; x_wconf 86' lang='lat' dir='ltr'>torrente</span> <span class='ocrx_word' id='word_1_161' title='bbox 1126 1496 1241 1529; x_wconf 90' lang='lat' dir='ltr'>ardore</span> <span class='ocrx_word' id='word_1_162' title='bbox 1265 1500 1425 1530; x_wconf 88' lang='lat' dir='ltr'>crematos</span> 
     </span>
     <span class='ocr_line' id='line_1_35' title="bbox 579 1545 1298 1581; baseline 0.006 -4"><span class='ocrx_word' id='word_1_163' title='bbox 579 1545 624 1577; x_wconf 90' lang='lat' dir='ltr'>Ut</span> <span class='ocrx_word' id='word_1_164' title='bbox 647 1545 741 1578; x_wconf 82' lang='lat' dir='ltr'>Geon</span> <span class='ocrx_word' id='word_1_165' title='bbox 765 1547 902 1578; x_wconf 84' lang='lat' dir='ltr'>eximius</span> <span class='ocrx_word' id='word_1_166' title='bbox 926 1551 1053 1580; x_wconf 85' lang='lat' dir='ltr'>sacrato</span> <span class='ocrx_word' id='word_1_167' title='bbox 1077 1548 1179 1581; x_wconf 89' lang='lat' dir='ltr'>deluit</span> <span class='ocrx_word' id='word_1_168' title='bbox 1203 1559 1298 1581; x_wconf 84' lang='lat' dir='ltr'>amne</span> 
     </span>
     <span class='ocr_line' id='line_1_36' title="bbox 575 1597 1387 1641; baseline 0.005 -12"><span class='ocrx_word' id='word_1_169' title='bbox 575 1597 619 1629; x_wconf 89' lang='lat' dir='ltr'>Et</span> <span class='ocrx_word' id='word_1_170' title='bbox 642 1598 719 1630; x_wconf 84' lang='lat' dir='ltr'>facit</span> <span class='ocrx_word' id='word_1_171' title='bbox 741 1598 774 1629; x_wconf 92' lang='lat' dir='ltr'>in</span> <span class='ocrx_word' id='word_1_172' title='bbox 797 1599 941 1641; x_wconf 90' lang='lat' dir='ltr'>speciem</span> <span class='ocrx_word' id='word_1_173' title='bbox 963 1600 1049 1631; x_wconf 86' lang='lat' dir='ltr'>lotos</span> <span class='ocrx_word' id='word_1_174' title='bbox 1072 1600 1212 1632; x_wconf 86' lang='lat' dir='ltr'>candere</span> <span class='ocrx_word' id='word_1_175' title='bbox 1235 1601 1387 1633; x_wconf 87' lang='lat' dir='ltr'>nivalem.</span> 
     </span>
     <span class='ocr_line' id='line_1_37' title="bbox 578 1649 1374 1685; baseline 0.006 -5"><span class='ocrx_word' id='word_1_176' title='bbox 578 1649 732 1681; x_wconf 89' lang='lat' dir='ltr'>Indorum</span> <span class='ocrx_word' id='word_1_177' title='bbox 755 1650 908 1682; x_wconf 83' lang='lat' dir='ltr'>tenebras</span> <span class='ocrx_word' id='word_1_178' title='bbox 932 1650 1081 1683; x_wconf 87' lang='lat' dir='ltr'>discussit</span> <span class='ocrx_word' id='word_1_179' title='bbox 1102 1651 1374 1685; x_wconf 80' lang='lat' dir='ltr'>Bartholomaeus</span> 
     </span>
     <span class='ocr_line' id='line_1_38' title="bbox 577 1701 1368 1745; baseline 0.006 -13"><span class='ocrx_word' id='word_1_180' title='bbox 577 1701 671 1733; x_wconf 84' lang='lat' dir='ltr'>Fecit</span> <span class='ocrx_word' id='word_1_181' title='bbox 694 1704 727 1733; x_wconf 86' lang='lat' dir='ltr'>et</span> <span class='ocrx_word' id='word_1_182' title='bbox 751 1703 886 1744; x_wconf 86' lang='lat' dir='ltr'>egregia</span> <span class='ocrx_word' id='word_1_183' title='bbox 908 1703 1090 1745; x_wconf 91' lang='lat' dir='ltr'>splendoris</span> <span class='ocrx_word' id='word_1_184' title='bbox 1111 1705 1184 1736; x_wconf 89' lang='lat' dir='ltr'>luce</span> <span class='ocrx_word' id='word_1_185' title='bbox 1208 1715 1368 1737; x_wconf 89' lang='lat' dir='ltr'>coruscos.</span> 
     </span>
     <span class='ocr_line' id='line_1_39' title="bbox 577 1753 1304 1797; baseline 0.007 -13"><span class='ocrx_word' id='word_1_186' title='bbox 577 1753 717 1784; x_wconf 91' lang='lat' dir='ltr'>Parthos</span> <span class='ocrx_word' id='word_1_187' title='bbox 741 1754 896 1785; x_wconf 85' lang='lat' dir='ltr'>sollicitus</span> <span class='ocrx_word' id='word_1_188' title='bbox 920 1758 1059 1797; x_wconf 85' lang='lat' dir='ltr'>cognato</span> <span class='ocrx_word' id='word_1_189' title='bbox 1084 1766 1174 1788; x_wconf 88' lang='lat' dir='ltr'>more</span> <span class='ocrx_word' id='word_1_190' title='bbox 1198 1756 1304 1788; x_wconf 88' lang='lat' dir='ltr'>beatis</span> 
     </span>
     <span class='ocr_line' id='line_1_40' title="bbox 577 1804 1391 1849; baseline 0.006 -13"><span class='ocrx_word' id='word_1_191' title='bbox 577 1804 737 1847; x_wconf 84' lang='lat' dir='ltr'>Explorat</span> <span class='ocrx_word' id='word_1_192' title='bbox 759 1805 901 1837; x_wconf 86' lang='lat' dir='ltr'>Thomas</span> <span class='ocrx_word' id='word_1_193' title='bbox 925 1806 1033 1849; x_wconf 88' lang='lat' dir='ltr'>digitis</span> <span class='ocrx_word' id='word_1_194' title='bbox 1057 1810 1091 1839; x_wconf 91' lang='lat' dir='ltr'>et</span> <span class='ocrx_word' id='word_1_195' title='bbox 1113 1808 1248 1840; x_wconf 80' lang='lat' dir='ltr'>vulnera</span> <span class='ocrx_word' id='word_1_196' title='bbox 1270 1812 1391 1849; x_wconf 84' lang='lat' dir='ltr'>narrat,</span> 
     </span>
     <span class='ocr_line' id='line_1_41' title="bbox 575 1856 1488 1903; baseline 0.007 -16"><span class='ocrx_word' id='word_1_197' title='bbox 575 1856 668 1893; x_wconf 84' lang='lat' dir='ltr'>Quae</span> <span class='ocrx_word' id='word_1_198' title='bbox 692 1857 813 1889; x_wconf 87' lang='lat' dir='ltr'>domini</span> <span class='ocrx_word' id='word_1_199' title='bbox 835 1857 916 1889; x_wconf 84' lang='lat' dir='ltr'>vidit</span> <span class='ocrx_word' id='word_1_200' title='bbox 938 1862 1014 1901; x_wconf 91' lang='lat' dir='ltr'>post</span> <span class='ocrx_word' id='word_1_201' title='bbox 1035 1862 1175 1891; x_wconf 86' lang='lat' dir='ltr'>mortem</span> <span class='ocrx_word' id='word_1_202' title='bbox 1197 1860 1230 1892; x_wconf 91' lang='lat' dir='ltr'>in</span> <span class='ocrx_word' id='word_1_203' title='bbox 1253 1870 1389 1903; x_wconf 87' lang='lat' dir='ltr'>corpore</span> <span class='ocrx_word' id='word_1_204' title='bbox 1413 1861 1488 1893; x_wconf 78' lang='lat' dir='ltr'>vivi.</span> 
     </span>
     <span class='ocr_line' id='line_1_42' title="bbox 578 1908 1311 1952; baseline 0.005 -13"><span class='ocrx_word' id='word_1_205' title='bbox 578 1908 698 1951; x_wconf 83' lang='lat' dir='ltr'>Symon</span> <span class='ocrx_word' id='word_1_206' title='bbox 721 1908 891 1941; x_wconf 88' lang='lat' dir='ltr'>Persidem</span> <span class='ocrx_word' id='word_1_207' title='bbox 915 1910 1002 1942; x_wconf 91' lang='lat' dir='ltr'>dulci</span> <span class='ocrx_word' id='word_1_208' title='bbox 1025 1911 1196 1943; x_wconf 84' lang='lat' dir='ltr'>comitatus</span> <span class='ocrx_word' id='word_1_209' title='bbox 1219 1911 1311 1952; x_wconf 84' lang='lat' dir='ltr'>Iuda,</span> 
     </span>
     <span class='ocr_line' id='line_1_43' title="bbox 578 1960 1404 2006; baseline 0.006 -15"><span class='ocrx_word' id='word_1_210' title='bbox 578 1960 702 1992; x_wconf 88' lang='lat' dir='ltr'>Bellica</span> <span class='ocrx_word' id='word_1_211' title='bbox 726 1972 809 2003; x_wconf 91' lang='lat' dir='ltr'>quae</span> <span class='ocrx_word' id='word_1_212' title='bbox 833 1962 950 2003; x_wconf 84' lang='lat' dir='ltr'>fuerat,</span> <span class='ocrx_word' id='word_1_213' title='bbox 974 1963 1065 1995; x_wconf 89' lang='lat' dir='ltr'>verbi</span> <span class='ocrx_word' id='word_1_214' title='bbox 1088 1974 1242 1995; x_wconf 90' lang='lat' dir='ltr'>mucrone</span> <span class='ocrx_word' id='word_1_215' title='bbox 1265 1964 1404 2006; x_wconf 86' lang='lat' dir='ltr'>subegit.</span> 
     </span>
     <span class='ocr_line' id='line_1_44' title="bbox 578 2012 1467 2058; baseline 0.003 -14"><span class='ocrx_word' id='word_1_216' title='bbox 578 2012 768 2056; x_wconf 84' lang='lat' dir='ltr'>Aegyptum</span> <span class='ocrx_word' id='word_1_217' title='bbox 791 2016 910 2046; x_wconf 87' lang='lat' dir='ltr'>tetram</span> <span class='ocrx_word' id='word_1_218' title='bbox 933 2015 1049 2047; x_wconf 89' lang='lat' dir='ltr'>melius</span> <span class='ocrx_word' id='word_1_219' title='bbox 1074 2026 1171 2058; x_wconf 89' lang='lat' dir='ltr'>quam</span> <span class='ocrx_word' id='word_1_220' title='bbox 1193 2015 1285 2047; x_wconf 86' lang='lat' dir='ltr'>Nilus</span> <span class='ocrx_word' id='word_1_221' title='bbox 1307 2016 1467 2047; x_wconf 87' lang='lat' dir='ltr'>inundans</span> 
     </span>
     <span class='ocr_line' id='line_1_45' title="bbox 578 2064 1486 2110; baseline 0.003 -14"><span class='ocrx_word' id='word_1_222' title='bbox 578 2064 687 2107; x_wconf 85' lang='lat' dir='ltr'>Fruge</span> <span class='ocrx_word' id='word_1_223' title='bbox 712 2066 874 2107; x_wconf 85' lang='lat' dir='ltr'>euangelii</span> <span class='ocrx_word' id='word_1_224' title='bbox 898 2067 1040 2109; x_wconf 89' lang='lat' dir='ltr'>complet</span> <span class='ocrx_word' id='word_1_225' title='bbox 1063 2077 1192 2110; x_wconf 91' lang='lat' dir='ltr'>quoque</span> <span class='ocrx_word' id='word_1_226' title='bbox 1214 2067 1342 2099; x_wconf 84' lang='lat' dir='ltr'>Marcus</span> <span class='ocrx_word' id='word_1_227' title='bbox 1368 2068 1486 2110; x_wconf 78' lang='lat' dir='ltr'>opima.</span> 
     </span>
     <span class='ocr_line' id='line_1_46' title="bbox 576 2116 1464 2162; baseline 0.006 -16"><span class='ocrx_word' id='word_1_228' title='bbox 576 2116 708 2147; x_wconf 80' lang='lat' dir='ltr'>Semina</span> <span class='ocrx_word' id='word_1_229' title='bbox 730 2120 842 2148; x_wconf 88' lang='lat' dir='ltr'>sancta</span> <span class='ocrx_word' id='word_1_230' title='bbox 865 2127 976 2150; x_wconf 91' lang='lat' dir='ltr'>serens</span> <span class='ocrx_word' id='word_1_231' title='bbox 1000 2122 1128 2150; x_wconf 87' lang='lat' dir='ltr'>sanctus</span> <span class='ocrx_word' id='word_1_232' title='bbox 1150 2129 1299 2151; x_wconf 87' lang='lat' dir='ltr'>sermone</span> <span class='ocrx_word' id='word_1_233' title='bbox 1323 2130 1464 2162; x_wconf 89' lang='lat' dir='ltr'>superno</span> 
     </span>
     <span class='ocr_line' id='line_1_47' title="bbox 579 2167 1394 2213; baseline 0.005 -14"><span class='ocrx_word' id='word_1_234' title='bbox 579 2167 714 2199; x_wconf 85' lang='lat' dir='ltr'>Vivifico</span> <span class='ocrx_word' id='word_1_235' title='bbox 738 2168 874 2200; x_wconf 84' lang='lat' dir='ltr'>mundat</span> <span class='ocrx_word' id='word_1_236' title='bbox 895 2170 1034 2212; x_wconf 90' lang='lat' dir='ltr'>populos</span> <span class='ocrx_word' id='word_1_237' title='bbox 1057 2170 1254 2213; x_wconf 87' lang='lat' dir='ltr'>baptismate</span> <span class='ocrx_word' id='word_1_238' title='bbox 1277 2170 1394 2204; x_wconf 84' lang='lat' dir='ltr'>Lucas.</span> 
     </span>
     <span class='ocr_line' id='line_1_48' title="bbox 577 2219 1466 2265; baseline 0.006 -15"><span class='ocrx_word' id='word_1_239' title='bbox 577 2219 650 2250; x_wconf 88' lang='lat' dir='ltr'>Hos</span> <span class='ocrx_word' id='word_1_240' title='bbox 674 2230 803 2262; x_wconf 91' lang='lat' dir='ltr'>quoque</span> <span class='ocrx_word' id='word_1_241' title='bbox 826 2223 901 2263; x_wconf 91' lang='lat' dir='ltr'>post</span> <span class='ocrx_word' id='word_1_242' title='bbox 923 2221 1012 2253; x_wconf 90' lang='lat' dir='ltr'>missi</span> <span class='ocrx_word' id='word_1_243' title='bbox 1035 2221 1184 2254; x_wconf 87' lang='lat' dir='ltr'>doctores</span> <span class='ocrx_word' id='word_1_244' title='bbox 1206 2223 1267 2255; x_wconf 90' lang='lat' dir='ltr'>rite</span> <span class='ocrx_word' id='word_1_245' title='bbox 1291 2226 1466 2265; x_wconf 87' lang='lat' dir='ltr'>sequentes</span> 
     </span>
     <span class='ocr_line' id='line_1_49' title="bbox 581 2271 1428 2316; baseline 0.006 -14"><span class='ocrx_word' id='word_1_246' title='bbox 581 2271 646 2302; x_wconf 89' lang='lat' dir='ltr'>Per</span> <span class='ocrx_word' id='word_1_247' title='bbox 668 2272 823 2303; x_wconf 90' lang='lat' dir='ltr'>mundum</span> <span class='ocrx_word' id='word_1_248' title='bbox 846 2273 949 2315; x_wconf 88' lang='lat' dir='ltr'>sparsi</span> <span class='ocrx_word' id='word_1_249' title='bbox 973 2277 1160 2316; x_wconf 88' lang='lat' dir='ltr'>sparserunt</span> <span class='ocrx_word' id='word_1_250' title='bbox 1182 2275 1284 2307; x_wconf 86' lang='lat' dir='ltr'>verba</span> <span class='ocrx_word' id='word_1_251' title='bbox 1306 2276 1428 2316; x_wconf 85' lang='lat' dir='ltr'>salutis,</span> 
     </span>
     <span class='ocr_line' id='line_1_50' title="bbox 581 2323 1313 2367; baseline 0.005 -13"><span class='ocrx_word' id='word_1_252' title='bbox 581 2323 684 2354; x_wconf 91' lang='lat' dir='ltr'>Actus</span> <span class='ocrx_word' id='word_1_253' title='bbox 706 2324 854 2366; x_wconf 85' lang='lat' dir='ltr'>prosaico</span> <span class='ocrx_word' id='word_1_254' title='bbox 879 2335 1014 2367; x_wconf 89' lang='lat' dir='ltr'>quorum</span> <span class='ocrx_word' id='word_1_255' title='bbox 1039 2336 1187 2358; x_wconf 90' lang='lat' dir='ltr'>sermone</span> <span class='ocrx_word' id='word_1_256' title='bbox 1211 2327 1313 2358; x_wconf 85' lang='lat' dir='ltr'>notati</span> 
     </span>
    </p>
   </div>
   <div class='ocr_carea' id='block_1_11' title="bbox 578 2373 1594 2418">
    <p class='ocr_par' dir='ltr' id='par_1_13' title="bbox 578 2373 1594 2418">
     <span class='ocr_line' id='line_1_51' title="bbox 578 2373 1594 2418; baseline 0.004 -12"><span class='ocrx_word' id='word_1_257' title='bbox 578 2374 620 2406; x_wconf 81' lang='lat' dir='ltr'>Et</span> <span class='ocrx_word' id='word_1_258' title='bbox 643 2386 727 2407; x_wconf 93' lang='lat' dir='ltr'>nunc</span> <span class='ocrx_word' id='word_1_259' title='bbox 749 2386 853 2418; x_wconf 87' lang='lat' dir='ltr'>usque</span> <span class='ocrx_word' id='word_1_260' title='bbox 879 2380 1010 2409; x_wconf 83' lang='lat' dir='ltr'>manent</span> <span class='ocrx_word' id='word_1_261' title='bbox 1034 2381 1066 2409; x_wconf 90' lang='lat' dir='ltr'>et</span> <span class='ocrx_word' id='word_1_262' title='bbox 1089 2379 1121 2410; x_wconf 91' lang='lat' dir='ltr'>in</span> <span class='ocrx_word' id='word_1_263' title='bbox 1145 2373 1253 2410; x_wconf 88' lang='lat' dir='ltr'>omnia</span> <span class='ocrx_word' id='word_1_264' title='bbox 1276 2379 1384 2410; x_wconf 86' lang='lat' dir='ltr'>saecla</span> <span class='ocrx_word' id='word_1_265' title='bbox 1408 2379 1594 2411; x_wconf 83' lang='lat' dir='ltr'>manebunt.</span> 
     </span>
    </p>
   </div>
   <div class='ocr_carea' id='block_1_12' title="bbox 651 2477 1166 2482">
    <p class='ocr_par' dir='ltr' id='par_1_14' title="bbox 651 2477 1166 2482">
     <span class='ocr_line' id='line_1_52' title="bbox 651 2477 1166 2482; baseline 0 0"><span class='ocrx_word' id='word_1_266' title='bbox 651 2477 1166 2482; x_wconf 95' lang='lat' dir='ltr'> </span> 
     </span>
    </p>
   </div>
   <div class='ocr_carea' id='block_1_13' title="bbox 214 2547 1549 2627">
    <p class='ocr_par' dir='ltr' id='par_1_15' title="bbox 214 2547 1549 2627">
     <span class='ocr_line' id='line_1_53' title="bbox 317 2547 1549 2585; baseline 0.004 -12"><span class='ocrx_word' id='word_1_267' title='bbox 317 2547 351 2573; x_wconf 82' lang='lat'>46</span> <span class='ocrx_word' id='word_1_268' title='bbox 370 2549 460 2574; x_wconf 78' lang='lat' dir='ltr'>Adfuit</span> <span class='ocrx_word' id='word_1_269' title='bbox 477 2549 502 2573; x_wconf 89' lang='lat' dir='ltr'><strong><em>V</em></strong></span> <span class='ocrx_word' id='word_1_270' title='bbox 555 2558 664 2575; x_wconf 87' lang='lat' dir='ltr'>munera</span> <span class='ocrx_word' id='word_1_271' title='bbox 689 2550 734 2583; x_wconf 69' lang='lat' dir='ltr'>(qs.</span> <span class='ocrx_word' id='word_1_272' title='bbox 755 2551 857 2576; x_wconf 71' lang='lat' dir='ltr'>quena.</span> <span class='ocrx_word' id='word_1_273' title='bbox 878 2550 985 2583; x_wconf 77' lang='lat'><strong><em>11420)</em></strong></span> <span class='ocrx_word' id='word_1_274' title='bbox 999 2551 1023 2576; x_wconf 81' lang='grc' dir='ltr'><strong><em>Α</em></strong></span> <span class='ocrx_word' id='word_1_275' title='bbox 1111 2551 1145 2578; x_wconf 85' lang='grc'>46</span> <span class='ocrx_word' id='word_1_276' title='bbox 1170 2553 1254 2585; x_wconf 85' lang='lat' dir='ltr'>specie</span> <span class='ocrx_word' id='word_1_277' title='bbox 1267 2552 1292 2577; x_wconf 93' lang='lat' dir='ltr'><em>B</em></span> <span class='ocrx_word' id='word_1_278' title='bbox 1379 2552 1413 2577; x_wconf 85' lang='lat'>64</span> <span class='ocrx_word' id='word_1_279' title='bbox 1436 2553 1512 2578; x_wconf 82' lang='lat' dir='ltr'>diluit</span> <span class='ocrx_word' id='word_1_280' title='bbox 1525 2552 1549 2577; x_wconf 77' lang='lat' dir='ltr'>A</span> 
     </span>
     <span class='ocr_line' id='line_1_54' title="bbox 214 2591 932 2627; baseline 0.004 -11"><span class='ocrx_word' id='word_1_281' title='bbox 214 2592 352 2616; x_wconf 80' lang='lat' dir='ltr'>coruschos</span> <span class='ocrx_word' id='word_1_282' title='bbox 371 2591 396 2615; x_wconf 90' lang='lat' dir='ltr'><em>B</em></span> <span class='ocrx_word' id='word_1_283' title='bbox 484 2591 517 2617; x_wconf 83' lang='lat'>75</span> <span class='ocrx_word' id='word_1_284' title='bbox 536 2594 620 2618; x_wconf 82' lang='lat' dir='ltr'>ferens</span> <span class='ocrx_word' id='word_1_285' title='bbox 640 2593 666 2617; x_wconf 88' lang='lat' dir='ltr'><em>B</em></span> <span class='ocrx_word' id='word_1_286' title='bbox 748 2593 781 2619; x_wconf 80' lang='lat'>78</span> <span class='ocrx_word' id='word_1_287' title='bbox 799 2595 894 2627; x_wconf 83' lang='lat' dir='ltr'>sprarsi</span> <span class='ocrx_word' id='word_1_288' title='bbox 908 2594 932 2619; x_wconf 76' lang='lat' dir='ltr'>A</span> 
     </span>
    </p>
   </div>
   <div class='ocr_carea' id='block_1_14' title="bbox 1637 2550 1875 2577">
    <p class='ocr_par' dir='ltr' id='par_1_16' title="bbox 1637 2550 1875 2577">
     <span class='ocr_line' id='line_1_55' title="bbox 1637 2550 1875 2577; baseline 0 0"><span class='ocrx_word' id='word_1_289' title='bbox 1637 2550 1670 2577; x_wconf 79' lang='lat'>67</span> <span class='ocrx_word' id='word_1_290' title='bbox 1692 2552 1832 2577; x_wconf 77' lang='lat' dir='ltr'>choi-uscos</span> <span class='ocrx_word' id='word_1_291' title='bbox 1851 2551 1875 2576; x_wconf 84' lang='lat' dir='ltr'><strong><em>V</em></strong></span> 
     </span>
    </p>
   </div>
   <div class='ocr_carea' id='block_1_15' title="bbox 214 2685 1870 2773">
    <p class='ocr_par' dir='ltr' id='par_1_17' title="bbox 214 2685 1870 2773">
     <span class='ocr_line' id='line_1_56' title="bbox 317 2685 1870 2722; baseline 0.003 -12"><span class='ocrx_word' id='word_1_292' title='bbox 317 2685 421 2711; x_wconf 80' lang='lat'>48—-82</span> <span class='ocrx_word' id='word_1_293' title='bbox 446 2685 579 2718; x_wconf 75' lang='lat' dir='ltr'>Pleraque</span> <span class='ocrx_word' id='word_1_294' title='bbox 605 2689 712 2720; x_wconf 73' lang='lat' dir='ltr'>sumpta</span> <span class='ocrx_word' id='word_1_295' title='bbox 736 2695 749 2713; x_wconf 89' lang='lat' dir='ltr'>e</span> <span class='ocrx_word' id='word_1_296' title='bbox 769 2687 924 2714; x_wconf 73' lang='lat' dir='ltr'>Fortumato</span> <span class='ocrx_word' id='word_1_297' title='bbox 947 2689 1043 2722; x_wconf 74' lang='lat' dir='ltr'>(carm.</span> <span class='ocrx_word' id='word_1_298' title='bbox 1062 2689 1113 2716; x_wconf 84' lang='lat' dir='ltr'>V2</span> <span class='ocrx_word' id='word_1_299' title='bbox 1135 2692 1159 2715; x_wconf 75' lang='lat' dir='ltr'>et</span> <span class='ocrx_word' id='word_1_300' title='bbox 1175 2689 1256 2716; x_wconf 90' lang='lat' dir='ltr'>VIII</span> <span class='ocrx_word' id='word_1_301' title='bbox 1263 2690 1291 2722; x_wconf 87' lang='lat'>3)</span> <span class='ocrx_word' id='word_1_302' title='bbox 1314 2691 1336 2715; x_wconf 81' lang='lat' dir='ltr'>et</span> <span class='ocrx_word' id='word_1_303' title='bbox 1358 2688 1463 2715; x_wconf 78' lang='lat' dir='ltr'>Pseudo</span> <span class='ocrx_word' id='word_1_304' title='bbox 1471 2688 1610 2714; x_wconf 75' lang='lat' dir='ltr'>-Melitone</span> <span class='ocrx_word' id='word_1_305' title='bbox 1632 2689 1702 2722; x_wconf 58' lang='lat' dir='ltr'>(aq.</span> <span class='ocrx_word' id='word_1_306' title='bbox 1722 2688 1870 2722; x_wconf 80' lang='lat' dir='ltr'>Philippus</span> 
     </span>
     <span class='ocr_line' id='line_1_57' title="bbox 214 2736 1185 2773; baseline 0.007 -12"><span class='ocrx_word' id='word_1_307' title='bbox 214 2744 244 2762; x_wconf 85' lang='lat' dir='ltr'>os</span> <span class='ocrx_word' id='word_1_308' title='bbox 263 2736 455 2769; x_wconf 84' lang='lat' dir='ltr'>lampadarum</span> <span class='ocrx_word' id='word_1_309' title='bbox 474 2737 594 2771; x_wconf 62' lang='lat' dir='ltr'>spicileg.</span> <span class='ocrx_word' id='word_1_310' title='bbox 613 2738 718 2765; x_wconf 74' lang='lat' dir='ltr'>Solesm.</span> <span class='ocrx_word' id='word_1_311' title='bbox 739 2739 795 2765; x_wconf 91' lang='lat' dir='ltr'>III</span> <span class='ocrx_word' id='word_1_312' title='bbox 803 2740 876 2772; x_wconf 82' lang='lat'><strong><em>306).</em></strong></span> <span class='ocrx_word' id='word_1_313' title='bbox 965 2741 998 2767; x_wconf 81' lang='lat'>64</span> <span class='ocrx_word' id='word_1_314' title='bbox 1018 2741 1085 2768; x_wconf 77' lang='lat' dir='ltr'>Gen.</span> <span class='ocrx_word' id='word_1_315' title='bbox 1104 2742 1128 2773; x_wconf 81' lang='lat'>2,</span> <span class='ocrx_word' id='word_1_316' title='bbox 1146 2742 1185 2768; x_wconf 86' lang='lat'>13.</span> 
     </span>
    </p>
   </div>
  </div>
 </body>
</html>
