2060 3074
564 184 850 214 PRAEFATIONES.
886 187 932 214 DE
952 187 1095 215 SANCTA
1114 189 1326 217 TRINITATE.
1702 195 1762 225 741

450 269 506 300 VI.
531 270 650 303 Sextus
672 271 772 303 habet
795 272 884 304 Petri
907 274 1015 306 claves
1037 275 1214 317 laudesque
1237 276 1461 319 thronumque,

530 321 594 358 Qui
617 323 741 354 caelum
765 327 948 367 terramque
971 326 1051 368 ligat
1074 328 1231 370 solvitque
1254 331 1412 370 potenter.

431 398 505 431 VII.
530 400 693 442 Septimus
716 401 789 433 hinc
812 403 924 434 recinit
947 403 1076 436 Martini
1099 406 1328 447 pontificatum,

529 451 691 484 Praesulis
715 454 834 494 eximii,
858 457 927 486 toto
952 456 1006 497 qui
1029 457 1131 498 pollet
1152 458 1184 488 in
1209 458 1296 489 orbe.

323 529 508 563 VIII-XI.
530 529 676 566 Quatuor
697 530 770 562 hinc
793 541 917 573 pugnas
940 532 1015 564 fidei
1038 536 1196 566 testantur
1219 538 1260 575 et,
1285 546 1413 567 omnem

527 579 700 613 Perfidiam
725 583 911 624 extinctam,
934 585 1019 616 vires
1042 596 1241 628 regnumque
1265 587 1399 629 piorum.

428 658 503 690 XII.
528 657 649 689 Hostes
672 659 836 700 prosaicus
860 659 1026 692 duodenus
1049 661 1168 693 iudicat
1191 672 1264 694 acre

527 709 758 753 Ecclesiaeque
781 711 851 753 pios
874 722 1025 754 reparare
1049 713 1222 755 prophetat
1244 714 1408 747 honorem.

408 786 501 819 XIII.
525 787 673 829 Iungitur
695 787 769 820 huic
791 789 943 830 psalmus,
967 800 1095 832 prosam
1119 794 1193 833 post
1214 792 1344 824 ultimus
1368 795 1468 833 extat,

527 838 589 876 Qui
613 842 750 871 mortem
773 840 912 883 spondet
934 842 1080 883 reprobis
1104 845 1137 874 et
1159 843 1278 884 gaudia
1299 844 1399 876 iustis.

462 1014 636 1051 INCIPIT
663 1015 915 1051 PROEMIUM
943 1015 1117 1053 HORUM
1147 1017 1410 1056 LIBRORUM.

479 1089 626 1122 Audradi
647 1090 800 1122 miserere
823 1091 879 1130 tui,
903 1091 956 1133 qui
980 1102 1038 1134 per
1060 1093 1161 1124 crucis
1185 1104 1273 1125 aram

479 1141 616 1174 oblatus
638 1142 721 1185 patri
743 1142 861 1174 laxasti
883 1143 1015 1175 crimina
1038 1145 1156 1176 mundi.

479 1194 543 1230 Qui
565 1194 680 1226 cecinit
703 1195 784 1226 trino
808 1197 916 1226 ternos
938 1195 971 1226 in
994 1197 1123 1228 nomine
1145 1197 1254 1237 libros,

479 1245 635 1282 Quartum
658 1247 757 1278 natali
780 1247 871 1289 pueri
895 1247 1048 1290 verbique
1073 1248 1191 1280 dicavit

423 1311 434 1329 ⁵
478 1298 521 1330 Et
544 1299 688 1342 quintum
711 1299 803 1330 titulo
828 1299 912 1330 vitae
937 1299 977 1331 de
1001 1300 1090 1332 fonte
1113 1302 1245 1333 notavit.

477 1350 629 1382 Clavibus
651 1354 749 1393 atque
773 1351 887 1382 throno
911 1351 1001 1383 Petri
1023 1355 1149 1384 sextum
1173 1353 1347 1391 decoravit,

479 1401 659 1445 Septimum
682 1406 715 1434 et
737 1403 861 1434 ornavit
884 1402 1013 1434 Martini
1035 1404 1232 1446 pontificatu,

477 1453 647 1494 Octavum,
671 1465 799 1494 nonum,
825 1453 994 1495 decimum,
1018 1455 1222 1488 undecimum
1245 1456 1360 1488 Iuliani

475 1505 640 1548 Mai-tyrio,
662 1516 759 1537 verae
782 1505 858 1538 fidei
879 1506 1084 1548 archanoque
1107 1506 1204 1539 fideli.

410 1570 436 1589 ιο
478 1557 529 1590 De
553 1568 654 1600 grege
677 1557 806 1590 Martini
827 1559 937 1600 magni
960 1559 1116 1591 ecclesiae
1139 1559 1334 1595 Turonensis

477 1609 641 1642 Praesulis
664 1620 707 1642 ex
729 1613 805 1642 voto
830 1610 994 1642 Senonum
1016 1610 1264 1654 chorepiscopus
1287 1611 1373 1644 idem

475 1661 701 1704 Praeeipiente
726 1661 788 1694 deo
811 1665 885 1705 post
907 1662 967 1694 hos
989 1663 1115 1705 scripsit
1138 1663 1332 1704 duodenum,

477 1712 549 1750 Quo
573 1713 669 1746 docet
690 1713 835 1746 inducias
858 1714 1047 1746 mortalibus
1071 1725 1142 1746 esse
1166 1714 1317 1747 decennis

476 1764 646 1808 Temporis
668 1765 808 1798 indultas
833 1769 866 1797 et
887 1766 1026 1808 plurima
1049 1765 1134 1798 diota
1157 1768 1326 1808 monentis,

410 1828 434 1848 ιε»
478 1816 608 1849 Plenius
630 1820 666 1849 ut
688 1817 760 1849 libri
783 1821 892 1849 textus
915 1818 997 1849 haec
1019 1818 1090 1860 ipsa
1112 1821 1262 1850 retentat.

474 1868 570 1900 Hunc
592 1869 734 1912 psalmus
757 1870 910 1912 sequitur,
934 1880 1062 1912 prosam
1084 1873 1158 1912 post
1179 1870 1309 1902 ultimus
1332 1874 1431 1903 extat.

474 1919 507 1952 Is
529 1924 655 1964 septem
677 1921 794 1953 vitulos
817 1921 938 1953 domini
959 1922 1113 1953 mactavit
1134 1922 1167 1953 in
1190 1932 1262 1953 ara:

474 1971 524 2004 Tu
546 1973 673 2005 veniam
697 1973 850 2014 tribuens,
873 1973 1151 2015 indulgentissime
1175 1973 1312 2013 Christe,

474 2023 552 2056 Eius
574 2025 606 2056 in
629 2027 796 2057 aeternum
818 2025 860 2057 sis
883 2025 998 2068 portio,
1024 2035 1226 2068 quaesumus.
1272 2036 1377 2059 amen.

738 2191 914 2228 INCIPIT
941 2191 1132 2228 PRIMUS.

476 2265 535 2307 Te,
558 2266 686 2308 genitor
707 2254 808 2306 verbi,
832 2276 956 2306 summo
979 2265 1110 2298 deitatis
1131 2267 1254 2298 honore

474 2317 547 2349 Non
571 2317 664 2350 aliter
688 2317 797 2350 decuit
819 2321 928 2350 natum
953 2318 1112 2360 genuisse,
1137 2318 1195 2350 sed
1217 2328 1367 2360 aequum,

213 2465 262 2489 ΧΠ
277 2464 289 2490 1
309 2463 482 2499 *pronaiquu
501 2465 525 2491 0
572 2465 670 2490 indicat
687 2464 710 2490 Ο
725 2473 792 2490 corr.
809 2464 971 2490 Waltenbach
1040 2463 1057 2488 2
1075 2464 1130 2497 pios
1147 2464 1183 2489 sic
1202 2463 1224 2489 0
1309 2463 1398 2489 XIIII
1417 2462 1515 2497 *prosa
1534 2465 1556 2490 O
1621 2464 1639 2490 2
1657 2463 1753 2498 *spon-

110 2505 172 2532 dont
189 2506 212 2532 C
310 2506 320 2540 ΙΙ
338 2506 354 2533 7
371 2509 548 2542 pontificatum
579 2509 602 2534 0
621 2517 688 2534 corr.
713 2508 874 2534 Gaudentius
953 2507 970 2532 8
997 2505 1112 2533 *nonum
1137 2506 1274 2541 decimum]
1294 2527 1300 2532 .
1319 2508 1426 2532 XVIIII.
1456 2507 1478 2533 Ο
1554 2507 1570 2532 9
1594 2508 1710 2533 Mai-tirio
1734 2508 1757 2534 0

144 2549 306 2583 “ebenoque
323 2551 360 2576 εἰσ
372 2551 395 2577 0
462 2551 493 2577 11
507 2560 632 2578 senonum
650 2560 694 2577 cor
711 2552 848 2584 episcopus
865 2551 901 2576 tic
915 2551 937 2576 0
1004 2550 1036 2576 13
1048 2549 1175 2577 *decenni
1190 2551 1212 2576 0
1280 2549 1313 2576 14
1330 2551 1443 2576 indultas
1460 2551 1496 2576 sic
1509 2550 1532 2575 0
1564 2549 1720 2576 *momentis
1734 2552 1756 2576 Ο

112 2589 144 2616 16
161 2590 257 2626 *prou
275 2593 298 2619 Ο
392 2592 422 2620 17
439 2593 508 2619 'His
527 2594 550 2620 Ο
607 2594 704 2620 uitulos
722 2594 758 2619 εἰσ
777 2594 813 2619 0:
831 2594 865 2627 cf.
884 2593 960 2618 Num.
974 2594 1015 2624 23,
1027 2596 1041 2618 1
1138 2592 1169 2619 18
1187 2594 1237 2618 'rui
1261 2592 1283 2618 0
1297 2602 1364 2618 corr.
1385 2593 1545 2619 Gaudentius
1640 2593 1671 2619 19
1689 2595 1753 2620 Eius

109 2633 147 2660 n'e
165 2635 188 2662 0
236 2637 271 2662 sis
288 2637 324 2662 εἰσ
343 2637 366 2663 Ο
413 2635 616 2671 *que-umanum
637 2638 673 2663 cic
692 2637 714 2662 O
797 2635 807 2669 Η
823 2637 913 2670 incipit
930 2637 1027 2670 primus
1046 2636 1138 2662 addidi
1224 2636 1237 2662 1
1258 2635 1318 2662 *Do
1337 2636 1359 2662 Ο

212 2720 264 2748 vn
283 2721 387 2749 Badara
409 2722 550 2757 bremio
571 2722 602 2748 in
624 2722 714 2749 codice
734 2721 894 2756 Phillimt'co
915 2721 1031 2748 carmini
1044 2708 1216 2755 praefiyitur,
1238 2720 1310 2754 quod
1325 2720 1360 2747 ῶί
1377 2723 1476 2754 exstat,
1504 2721 1534 2748 in
1553 2722 1656 2749 honore
1675 2721 1752 2749 beati

110 2769 233 2804 latini,
249 2780 335 2807 napta
347 2781 412 2808 pay.
424 2774 466 2801 86.
536 2773 602 2801 VIII
618 2775 640 2801 1.
652 2774 670 2800 2
687 2782 796 2801 omnem
815 2773 958 2808 perfidiam
972 2773 1125 2800 extinctam
1141 2772 1308 2800 accueatimas
1326 2772 1463 2800 absolvam
1479 2776 1524 2807 est,
1542 2776 1574 2800 ut
1590 2773 1667 2807 infra
1684 2774 1753 2802 1118

18 2846 58 2852 ,
109 2823 226 2850 mortem
243 2826 424 2859 peremptam,
441 2825 476 2859 of.
490 2824 554 2860 paq:
567 2826 599 2852 τι
618 2825 682 2852 adn.
694 2826 720 2852 2.

212 2874 317 2903 Pon-u
334 2884 418 2904 urm
435 2885 493 2904 uvi
512 2876 635 2911 cinnum
654 2876 702 2909 111,
714 2878 739 2904 2.
1513 2876 1548 2902 94
