2040 2996
253 89 314 119 202
811 88 955 117 SEDULII
975 90 1102 117 SCOTTI
1122 90 1289 119 CARMINA
1308 91 1342 119 II.

1015 188 1143 210 XXXVIII.

558 240 619 271 AD
645 240 835 273 EUNDEM
860 242 1177 274 EBERHARDUM
1201 243 1261 274 DE
1287 243 1409 276 NATO
1434 244 1598 276 PUERO.

618 300 806 333 Altithrono
830 302 963 333 ferimus
988 306 1107 344 grates,
1131 303 1184 345 qui
1208 307 1327 335 cuncta
1349 304 1513 344 reformat,

666 352 745 393 Nos,
768 353 961 392 Eberharde
985 358 1074 386 sator
1097 354 1256 397 Gislaque
1280 355 1368 387 clara
1391 366 1526 398 parens;

618 404 754 436 Inclitus
778 408 876 447 atque
900 417 1000 438 novus
1025 406 1110 448 quod
1133 407 1224 438 vobis
1248 407 1402 449 parvulus
1426 411 1515 439 ortus

673 455 820 497 (Florida
844 468 919 499 spes
944 458 1043 490 saecli
1067 458 1267 500 pulchraque
1291 469 1421 500 gemma
1444 459 1530 501 soli),

556 513 567 530 ⁵
618 506 785 538 Nobilium
809 507 958 540 dominus
983 509 1130 551 respexit
1153 513 1230 540 vota
1252 513 1434 552 parentum,

668 558 813 595 Quorum
838 559 1022 591 transibant
1045 564 1134 592 astra
1158 571 1300 603 superna
1324 572 1449 604 preces.

620 610 798 653 Postquam
822 611 973 643 lucifluae
998 612 1140 644 Solimae
1166 613 1400 644 conscenderat
1423 624 1542 649 arcem,

668 661 731 698 Qui
756 663 863 695 suerat
886 663 980 695 vobis
1005 665 1159 706 parvulus
1184 665 1239 696 ille
1265 665 1364 707 prior,

621 715 817 747 Maerebant
840 717 958 756 cuncti,
984 716 1070 758 quod
1095 728 1171 759 spes
1195 717 1308 749 ablata
1331 721 1514 760 parentum,

539 774 563 792 ¹⁰
666 766 770 806 Quod,
794 768 956 810 paradise,
981 772 1055 800 tuus
1081 770 1235 801 flosculus
1260 770 1428 807 occubuit;

621 820 697 862 Ipse
721 820 778 852 sed
802 821 955 863 astrigeri
978 821 1181 853 transcendit
1205 822 1333 854 culmen
1357 822 1488 865 Olimpi,

667 871 759 903 Inter
780 875 812 903 et
835 873 975 904 infantes
1000 884 1085 904 nunc
1108 874 1222 905 niveus
1247 874 1372 905 rutilat:

624 924 774 955 Ornastis
799 925 908 956 caelos
933 926 980 956 sic
1004 929 1114 957 vestra
1138 926 1227 968 prole
1250 926 1350 958 beata
1375 945 1414 949 —

670 976 809 1016 Felices,
834 977 933 1008 talem
957 978 1011 1020 qui
1036 988 1180 1020 genuere
1203 988 1321 1009 rosam.

540 1035 562 1054 ¹⁵
617 1028 679 1060 Ast
702 1039 769 1068 VOS,
794 1029 928 1071 egregii,
953 1040 1038 1061 nune
1063 1029 1275 1072 congaudete,
1300 1033 1463 1072 parentes,

670 1080 786 1112 Altera
809 1080 893 1122 quod
918 1081 1047 1113 soboles
1072 1085 1123 1114 est
1146 1085 1304 1114 renovata
1327 1082 1402 1114 deo:

622 1131 742 1163 Inclita
767 1132 928 1172 nobilitas,
954 1144 1029 1175 spes
1053 1133 1201 1172 candida,
1225 1134 1329 1176 patris
1353 1134 1471 1176 imagO,

669 1183 825 1225 Optatum
851 1194 978 1224 munus,
1003 1185 1129 1226 palmes
1154 1188 1187 1216 et
1210 1185 1379 1227 egregius;

626 1235 687 1266 Oui
710 1235 907 1280 Ludewicus
932 1247 1013 1268 avus
1038 1237 1229 1279 praecelsus
1253 1237 1377 1269 Caesar
1400 1237 1432 1269 in
1457 1238 1536 1270 orbe

540 1293 564 1312 20
667 1286 796 1319 Emicat
819 1291 958 1330 augusto
984 1289 1122 1320 semine:
1147 1289 1190 1320 nil
1216 1300 1316 1332 super
1339 1293 1399 1321 cst.
1424 1309 1465 1312 —

625 1339 734 1379 Salve,
759 1351 859 1382 parve
883 1351 974 1382 puer,
999 1340 1095 1372 nobis
1119 1341 1153 1372 in
1176 1341 1298 1383 gaudia
1323 1341 1453 1380 donum,

671 1390 817 1422 Candide
841 1391 900 1422 flos
924 1391 1049 1429 Gislae,
1074 1395 1108 1423 tu
1131 1392 1288 1434 genitoris
1313 1404 1413 1424 amor.

623 1443 737 1485 Incipe
763 1442 915 1475 nobiliter
939 1444 1126 1486 praeclaros
1151 1444 1278 1476 discere
1301 1455 1419 1484 mores,

668 1494 754 1526 Hinc
778 1495 910 1526 alleluia
934 1495 1071 1538 pulchra
1095 1496 1217 1528 labella
1241 1499 1367 1534 sonent,

542 1554 567 1571 ⁰5»
623 1546 816 1578 Florescant
840 1548 947 1579 animo
972 1548 1128 1580 melliflua
1152 1548 1305 1590 dogmata
1329 1548 1460 1587 Christi,

670 1599 708 1630 In
732 1599 852 1631 tabulis
876 1600 982 1631 cordis
1005 1604 1117 1632 saneta
1141 1600 1257 1643 sophia
1280 1601 1378 1632 micet
1402 1619 1442 1623 —-

623 1650 677 1682 Sic
703 1654 776 1682 tuus
801 1652 990 1694 ensipotens
1014 1653 1143 1694 genitor
1166 1653 1347 1695 puerilibus
1371 1653 1465 1684 annis

669 1701 786 1734 Almae
812 1702 949 1744 sophiae
974 1715 1067 1735 sacra
1090 1704 1213 1735 fluenta
1236 1704 1327 1736 bibit.

623 1753 714 1792 Esto,
739 1758 875 1786 venuste
900 1765 990 1797 puer,
1015 1755 1129 1788 vivens
1153 1756 1304 1799 felicibus
1328 1756 1421 1787 annis

539 1813 564 1830 ³⁰
668 1805 839 1838 Ecclesiae
862 1809 950 1838 tutor
973 1807 1083 1850 sisque
1109 1809 1230 1850 sagitta
1254 1811 1384 1850 potens:

624 1858 677 1890 Sic
701 1858 761 1890 tibi
787 1859 957 1901 contingat
980 1860 1187 1902 praefulgida
1209 1859 1312 1902 gloria
1336 1859 1446 1898 saecli,

669 1910 808 1952 Amplus
833 1911 937 1943 honor
959 1911 1062 1953 patris
1086 1922 1164 1943 mox
1188 1911 1287 1943 decus
1312 1922 1406 1943 omne
1430 1910 1488 1942 tui.

623 1961 825 1993 Francorum
849 1960 990 2006 populus
1010 1964 1152 1996 laetetur
1175 1966 1208 1995 te
1233 1963 1316 1995 duce
1341 1964 1438 2002 claro,

671 2014 757 2046 Olim
783 2018 815 2047 te
839 2015 971 2047 domino
997 2016 1141 2058 gaudeat
1166 2016 1316 2048 ecclesia.

539 2074 563 2091 ³⁵
618 2066 714 2097 Doxa
736 2067 941 2110 triumphalis
965 2079 1126 2110 spargens
1150 2068 1182 2100 in
1206 2068 1316 2100 sidera
1340 2078 1470 2106 nomen,

670 2118 722 2150 Sis
746 2119 845 2151 decus
869 2119 901 2151 in
925 2123 1013 2152 terra
1037 2120 1189 2162 claraque
1213 2120 1309 2152 stella
1332 2120 1419 2162 polo.

1032 2225 1140 2248 xxxix.

255 2277 317 2308 AD
331 2276 944 2320 PRAEFATUMEBERHARDUM
961 2279 1224 2312 GLORIOSUM
1238 2278 1444 2312 OOMITEM
1460 2278 1653 2310 METRUM
1671 2278 1912 2311 SAPHIGUM.

319 2337 430 2369 Mente
455 2338 615 2369 laetamur
639 2338 745 2370 subito
770 2349 900 2370 serena:
1123 2348 1134 2365 ⁵
1171 2341 1296 2372 Nobilis
1320 2351 1450 2382 gemma
1473 2340 1697 2382 ecclesiaeque
1722 2343 1817 2380 tutor,

317 2389 400 2420 Nam
427 2389 511 2421 redit
535 2389 623 2421 sidus
647 2389 770 2432 pietate
795 2390 924 2432 fulgens
1172 2392 1311 2424 Nescius
1336 2392 1431 2430 vinci,
1456 2391 1596 2422 domitor
1620 2391 1776 2423 malorum

317 2441 422 2479 Nunc,
439 2440 640 2480 Eberharde,
654 2441 698 2483 <ο>
713 2441 814 2473 decus
831 2445 928 2484 atque
946 2443 1082 2486 lampas,
1174 2445 1223 2475 Ae
1247 2444 1320 2486 pius
1346 2443 1442 2475 heros
1467 2442 1614 2474 bonitate
1637 2443 1767 2485 plenus,

459 2493 573 2524 Victor
595 2493 740 2526 inormis.
1317 2495 1436 2527 Omnia
1458 2505 1608 2536 magnus,

358 2587 487 2622 [xxxvm.]
507 2590 546 2614 ed.
560 2588 713 2614 Duemmler
725 2590 786 2614 ibid.
798 2599 825 2622 p.
841 2588 891 2614 180
902 2599 937 2622 oq.
1028 2590 1060 2615 10
1075 2591 1200 2624 paradyso
1211 2591 1309 2624 passim
1321 2591 1343 2616 C
1426 2590 1460 2616 24
1471 2590 1564 2616 *Nunc
1577 2591 1599 2616 0
1682 2590 1716 2616 29
1735 2593 1795 2617 Este
1809 2591 1832 2617 Ο
1845 2601 1913 2617 eorr-

256 2631 404 2656 Duemmler
491 2632 526 2657 30
544 2633 625 2665 sagita
640 2634 662 2657 C
746 2632 780 2658 36
802 2634 919 2666 polorum
937 2643 1004 2659 corr.
1020 2634 1042 2659 Ο
1162 2633 1273 2667 [xxxix]
1292 2635 1331 2660 ed.
1352 2633 1504 2659 Duemmler
1522 2634 1583 2659 ibid.
1597 2643 1626 2668 p.
1642 2634 1691 2659 182
1702 2643 1754 2668 sqq.
1807 2627 1883 2662 ME'F
1895 2635 1918 2661 G

252 2673 268 2698 3
286 2673 317 2698 *ο
336 2683 383 2699 om.
400 2675 422 2699 O
509 2674 526 2700 4
544 2674 586 2700 *in
605 2677 684 2701 armis
698 2677 720 2701 Ο
734 2678 775 2709 qsr
801 2677 876 2710 infra
895 2677 971 2708 XLI,
989 2676 1024 2702 30

358 2742 467 2776 [xxxix]
483 2742 537 2774 Cfr.
551 2742 706 2770 Daemmler
726 2745 742 2770 l.
761 2752 782 2770 c.
803 2744 860 2770 104.
