2040 2996
671 147 718 174 DE
737 146 967 175 RECTORIBUS
986 147 1226 175 CHRISTIANIS.
1714 151 1773 181 155

930 271 971 293 111.

487 321 640 364 Quisquis
664 321 809 364 florigeri
831 323 997 364 sceptrum
1019 321 1084 353 fert
1106 321 1213 354 nobile
1237 323 1339 365 regni,

533 373 679 405 Primum
703 373 899 405 celsithrono
922 375 997 405 vota
1020 381 1202 416 precesque
1226 374 1320 408 ferat.

486 426 525 457 In
548 426 640 458 cuius
664 435 757 457 sacro
781 428 858 457 sunt
881 424 991 456 omnia
1013 424 1146 457 numine
1171 428 1300 468 sceptra

532 477 576 509 Et
598 488 664 520 pax
687 477 855 518 nobilium,
879 477 946 508 vita
968 477 1123 520 salusque
1149 476 1277 509 ducum.

421 537 432 555 ⁵
486 529 570 561 Nam
593 530 705 572 regale
729 529 830 561 decus
854 528 986 561 radians
1010 528 1225 571 diademaque
1249 531 1341 572 regni

533 580 595 613 Est
616 581 713 613 timor
735 580 912 621 altithroni,
938 583 1070 612 sanctus
1094 591 1248 622 amorque
1272 581 1336 613 dei.

484 632 570 664 Lilia
591 632 778 674 florigerum
800 634 933 663 comunt
955 641 1016 663 ceu
1038 631 1145 664 lactea
1168 642 1328 674 campum,

531 683 578 716 Ut
599 694 676 716 rosa
698 683 829 726 punicei
853 683 1031 715 schematis
1055 693 1111 714 ore
1134 682 1243 715 rubet:

485 736 540 768 Sic
562 736 667 768 iustus
691 738 797 768 rector
819 735 975 767 virtutum
999 735 1077 767 flore
1100 735 1242 775 virescit,

405 796 430 815 ¹⁰
536 788 706 820 Germinat
727 798 767 820 ac
788 787 914 820 fructus
936 787 1055 819 mentis
1078 788 1112 819 in
1135 798 1210 820 aree
1234 798 1355 820 sacros.

484 840 628 872 Pulchra
651 839 859 872 Salomonem
882 839 1052 872 decoravit
1073 849 1217 882 purpura
1240 850 1352 882 regem

531 892 602 924 Nec
624 903 690 924 non
712 891 851 925 Davidis
874 891 999 934 fulgida
1021 894 1153 934 sceptra
1175 892 1291 934 patris;

484 945 552 977 Sed
575 944 680 986 magis
702 943 839 976 interius
862 943 1006 986 prudens
1029 943 1160 976 devotio
1184 943 1292 976 cordis

530 996 668 1029 Ornavit
691 996 843 1028 iuvenem
866 995 1075 1038 glorificando
1097 995 1205 1028 deum.
1232 1014 1271 1019 —

405 1056 428 1075 ¹⁵
481 1049 590 1080 Instar
611 1047 756 1079 Luciferi
779 1047 882 1079 niteat
904 1057 957 1079 res
981 1047 1113 1090 publica
1134 1048 1236 1079 vestri

530 1099 721 1142 Exortuque
744 1109 828 1131 novo
852 1098 1024 1142 splendida
1051 1102 1128 1132 vota
1150 1103 1253 1142 gerat.

912 1219 966 1241 1111.

483 1269 546 1306 Qui
569 1269 654 1312 regit
676 1269 814 1302 affectus
838 1269 947 1309 animi,
970 1279 1031 1302 rex
1055 1269 1126 1302 iure
1150 1272 1284 1302 vocatur

530 1321 583 1359 Et,
607 1321 714 1353 fluxas
737 1321 844 1353 carnis
868 1321 924 1364 qui
947 1320 1059 1353 domat
1080 1321 1262 1354 illecebras.

483 1371 648 1413 Quamvis,
672 1372 728 1415 qui
751 1371 876 1404 fulvum
900 1375 1034 1415 superat
1056 1372 1176 1405 virtute
1198 1373 1340 1413 leonem,

528 1423 602 1456 Rex
624 1426 737 1456 teneat
761 1424 884 1456 clarum
907 1424 1013 1456 laudis
1035 1424 1159 1457 honore
1182 1425 1291 1457 locum
1315 1444 1354 1448 -

417 1483 428 1501 ⁵
481 1475 540 1507 Set
562 1475 636 1518 plus
661 1478 713 1508 est
734 1475 868 1507 laudum
891 1475 995 1508 fastus
1020 1476 1148 1508 calcare
1171 1475 1342 1519 superbos,

528 1526 614 1559 Iram
638 1537 698 1559 ceu
720 1526 868 1559 rabidam
891 1526 1061 1559 mitificare
1084 1527 1198 1560 feram.

481 1578 622 1621 Magnus
645 1581 679 1611 et
702 1579 759 1611 ille
782 1579 863 1611 cluit
886 1589 1003 1611 saevos
1025 1579 1079 1622 qui
1102 1579 1231 1612 triverit
1253 1579 1376 1620 hostes,

526 1629 687 1672 Lauriger
709 1640 748 1662 ac
771 1629 876 1662 victor
899 1630 987 1663 clara
1010 1631 1149 1674 trophea
1172 1632 1274 1664 refert
1297 1651 1338 1656 —

482 1681 597 1714 Gloria
619 1681 679 1714 sed
700 1681 819 1714 maior:
843 1685 1008 1726 comptum
1033 1683 1231 1716 caelestibus
1254 1685 1354 1716 armis

409 1741 434 1760 ιο
533 1733 657 1766 Hostes
679 1743 795 1766 aereos
818 1734 951 1766 vincere
973 1744 1070 1778 posse
1092 1734 1220 1768 ducem.

482 1785 542 1818 Est
564 1785 670 1828 magis
692 1786 863 1829 imperium
886 1790 1031 1819 mentem
1054 1786 1184 1820 frenare
1208 1798 1267 1831 per
1290 1791 1404 1828 artem,

530 1837 636 1875 Quam
661 1838 688 1870 si
711 1838 784 1880 quis
807 1837 930 1871 habeat
953 1839 1091 1882 triplicis
1114 1839 1201 1872 orbis
1225 1850 1324 1883 opes:

481 1889 565 1922 Nam
588 1890 745 1933 templum
769 1889 892 1923 domini
916 1891 994 1923 iusti
1018 1902 1110 1924 mens
1134 1891 1226 1934 regia
1248 1892 1363 1934 fulget,

528 1941 583 1973 Fit
605 1941 742 1974 thronus
765 1943 890 1975 excelsi
913 1942 1031 1975 iudicis
1053 1943 1126 1986 ipsa
1149 1943 1211 1983 dei,

404 2000 428 2019 1⁵
482 1992 630 2026 Comitur
652 1993 708 2026 illa
730 1994 845 2027 domus
868 1995 954 2027 flavo
978 1995 1158 2038 speciosior
1180 2006 1268 2036 auro,

527 2045 676 2078 Iustitiae
700 2046 803 2079 solem
826 2046 949 2089 gaudet
971 2047 1096 2080 habere
1120 2058 1225 2080 suum,

931 2165 961 2188 V.

479 2213 547 2246 Ceu
570 2216 661 2247 rotae
685 2215 796 2258 cyclus
820 2215 920 2248 celeri
944 2226 1079 2248 recursu

479 2265 639 2307 Volvitur,
663 2264 807 2299 summas
830 2267 1040 2310 reprimitque
1064 2267 1106 2299 ad
1129 2267 1205 2307 ima,

477 2317 567 2354 Quas
590 2321 676 2350 rotat
698 2321 809 2362 partes
831 2319 981 2363 rapidum
1004 2330 1064 2362 per
1086 2330 1193 2359 axem,

667 2369 870 2403 Mobilitate:

220 2481 276 2516 [ιιι]
295 2482 313 2509 3
330 2487 391 2509 sunt
409 2491 480 2509 mro
492 2482 518 2508 P
530 2483 688 2523 ενοσιφοιξιᾱ
706 2482 795 2508 Maius
882 2481 897 2508 7
915 2483 1044 2509 florierum
1058 2482 1083 2507 Ρ
1095 2489 1162 2508 corr.
1182 2482 1270 2507 Maius
1356 2481 1373 2507 8
1391 2482 1526 2507 schematis
1540 2482 1566 2507 P
1575 2482 1620 2507 sed
1633 2482 1767 2508 Sedunum

116 2526 235 2551 momnis
254 2526 383 2559 :eripuisse
395 2530 460 2559 puto
545 2525 562 2551 9
580 2530 663 2552 rector
680 2526 725 2551 ned
739 2526 842 2559 ptmctw
857 2530 946 2559 postea
965 2526 1053 2552 delean
1066 2526 1091 2550 P
1177 2524 1210 2550 10
1226 2524 1376 2550 *Gon-minat
1391 2529 1421 2551 ut
1433 2525 1458 2550 1⁷
1481 2525 1614 2551 Germinet
1632 2530 1662 2551 ut
1680 2526 1768 2552 Maius

118 2567 151 2594 13
167 2569 274 2595 dononio
291 2573 314 2594 a
331 2570 395 2595 talia
413 2578 511 2603 temper·
524 2568 550 2594 P
652 2561 714 2602 '[v.]
735 2569 747 2594 1
767 2570 848 2595 ciclus
866 2578 964 2602 semper
975 2569 1000 2594 P
1084 2567 1102 2594 4
1120 2569 1242 2594 Mobilate
1255 2568 1280 2594 P
1295 2577 1362 2594 corr.
1375 2568 1463 2594 Maius

219 2644 276 2679 [ιιι]
288 2646 306 2672 5
315 2645 380 2671 Md.
391 2644 449 2678 IX,
461 2645 513 2672 689
526 2645 561 2671 Et
572 2645 668 2680 regale
679 2645 771 2672 decus.
876 2645 944 2679 [nur]
961 2645 973 2671 1
989 2644 1065 2671 met.
1083 2644 1113 2678 V,
1125 2644 1150 2678 2,
1160 2644 1177 2670 8
1187 2643 1364 2678 Affectusque
1374 2644 1470 2671 animi.
1548 2644 1565 2671 3
1575 2644 1643 2671 Aen.
1653 2644 1675 2670 I
1678 2645 1706 2679 V,
1718 2645 1768 2672 159

118 2695 223 2723 fulvum
247 2695 413 2723 descendere
438 2697 533 2723 monte
555 2696 671 2724 leonem.
763 2697 781 2722 8
808 2695 884 2723 Fors.
903 2695 968 2729 III,
987 2697 1015 2727 9,
1037 2696 1071 2722 86
1096 2695 1218 2730 Belliger
1239 2695 1275 2722 ad
1297 2696 1389 2722 caelos
1415 2696 1509 2731 ampla
1534 2697 1650 2730 tropaea
1674 2696 1768 2723 refers.

117 2747 134 2774 9
150 2747 279 2775 Amet-n.
297 2747 370 2775 laud.
380 2748 445 2782 virq-
455 2754 474 2775 e.
485 2756 509 2783 9.
522 2748 572 2776 361
594 2748 680 2775 fretus
693 2748 860 2775 caelestibus
878 2748 970 2775 armis.
1051 2748 1084 2774 15
1094 2747 1195 2775 flavum
1205 2756 1303 2774 aurum
1320 2747 1510 2782 Veryilianum.
1524 2747 1584 2774 Art.
1596 2756 1647 2774 am.
1662 2748 1701 2781 II,
1714 2748 1767 2774 299

117 2799 264 2834 pretiosior
281 2807 357 2826 auro.

1511 2845 1566 2873 20*
