2040 2996
805 120 911 148 LIBER
931 119 1075 148 PRIMUS.
1717 127 1754 159 21

384 215 422 234 ⁵60
543 203 706 251 Tempore
729 206 901 239 concilium
920 204 1039 239 'statuit
1062 218 1121 240 rex
1145 210 1302 242 nam1sub
1326 210 1455 242 eodem:

478 260 820 299 Pontifices‘veniunt‚
844 260 982 291 veniunt
1005 261 1100 292 simul
1124 261 1266 304 undique
1288 263 1412 305 plebes,

479 312 682 344 Theodricus
705 312 815 343 clarus
838 312 1002 354 princeps,
1025 311 1189 344 Ebroinus
1213 317 1246 344 et
1268 314 1365 345 idem.

478 364 554 396 Huc
578 364 677 396 etiam
701 363 791 395 venit
813 373 992 405 properans
1016 364 1171 406 expulsor
1192 368 1340 407 uterque,

477 415 698 457 Wagemarus
721 415 825 446 fallax
848 425 909 446 nec
932 425 997 446 non
1021 419 1054 447 et
1076 415 1185 447 Diddo
1209 417 1379 458 malignus,

381 472 419 494 δεῖ»
477 466 671 509 Wagemari
695 467 807 503 sotius,
831 466 941 508 parilis
965 477 1045 508 quos
1068 467 1165 509 culpa
1187 468 1311 510 ligavit.

420 521 424 529 ¹
479 518 688 551 Conveniunt
710 518 776 557 alii,
800 518 899 549 velox
922 528 1001 560 quos
1025 519 1105 550 ultio
1129 519 1221 550 iuxta

477 570 576 603 Haud
599 570 722 613 inpune
745 570 830 602 tulit.
854 569 983 601 Primus
1007 569 1172 612 proiectus
1195 571 1236 602 ab
1260 571 1315 603 illo

478 623 625 656 Concilio
649 623 820 665 factusque
843 632 919 653 reus
942 622 1007 653 iam
1030 621 1138 653 Diddo
1162 622 1278 654 ruebat

479 675 613 714 Milibus
637 675 761 714 irrisus,
785 677 893 705 vatem
918 674 972 715 qui
997 673 1076 706 sede
1100 674 1214 706 reiecit

341 750 349 752 ν
381 734 457 753 θῖν’
477 727 506 759 Ε
530 726 662 770 propria
685 725 859 768 quondam,
884 728 918 757 et
940 725 1113 757 damnatur
1135 725 1279 768 proditor
1301 737 1424 758 amens.

478 779 560 811 Inde
583 779 683 811 etiam
706 778 830 810 meritis
853 777 1031 820 depellitur
1054 778 1131 810 exul
1155 778 1196 809 ab
1220 779 1283 809 oris

476 831 638 863 Dulcibus
661 834 695 863 et
717 830 830 862 mortis
853 830 1010 861 miserum
1034 830 1198 861 sententia
1221 830 1346 861 multat.

477 881 658 925 Wagemar
679 881 796 913 infelix
820 880 917 912 simili
940 879 1089 912 deiectus
1113 880 1234 912 honore

476 934 560 966 Tum
583 933 745 976 sequitur:
770 932 878 964 socius
902 932 1037 964 sceleris
1061 942 1120 964 seu
1142 932 1250 964 fautor
1271 932 1400 974 iniquus

381 994 418 1012 ⁵⁷⁵
475 986 614 1018 Exstitit
637 986 670 1017 in
693 995 794 1017 causa
816 984 910 1020 iusti;
934 984 989 1026 qui
1012 984 1152 1026 denique
1176 984 1278 1016 fertur

476 1037 679 1070 Verberibus
702 1037 797 1068 trinis
819 1036 977 1075 trucibus,
1001 1046 1097 1078 quem
1120 1036 1219 1068 factio
1242 1036 1347 1068 cernit

477 1089 630 1132 Turpiter
652 1088 806 1121 affectum
830 1087 956 1131 poenis,
980 1087 1035 1130 qui
1058 1087 1196 1130 sumpsit
1218 1087 1373 1118 honorem

476 1141 660 1174 Inmeritus.
706 1139 796 1172 Nutu
819 1139 937 1171 summi
959 1139 1096 1171 rectoris
1120 1138 1251 1181 Olympi

477 1193 632 1226 Creditur
653 1192 821 1224 effectum:
845 1201 922 1223 nam
945 1190 1102 1234 posthaec
1126 1193 1258 1232 guttura
1281 1190 1383 1221 nectit

381 1254 419 1272 ⁵⁸⁰
478 1245 599 1278 Infelix
621 1245 750 1286 laqueo,
773 1243 888 1275 mortis
911 1242 1098 1286 properavit
1121 1242 1161 1274 ad
1184 1242 1314 1273 umbras

476 1298 732 1339 Tartareumque
757 1296 840 1339 petit
863 1295 975 1327 sedem
998 1295 1153 1327 multatus
1176 1305 1295 1326 amare.

476 1349 549 1382 Hac
572 1348 723 1382 mercede
746 1359 820 1380 suos
843 1347 1006 1380 Ebroinus
1029 1347 1129 1379 donat
1152 1347 1282 1385 amicos,

476 1402 541 1439 Qui
564 1405 673 1433 vatem
696 1400 829 1444 propria
852 1400 974 1432 iustum
998 1399 1038 1431 de
1061 1398 1140 1431 sede
1165 1399 1279 1430 tulere.

474 1454 570 1486 Nunc
595 1456 744 1486 extrema
766 1454 900 1484 manent
921 1452 1007 1483 iusto
1031 1451 1207 1483 certamina
1231 1450 1360 1492 palmae

380 1513 418 1532 ⁵⁸⁵
476 1503 727 1548 Exsuperanda,
751 1503 870 1546 quibus
893 1503 958 1535 iam
982 1503 1087 1534 victor
1109 1502 1234 1534 scandit
1257 1501 1441 1544 Olympum.

475 1556 614 1589 Ducitur
637 1567 656 1588 e
679 1555 840 1595 claustris,
865 1554 986 1587 strictis
1009 1554 1126 1597 quibus
1150 1556 1227 1585 ante
1250 1553 1412 1591 manebat,

475 1609 649 1651 Virgineus
672 1617 770 1640 aures
792 1607 849 1639 ubi
873 1610 1006 1639 sanctus
1030 1606 1180 1648 dogmate
1203 1609 1325 1641 sacram

475 1659 638 1704 Principis
663 1659 704 1692 ad
728 1659 853 1693 vultum
877 1659 998 1698 iussus,
1021 1657 1118 1690 simul
1142 1660 1239 1699 atque
1263 1656 1401 1689 Ebroini

476 1712 641 1745 Pervenit.
666 1711 820 1743 statuunt
843 1714 937 1743 extra
960 1721 1056 1753 quem
1080 1713 1172 1753 parte
1197 1709 1258 1740 sub
1281 1719 1346 1740 una
1396 1705 1399 1707 ’

380 1772 418 1791 ⁵⁹⁰
477 1763 668 1803 Concilium,
691 1763 858 1795 abstrusas
883 1773 935 1794 res
959 1765 1098 1804 querunt
1119 1764 1217 1803 atque
1241 1760 1366 1791 futuras

475 1814 719 1859 Adtemptando
742 1814 848 1858 piun13
871 1813 987 1856 pandit
1009 1813 1128 1856 quibus
1151 1812 1263 1844 ordine
1288 1814 1413 1851 cuneta,

475 1869 554 1901 Illos
576 1877 660 1910 quae
683 1869 815 1898 maneat
838 1866 1001 1898 sententia
1024 1865 1170 1908 praescia
1194 1875 1301 1896 rerum

0 1922 10 1985 ἰ
475 1920 544 1952 Aut
566 1919 649 1951 alios
673 1937 711 1942 —-
736 1917 830 1949 citius
854 1917 926 1949 finis
950 1917 1032 1949 haec
1055 1920 1171 1948 cuncta
1193 1916 1353 1958 probavit.

476 1971 582 2009 Quem
605 1973 720 2003 contra
743 1973 852 2002 torvus
875 1969 984 2001 verbis
1010 1969 1055 2000 sic
1078 1969 1165 2000 fatur
1187 1968 1319 2010 iniquis:

380 2032 418 2051 aar.
477 2023 575 2060 ‘Quid
598 2022 696 2056 toties
718 2022 829 2054 verbis
852 2025 885 2054 te
909 2021 1023 2061 iactas,
1047 2020 1204 2063 improbe,
1228 2019 1341 2051 vanis?

0 2070 16 2128 ξ
474 2075 615 2108 Martirii
637 2075 780 2119 palmam
803 2084 915 2116 speras
937 2076 971 2105 te
994 2083 1089 2116 posse
1113 2071 1251 2104 mereri?

0 2133 12 2166 l
474 2127 520 2160 Ut
542 2127 643 2160 fueris
665 2126 794 2169 dignus,
818 2129 939 2158 sertam
963 2125 1168 2168 palmamque
1192 2122 1352 2165 capescis:

474 2179 573 2212 Nulla
594 2189 714 2211 corona
737 2177 832 2210 datur
854 2178 942 2209 vitae
966 2187 1024 2219 pro
1048 2175 1168 2208 talibus
1192 2174 1282 2206 actis.

0 2189 11 2279 l
475 2231 545 2264 Nec
567 2230 683 2274 dignor
705 2230 762 2269 tali
786 2233 818 2262 te
843 2239 978 2260 munere
1003 2227 1156 2260 claudere
1180 2229 1315 2258 metam:

0 2284 14 2439 ἰ·
380 2291 419 2309 ωῡ
478 2283 613 2316 Claudia
637 2282 722 2314 enim
746 2281 845 2313 vitam
869 2284 1044 2324 properata
1067 2282 1182 2318 morte,
1206 2276 1369 2320 superbe'.

0 2446 7 2497 Ξ

0 2526 8 2541 ,

476 2335 616 2368 Dixerat
639 2334 753 2367 infelix
777 2333 952 2372 Ebroinus,
976 2335 1086 2363 mente
1109 2330 1290 2365 revolvens,

476 2386 574 2431 Illum
597 2397 660 2429 quo
683 2385 805 2417 dudum
830 2383 940 2416 mundi
965 2382 1127 2426 destruxit
1150 2381 1284 2418 honore,

213 2510 266 2537 563
283 2512 332 2537 hac
353 2511 376 2537 G
393 2519 460 2537 corr.
479 2510 518 2536 1¹¹
605 2508 657 2534 566
675 2509 743 2534 iusta
761 2507 786 2532 1’
875 2505 924 2531 577
944 2514 978 2529 an
998 2505 1059 2536 qnia
1072 2504 1084 2528 2
1170 2501 1221 2527 582
1243 2500 1373 2537 mercedes
1393 2500 1416 2524 G
1433 2507 1500 2524 corr.
1519 2497 1545 2522 P
1627 2494 1677 2521 587
1696 2495 1756 2528 dog-

110 2559 180 2581 mu
199 2555 223 2580 G
247 2563 314 2580 corr.
332 2554 358 2580 P
445 2553 496 2579 589
520 2551 613 2586 *quam
634 2552 656 2578 G
744 2550 794 2575 592
814 2550 898 2582 Illosq.
920 2549 943 2573 (τ’

212 2622 263 2649 567
281 2622 345 2649 Ma.
358 2621 400 2654 ΙΙ,
415 2621 467 2648 474
479 2620 560 2648 Haud
574 2620 679 2655 inpune
691 2620 770 2646 feres.
856 2617 904 2643 571
926 2616 1001 2642 Fon-L
1016 2615 1043 2641 (ἶ
1059 2614 1110 2646 JV,
1126 2615 1148 2644 1,
1163 2613 1207 2643 17;
1229 2611 1278 2645 VI,
1291 2612 1316 2643 8,
1328 2612 1345 2638 5
1357 2610 1420 2636 exul
1434 2609 1469 2636 ab
1482 2607 1545 2635 oris.
1632 2606 1690 2637 578.
1707 2605 1756 2638 cfr.

112 2674 191 2702 Aldh.
209 2675 226 2701 l.
244 2682 267 2700 v.
285 2675 344 2701 ⁴29.
432 2674 481 2700 581
503 2675 568 2700 Aen.
587 2672 665 2703 VIII,
682 2672 732 2699 667
750 2671 898 2697 Tartareas
916 2668 1000 2694 etiam
1019 2666 1103 2693 sedes.
1175 2665 1225 2691 58ss
1237 2663 1283 2696 cfr.
1297 2663 1356 2689 287.
1444 2660 1495 2686 589
1513 2658 1661 2692 coniungas
1679 2657 1757 2682 extm

111 2726 208 2754 eoncil-
226 2734 248 2753 ν-
263 2726 350 2760 prad:
368 2725 394 2752 4.
481 2725 528 2752 591
548 2725 594 2757 cfr.
613 2723 679 2753 254,
698 2723 743 2749 uln·
761 2722 822 2748 add.
842 2720 958 2746 Camlid.
979 2718 1046 2751 XX,
1065 2720 1082 2744 ι’)
1101 2717 1151 2750 (ll,
1173 2716 1240 2747 113).
1327 2714 1378 2740 592
1399 2713 1501 2739 [nome.
1515 2711 1538 2744 I,
1563 2710 1614 2736 22⁴3
1632 2708 1757 2744 praescia

111 2785 210 2805 rerum.
315 2778 368 2804 593
384 2777 431 2810 cfr.
450 2778 508 2804 346.
597 2776 649 2801 (500
685 2774 787 2801 Irmene.
804 2773 853 2801 IV,
874 2773 904 2798 m
924 2772 1070 2806 properata
1090 2769 1183 2795 morte
1197 2766 1337 2800 relinquit.
