2040 2996
263 92 325 122 200
822 89 966 116 SEDULII
984 88 1112 116 SCOTTI
1131 88 1298 116 OARMlNA
1316 88 1350 116 11.

560 182 571 200 ⁵
628 175 774 216 Fratres,
798 187 872 208 nam
897 177 1012 215 fateor,
1036 175 1120 218 quod
1144 186 1209 207 non
1233 175 1311 207 mihi
1335 186 1454 207 cornea
1477 175 1559 207 fibra

680 228 729 260 Sit
752 239 859 270 neque
883 229 923 260 (le
948 229 1081 271 scopulo
1106 228 1236 259 corcula
1259 230 1350 259 creta
1375 226 1502 270 (la>pis;

631 279 696 311 Sed
719 280 824 312 fervet
847 280 966 312 nostris
990 280 1090 312 vestri
1115 279 1247 311 dilectio
1271 279 1374 311 fibris:

676 331 826 374 Namque
850 332 942 363 nefas
966 332 1050 363 tales
1075 334 1126 363 est
1149 342 1210 363 nee
1233 341 1344 362 amare
1367 331 1464 362 viros.

632 382 757 414 Taliter
779 383 947 414 in'nostro
971 386 1164 425 torquentur
1187 385 1323 425 pectora
1346 381 1464 414 Codro:

550 443 574 461 10
679 435 707 466 O
732 435 759 466 si
782 435 846 466 sint
870 435 982 467 rabido
1007 435 1136 466 viscera
1159 437 1254 476 rupta
1276 434 1355 467 viro.
1381 453 1419 457 —

631 486 750 528 Ferge,
773 487 852 518 mihi
875 497 1005 529 semper
1030 487 1074 518 sis
1098 487 1184 518 alma
1208 486 1329 528 sagitta
1352 485 1479 525 salutis,

681 539 848 571 Sedulium
872 538 1022 581 precibus
1046 538 1098 570 fac
1122 548 1303 570 memorare
1326 541 1435 575 tuum;

635 590 662 622 Ο
687 590 801 632 quales
825 590 965 632 gemitus
988 593 1119 622 ructant
1141 593 1198 621 tua
1222 590 1358 629 viscera,
1383 589 1493 628 frater,

682 642 709 674 O
734 653 845 674 sacros
869 642 1006 673 haustus
1030 645 1267 684 neetareasque
1290 652 1422 684 preces:

553 701 577 720 1⁵
634 694 722 736 Ergo
746 704 818 736 age,
842 705 883 725 ne
908 704 1020 726 cesses
1044 705 1140 726 aures
1165 694 1296 736 pulsare
1320 693 1474 731 tonantis,

683 745 756 782 Quo
779 756 853 777 mea
877 745 1070 788 permundet
1093 749 1211 777 cuncta
1234 746 1343 788 piacla
1366 744 1448 777 deus
1472 763 1514 767 —

632 797 741 829 Fusca
763 807 952 839 procaxque
977 801 1090 829 tonans
1115 797 1250 839 sophico
1274 797 1320 828 sie
1345 800 1476 840 pectore
1500 796 1595 828 Musa

680 849 728 882 Te
752 853 847 881 canet
869 850 1055 882 arcitenens
1079 850 1294 892 Aethiopissa
1318 860 1401 883 mea.

634 901 756 941 Marce,
781 912 905 944 precor,
929 902 1004 934 fidei
1029 906 1122 934 scuto
1146 902 1336 944 meritisque
1361 902 1466 934 beatis

553 962 578 980 ’.ὀ
682 953 801 986 Pellite
825 954 1004 986 vulniferas
1029 954 1143 994 hostis,
1168 955 1282 993 amice,
1306 954 1420 985 minas.

637 1005 723 1043 Quid
745 1006 857 1044 facies,
881 1006 1050 1044 Beuehell,
1074 1007 1132 1038 flos
1157 1006 1241 1038 inter
1264 1007 1535 1048 bellipotentes‘t:

685 1057 828 1089 Contere
853 1057 937 1089 colla
960 1057 1072 1089 minax
1095 1057 1228 1100 aspidis,
1252 1068 1318 1096 oro,
1343 1057 1455 1090 trucis.

637 1109 774 1148 Blande,
799 1109 899 1141 decus
925 1109 1001 1141 belli
1025 1109 1157 1151 galeato
1182 1109 1304 1141 vertice
1329 1109 1470 1150 flagrans

682 1161 746 1192 Pro
771 1171 822 1192 me
846 1172 991 1193 murmur
1013 1172 1104 1202 agas,
1127 1160 1249 1192 blanda
1272 1160 1423 1192 columba
1446 1159 1508 1192 dei.
1535 1177 1573 1182 —

555 1220 579 1238 2⁵
637 1212 827 1254 Quadrigae
851 1212 985 1253 domini,
1011 1213 1194 1244 Scottensis
1219 1212 1343 1244 lumina
1366 1212 1485 1254 gentis,

684 1264 793 1296 Vivite
817 1265 969 1297 floriferis
993 1265 1101 1297 saecla
1124 1275 1185 1307 per
1208 1264 1317 1307 ampla
1341 1263 1462 1306 cyclis;

638 1316 761 1348 Lactea
784 1317 943 1359 stelligeri
967 1316 1100 1349 tandem
1125 1316 1290 1348 scandatis
1316 1315 1437 1358 Olimpi

687 1368 835 1412 Templa,
860 1369 1031 1402 beatorum
1055 1369 1313 1411 caelicolumque
1338 1367 1464 1400 choros.

1055 1479 1149 1500 XXXV.

783 1529 898 1560 IDEM
923 1529 984 1561 AD
1008 1529 1201 1561 EUNDEM
1224 1527 1421 1560 FERGUM.

638 1586 756 1628 Ferge,
781 1586 881 1618 decus
907 1589 1026 1626 vatum,
1051 1585 1212 1617 formosae
1236 1585 1342 1627 gloria
1366 1584 1491 1622 Musae,

686 1637 801 1669 Gaude
825 1637 998 1669 thesauros
1021 1638 1100 1669 artis
1123 1637 1205 1669 inire
1230 1647 1351 1668 sacros.

640 1689 710 1721 Nec
736 1692 769 1721 te
793 1690 991 1732 nequiquam
1014 1690 1112 1721 rutilo
1136 1689 1306 1732 prospexit
1331 1687 1461 1730 Olimpo

691 1741 817 1782 Oignea
839 1741 1039 1773 blandisonis
1064 1741 1214 1783 Calliope
1239 1740 1398 1772 modulis:

571 1801 582 1817 ⁵
642 1792 833 1824 Glorificum
858 1792 973 1824 Karoli
997 1793 1160 1825 decorasti
1184 1791 1327 1824 carmine
1352 1793 1528 1833 sceptrum,

687 1845 819 1877 Aureus
842 1845 914 1888 ipse
937 1845 1000 1877 tuis
1023 1845 1126 1877 fertur
1149 1844 1190 1876 ad
1214 1847 1305 1876 astra
1327 1843 1446 1885 tropis;

641 1897 723 1929 Arte
747 1896 922 1929 Maroneas
947 1897 1046 1928 vincit
1070 1900 1128 1928 tua
1151 1896 1272 1939 pagina
1296 1894 1418 1933 Musas,

687 1948 812 1980 Fistola
834 1948 974 1981 Nasonis
999 1959 1063 1991 qua
1085 1950 1258 1980 resonante
1283 1947 1369 1979 silet.
1393 1964 1434 1970 —-

640 2000 710 2031 Nee
733 2003 764 2031 te
788 2011 888 2042 parva
911 2003 1020 2032 manet
1043 2010 1219 2042 pomposae
1243 1998 1348 2040 gloria
1371 1997 1474 2029 laudis

559 2061 583 2078 10
687 2052 750 2084 Pro
773 2053 872 2084 tantis
896 2053 995 2092 ausis,
1020 2063 1139 2095 praeco
1163 2051 1273 2090 beate,
1297 2051 1381 2082 vale.

1053 2161 1162 2182 xxxva

725 2211 841 2243 IDEM
865 2211 1089 2243 SEDULIUS
1113 2210 1175 2242 AD
1199 2209 1488 2242 ROTBERTUM.

645 2269 673 2300 O
697 2268 797 2300 decus
822 2267 990 2305 eximium,
1015 2270 1147 2299 nostrae
1171 2278 1248 2309 spes
1272 2277 1373 2298 aurea
1396 2265 1522 2304 Musae,

644 2320 777 2352 Florida
798 2320 948 2362 pomposi
971 2319 1097 2362 lampas
1121 2322 1154 2351 et
1177 2318 1279 2360 gloria
1302 2317 1413 2356 saecli,

379 2435 396 2460 6
413 2433 471 2467 *pio
486 2435 508 2459 Ο
529 2443 586 2459 mea
597 2434 690 2465 Haupt
778 2432 810 2458 10
827 2433 917 2458 rabida
935 2441 1001 2457 corr.
1016 2432 1038 2457 G
1122 2430 1155 2457 13
1173 2434 1276 2456 ructant
1294 2434 1338 2455 tua
1356 2438 1387 2455 cx
1405 2429 1534 2455 ructant-,ia
1552 2429 1579 2454 C*
1666 2428 1699 2453 21
1718 2427 1858 2454 *Beuoholl
1878 2426 1934 2460 flos]

276 2478 454 2504 beuchellinos
469 2477 490 2502 G
506 2477 629 2502 Beuchell
648 2485 694 2501 nos
708 2476 804 2519 0Haupt
819 2512 844 2515 *-
920 2474 1021 2508 [xxxv.]
1041 2475 1079 2500 ed.
1094 2475 1243 2500 Duemmler
1261 2474 1293 2498 ib.
1308 2482 1336 2506 p.
1357 2472 1389 2498 19
1478 2471 1511 2497 10
1529 2481 1605 2505 preco
1623 2472 1645 2497 O
1765 2469 1875 2504 [xxxva]
1895 2470 1935 2496 ed.

277 2521 427 2546 Duemmler
444 2520 477 2545 ib.
485 2529 515 2552 p.
531 2519 563 2545 19
575 2529 611 2552 eq.
664 2519 839 2545 *RVBERTV
855 2519 878 2545 Ο

379 2588 396 2614 5
421 2588 495 2614 Pers.
519 2590 569 2614 sat.
589 2587 610 2613 I
612 2607 620 2620 ,
649 2588 682 2613 47
708 2596 799 2621 neque
823 2586 897 2613 enim
923 2586 992 2613 mihi
1010 2594 1112 2613 cornea
1136 2585 1214 2612 fibra.
1307 2585 1323 2610 6
1343 2583 1397 2616 Gfr.
1416 2591 1500 2617 supra
1514 2592 1543 2616 p.
1562 2583 1605 2610 57.
1696 2583 1714 2608 8
1731 2582 1793 2608 Ed.
1815 2581 1884 2614 VH,
1902 2581 1937 2608 26

275 2639 383 2667 invidia
401 2640 567 2673 rumpantur
585 2640 618 2665 ut
635 2639 686 2665 ilia
704 2639 801 2665 Codro.
893 2639 921 2664 11
943 2637 997 2670 C's'r.
1010 2637 1106 2670 XXV,
1121 2637 1161 2663 71.
1253 2636 1284 2662 18
1302 2634 1414 2661 Numer.
1427 2635 1466 2666 12,
1484 2635 1496 2660 1
1517 2643 1630 2661 uxorem
1650 2633 1709 2660 eius
1719 2633 1936 2667 Aethiopissam.

276 2691 377 2725 [xxxv]
400 2692 431 2717 10
444 2690 512 2717 Aen.
533 2690 574 2723 II,
591 2691 643 2717 535
662 2699 711 2724 pro
730 2689 834 2716 talibus
853 2689 936 2717 ausis.
1059 2688 1171 2723 [xxxva]
1185 2687 1347 2715 Radbertus
1361 2687 1460 2714 ‘comes’
1478 2689 1509 2714 ut
1527 2686 1567 2713 ait
1585 2685 1741 2713 Duemmler
1755 2684 1843 2712 Sed-a.
1855 2691 1936 2711 canu.

273 2752 301 2777 p.
315 2745 330 2770 1
350 2743 390 2769 ‘in
408 2742 556 2776 regionibus
576 2742 700 2768 Mosanis
716 2742 802 2775 fuisse
820 2741 943 2769 videtur-³.
