<?xml version="1.0" encoding="UTF-8"?>
<!DOCTYPE html PUBLIC "-//W3C//DTD XHTML 1.0 Transitional//EN"
    "http://www.w3.org/TR/xhtml1/DTD/xhtml1-transitional.dtd">
<html xmlns="http://www.w3.org/1999/xhtml" xml:lang="en" lang="en">
 <head>
  <title>
</title>
<meta http-equiv="Content-Type" content="text/html;charset=utf-8" />
  <meta name='ocr-system' content='tesseract 3.04.00' />
  <meta name='ocr-capabilities' content='ocr_page ocr_carea ocr_par ocr_line ocrx_word'/>
</head>
<body>
  <div class='ocr_page' id='page_1' title='image "./monumentagerma03geseuoft/monumentagerma03geseuoft_0685.png"; bbox 0 0 2060 3074; ppageno 0'>
   <div class='ocr_carea' id='block_1_1' title="bbox 0 554 94 3074">
    <p class='ocr_par' dir='ltr' id='par_1_1' title="bbox 0 554 94 3074">
     <span class='ocr_line' id='line_1_1' title="bbox 0 554 94 3074; baseline 0 0"><span class='ocrx_word' id='word_1_1' title='bbox 0 554 94 3074; x_wconf 95' lang='lat' dir='ltr'> </span> 
     </span>
    </p>
   </div>
   <div class='ocr_carea' id='block_1_2' title="bbox 739 138 1796 178">
    <p class='ocr_par' dir='ltr' id='par_1_2' title="bbox 739 138 1796 178">
     <span class='ocr_line' id='line_1_2' title="bbox 739 138 1796 178; baseline 0.012 -13"><span class='ocrx_word' id='word_1_2' title='bbox 739 138 785 166; x_wconf 77' lang='lat' dir='ltr'>DE</span> <span class='ocrx_word' id='word_1_3' title='bbox 805 139 1033 168; x_wconf 79' lang='lat' dir='ltr'>SOBRIETATE</span> <span class='ocrx_word' id='word_1_4' title='bbox 1053 141 1161 169; x_wconf 81' lang='lat' dir='ltr'>LIBER</span> <span class='ocrx_word' id='word_1_5' title='bbox 1174 142 1209 170; x_wconf 89' lang='lat'>11.</span> <span class='ocrx_word' id='word_1_6' title='bbox 1735 148 1796 178; x_wconf 81' lang='grc'>669</span> 
     </span>
    </p>
   </div>
   <div class='ocr_carea' id='block_1_3' title="bbox 429 223 1453 687">
    <p class='ocr_par' dir='ltr' id='par_1_3' title="bbox 429 223 1453 687">
     <span class='ocr_line' id='line_1_3' title="bbox 514 223 1296 271; baseline 0.009 -16"><span class='ocrx_word' id='word_1_7' title='bbox 514 223 682 267; x_wconf 84' lang='lat' dir='ltr'>Fulgescit</span> <span class='ocrx_word' id='word_1_8' title='bbox 704 226 818 258; x_wconf 89' lang='lat' dir='ltr'>rutilus</span> <span class='ocrx_word' id='word_1_9' title='bbox 841 230 952 259; x_wconf 83' lang='lat' dir='ltr'>castae</span> <span class='ocrx_word' id='word_1_10' title='bbox 975 228 1176 261; x_wconf 77' lang='lat' dir='ltr'><strong>simulamine</strong></span> <span class='ocrx_word' id='word_1_11' title='bbox 1200 230 1296 271; x_wconf 86' lang='lat' dir='ltr'>vitae,</span> 
     </span>
     <span class='ocr_line' id='line_1_4' title="bbox 430 275 1288 318; baseline 0.009 -12"><span class='ocrx_word' id='word_1_12' title='bbox 430 286 470 307; x_wconf 59' lang='grc' dir='ltr'>οπο</span> <span class='ocrx_word' id='word_1_13' title='bbox 512 275 636 309; x_wconf 80' lang='lat' dir='ltr'>Abdita</span> <span class='ocrx_word' id='word_1_14' title='bbox 659 276 718 308; x_wconf 87' lang='lat' dir='ltr'>sed</span> <span class='ocrx_word' id='word_1_15' title='bbox 740 278 844 310; x_wconf 85' lang='lat' dir='ltr'>fuscat</span> <span class='ocrx_word' id='word_1_16' title='bbox 868 279 1019 311; x_wconf 79' lang='lat' dir='ltr'>scelerati</span> <span class='ocrx_word' id='word_1_17' title='bbox 1041 280 1172 312; x_wconf 81' lang='lat' dir='ltr'>infamia</span> <span class='ocrx_word' id='word_1_18' title='bbox 1196 282 1288 318; x_wconf 78' lang='lat' dir='ltr'>facti;</span> 
     </span>
     <span class='ocr_line' id='line_1_5' title="bbox 513 327 1371 376; baseline 0.009 -17"><span class='ocrx_word' id='word_1_19' title='bbox 513 327 674 360; x_wconf 89' lang='lat' dir='ltr'>Prodetur</span> <span class='ocrx_word' id='word_1_20' title='bbox 697 329 751 371; x_wconf 92' lang='lat' dir='ltr'>qui</span> <span class='ocrx_word' id='word_1_21' title='bbox 773 329 836 361; x_wconf 88' lang='lat' dir='ltr'>fine</span> <span class='ocrx_word' id='word_1_22' title='bbox 860 341 928 371; x_wconf 92' lang='lat' dir='ltr'>suo,</span> <span class='ocrx_word' id='word_1_23' title='bbox 953 341 1026 363; x_wconf 92' lang='lat' dir='ltr'>cum</span> <span class='ocrx_word' id='word_1_24' title='bbox 1049 332 1190 365; x_wconf 81' lang='lat' dir='ltr'>archana</span> <span class='ocrx_word' id='word_1_25' title='bbox 1213 334 1371 376; x_wconf 81' lang='lat' dir='ltr'>patebunt</span> 
     </span>
     <span class='ocr_line' id='line_1_6' title="bbox 511 379 1350 425; baseline 0.011 -15"><span class='ocrx_word' id='word_1_26' title='bbox 511 379 630 411; x_wconf 79' lang='lat' dir='ltr'>Mentis</span> <span class='ocrx_word' id='word_1_27' title='bbox 652 383 686 412; x_wconf 91' lang='lat' dir='ltr'>et</span> <span class='ocrx_word' id='word_1_28' title='bbox 708 380 861 413; x_wconf 90' lang='lat' dir='ltr'>obscuros</span> <span class='ocrx_word' id='word_1_29' title='bbox 883 385 1012 425; x_wconf 89' lang='lat' dir='ltr'>reteget</span> <span class='ocrx_word' id='word_1_30' title='bbox 1033 384 1090 415; x_wconf 82' lang='lat' dir='ltr'>lux</span> <span class='ocrx_word' id='word_1_31' title='bbox 1112 385 1228 423; x_wconf 80' lang='lat' dir='ltr'>clarior</span> <span class='ocrx_word' id='word_1_32' title='bbox 1250 390 1350 419; x_wconf 84' lang='lat' dir='ltr'>actus.</span> 
     </span>
     <span class='ocr_line' id='line_1_7' title="bbox 511 430 1290 478; baseline 0.009 -15"><span class='ocrx_word' id='word_1_33' title='bbox 511 430 621 474; x_wconf 90' lang='lat' dir='ltr'>thue</span> <span class='ocrx_word' id='word_1_34' title='bbox 644 433 794 474; x_wconf 80' lang='lat' dir='ltr'>sepulcra</span> <span class='ocrx_word' id='word_1_35' title='bbox 816 434 893 466; x_wconf 85' lang='lat' dir='ltr'>foris</span> <span class='ocrx_word' id='word_1_36' title='bbox 916 435 1005 467; x_wconf 82' lang='lat' dir='ltr'>vario</span> <span class='ocrx_word' id='word_1_37' title='bbox 1030 435 1159 478; x_wconf 81' lang='lat' dir='ltr'>depicta</span> <span class='ocrx_word' id='word_1_38' title='bbox 1182 439 1290 471; x_wconf 89' lang='lat' dir='ltr'>colore</span> 
     </span>
     <span class='ocr_line' id='line_1_8' title="bbox 512 482 1435 532; baseline 0.011 -18"><span class='ocrx_word' id='word_1_39' title='bbox 512 482 598 515; x_wconf 87' lang='lat' dir='ltr'>Alba</span> <span class='ocrx_word' id='word_1_40' title='bbox 620 484 749 525; x_wconf 79' lang='lat' dir='ltr'>micant,</span> <span class='ocrx_word' id='word_1_41' title='bbox 773 485 913 518; x_wconf 83' lang='lat' dir='ltr'>candore</span> <span class='ocrx_word' id='word_1_42' title='bbox 937 487 1040 519; x_wconf 85' lang='lat' dir='ltr'><strong>nitent</strong></span> <span class='ocrx_word' id='word_1_43' title='bbox 1063 488 1226 531; x_wconf 85' lang='lat' dir='ltr'>minioque</span> <span class='ocrx_word' id='word_1_44' title='bbox 1249 491 1435 532; x_wconf 84' lang='lat' dir='ltr'>rubescunt,</span> 
     </span>
     <span class='ocr_line' id='line_1_9' title="bbox 429 535 1354 583; baseline 0.01 -18"><span class='ocrx_word' id='word_1_45' title='bbox 429 547 468 566; x_wconf 68' lang='lat'>825</span> <span class='ocrx_word' id='word_1_46' title='bbox 511 535 672 567; x_wconf 76' lang='lat' dir='ltr'>Interiora</span> <span class='ocrx_word' id='word_1_47' title='bbox 694 538 804 568; x_wconf 82' lang='lat' dir='ltr'>tamen</span> <span class='ocrx_word' id='word_1_48' title='bbox 827 539 1009 580; x_wconf 84' lang='lat' dir='ltr'>putrefacta</span> <span class='ocrx_word' id='word_1_49' title='bbox 1032 539 1192 572; x_wconf 80' lang='lat' dir='ltr'>cadavera</span> <span class='ocrx_word' id='word_1_50' title='bbox 1215 546 1354 583; x_wconf 83' lang='lat' dir='ltr'>servant,</span> 
     </span>
     <span class='ocr_line' id='line_1_10' title="bbox 511 586 1414 632; baseline 0.01 -14"><span class='ocrx_word' id='word_1_51' title='bbox 511 586 566 618; x_wconf 84' lang='lat' dir='ltr'>Sic</span> <span class='ocrx_word' id='word_1_52' title='bbox 588 587 739 619; x_wconf 81' lang='lat' dir='ltr'>simulare</span> <span class='ocrx_word' id='word_1_53' title='bbox 762 589 892 630; x_wconf 88' lang='lat' dir='ltr'>bouum,</span> <span class='ocrx_word' id='word_1_54' title='bbox 915 591 1095 632; x_wconf 89' lang='lat' dir='ltr'>pulchrum,</span> <span class='ocrx_word' id='word_1_55' title='bbox 1119 593 1236 625; x_wconf 87' lang='lat' dir='ltr'>virtute</span> <span class='ocrx_word' id='word_1_56' title='bbox 1261 593 1414 626; x_wconf 88' lang='lat' dir='ltr'>decorum</span> 
     </span>
     <span class='ocr_line' id='line_1_11' title="bbox 511 638 1453 687; baseline 0.01 -17"><span class='ocrx_word' id='word_1_57' title='bbox 511 638 647 671; x_wconf 84' lang='lat' dir='ltr'>Tristius</span> <span class='ocrx_word' id='word_1_58' title='bbox 670 643 721 672; x_wconf 84' lang='lat' dir='ltr'>est</span> <span class='ocrx_word' id='word_1_59' title='bbox 743 641 913 682; x_wconf 82' lang='lat' dir='ltr'>manifeste</span> <span class='ocrx_word' id='word_1_60' title='bbox 937 643 1006 674; x_wconf 89' lang='lat' dir='ltr'>aliis</span> <span class='ocrx_word' id='word_1_61' title='bbox 1030 654 1126 686; x_wconf 79' lang='lat' dir='ltr'>quam</span> <span class='ocrx_word' id='word_1_62' title='bbox 1148 645 1287 687; x_wconf 88' lang='lat' dir='ltr'>prodere</span> <span class='ocrx_word' id='word_1_63' title='bbox 1311 647 1453 678; x_wconf 90' lang='lat' dir='ltr'>foedum.</span> 
     </span>
    </p>
   </div>
   <div class='ocr_carea' id='block_1_4' title="bbox 427 699 1606 1877">
    <p class='ocr_par' dir='ltr' id='par_1_4' title="bbox 553 699 1606 740">
     <span class='ocr_line' id='line_1_12' title="bbox 553 699 1606 740; baseline 0.009 -9"><span class='ocrx_word' id='word_1_64' title='bbox 553 699 629 731; x_wconf 89' lang='lat' dir='ltr'>XX.</span> <span class='ocrx_word' id='word_1_65' title='bbox 651 699 726 732; x_wconf 85' lang='lat' dir='ltr'>Non</span> <span class='ocrx_word' id='word_1_66' title='bbox 749 711 861 734; x_wconf 90' lang='lat' dir='ltr'>omnes</span> <span class='ocrx_word' id='word_1_67' title='bbox 883 703 1006 734; x_wconf 83' lang='lat' dir='ltr'>scelera</span> <span class='ocrx_word' id='word_1_68' title='bbox 1028 703 1090 735; x_wconf 82' lang='lat' dir='ltr'>ista</span> <span class='ocrx_word' id='word_1_69' title='bbox 1111 707 1226 737; x_wconf 81' lang='lat' dir='ltr'>notant</span> <span class='ocrx_word' id='word_1_70' title='bbox 1247 717 1307 738; x_wconf 91' lang='lat' dir='ltr'>nec</span> <span class='ocrx_word' id='word_1_71' title='bbox 1330 707 1419 739; x_wconf 83' lang='lat' dir='ltr'>vadit</span> <span class='ocrx_word' id='word_1_72' title='bbox 1440 708 1473 739; x_wconf 90' lang='lat' dir='ltr'>in</span> <span class='ocrx_word' id='word_1_73' title='bbox 1496 718 1606 740; x_wconf 88' lang='lat' dir='ltr'>omnes</span> 
     </span>
    </p>

    <p class='ocr_par' dir='ltr' id='par_1_5' title="bbox 513 751 1278 799">
     <span class='ocr_line' id='line_1_13' title="bbox 513 751 1278 799; baseline 0.008 -16"><span class='ocrx_word' id='word_1_74' title='bbox 513 751 661 784; x_wconf 82' lang='lat' dir='ltr'>Criminis</span> <span class='ocrx_word' id='word_1_75' title='bbox 683 752 806 795; x_wconf 85' lang='lat' dir='ltr'>indigni</span> <span class='ocrx_word' id='word_1_76' title='bbox 828 754 982 796; x_wconf 87' lang='lat' dir='ltr'>suspicio;</span> <span class='ocrx_word' id='word_1_77' title='bbox 1006 755 1146 798; x_wconf 88' lang='lat' dir='ltr'>denique</span> <span class='ocrx_word' id='word_1_78' title='bbox 1170 757 1278 799; x_wconf 89' lang='lat' dir='ltr'>plures</span> 
     </span>
    </p>

    <p class='ocr_par' dir='ltr' id='par_1_6' title="bbox 431 803 1406 1057">
     <span class='ocr_line' id='line_1_14' title="bbox 431 803 1365 852; baseline 0.009 -18"><span class='ocrx_word' id='word_1_79' title='bbox 431 815 470 834; x_wconf 74' lang='lat' dir='ltr'>sao</span> <span class='ocrx_word' id='word_1_80' title='bbox 513 803 619 836; x_wconf 82' lang='lat' dir='ltr'>Corde</span> <span class='ocrx_word' id='word_1_81' title='bbox 643 806 678 836; x_wconf 91' lang='lat' dir='ltr'>et</span> <span class='ocrx_word' id='word_1_82' title='bbox 699 814 795 836; x_wconf 81' lang='lat' dir='ltr'>carne</span> <span class='ocrx_word' id='word_1_83' title='bbox 818 806 905 848; x_wconf 88' lang='lat' dir='ltr'>pium</span> <span class='ocrx_word' id='word_1_84' title='bbox 929 810 1095 839; x_wconf 84' lang='lat' dir='ltr'>servantes</span> <span class='ocrx_word' id='word_1_85' title='bbox 1117 808 1185 840; x_wconf 90' lang='lat' dir='ltr'>iure</span> <span class='ocrx_word' id='word_1_86' title='bbox 1208 809 1365 852; x_wconf 89' lang='lat' dir='ltr'>pudorem</span> 
     </span>
     <span class='ocr_line' id='line_1_15' title="bbox 511 855 1348 903; baseline 0.007 -16"><span class='ocrx_word' id='word_1_87' title='bbox 511 855 667 888; x_wconf 78' lang='lat' dir='ltr'>Novimus</span> <span class='ocrx_word' id='word_1_88' title='bbox 690 866 762 888; x_wconf 80' lang='lat' dir='ltr'>esse</span> <span class='ocrx_word' id='word_1_89' title='bbox 786 856 839 888; x_wconf 92' lang='lat' dir='ltr'>dei</span> <span class='ocrx_word' id='word_1_90' title='bbox 862 858 949 889; x_wconf 87' lang='lat' dir='ltr'>cultu</span> <span class='ocrx_word' id='word_1_91' title='bbox 970 859 1157 891; x_wconf 81' lang='lat' dir='ltr'>venerabile</span> <span class='ocrx_word' id='word_1_92' title='bbox 1181 861 1348 903; x_wconf 88' lang='lat' dir='ltr'>templum,</span> 
     </span>
     <span class='ocr_line' id='line_1_16' title="bbox 512 907 1340 953; baseline 0.006 -14"><span class='ocrx_word' id='word_1_93' title='bbox 512 907 550 940; x_wconf 89' lang='lat' dir='ltr'>In</span> <span class='ocrx_word' id='word_1_94' title='bbox 573 908 688 950; x_wconf 91' lang='lat' dir='ltr'>quibus</span> <span class='ocrx_word' id='word_1_95' title='bbox 709 909 779 951; x_wconf 85' lang='lat' dir='ltr'>ipse</span> <span class='ocrx_word' id='word_1_96' title='bbox 802 908 920 941; x_wconf 91' lang='lat' dir='ltr'>sedens</span> <span class='ocrx_word' id='word_1_97' title='bbox 942 910 1022 942; x_wconf 93' lang='lat' dir='ltr'>solio</span> <span class='ocrx_word' id='word_1_98' title='bbox 1047 910 1186 953; x_wconf 82' lang='lat' dir='ltr'>disponit</span> <span class='ocrx_word' id='word_1_99' title='bbox 1209 912 1250 944; x_wconf 85' lang='lat' dir='ltr'>ab</span> <span class='ocrx_word' id='word_1_100' title='bbox 1274 913 1340 944; x_wconf 82' lang='lat' dir='ltr'>alto</span> 
     </span>
     <span class='ocr_line' id='line_1_17' title="bbox 511 959 1406 1005; baseline 0.004 -13"><span class='ocrx_word' id='word_1_101' title='bbox 511 959 648 992; x_wconf 82' lang='lat' dir='ltr'>Menbra</span> <span class='ocrx_word' id='word_1_102' title='bbox 670 959 777 992; x_wconf 79' lang='lat' dir='ltr'>dicata</span> <span class='ocrx_word' id='word_1_103' title='bbox 799 961 870 1001; x_wconf 86' lang='lat' dir='ltr'>sibi,</span> <span class='ocrx_word' id='word_1_104' title='bbox 892 962 1020 1004; x_wconf 85' lang='lat' dir='ltr'>populis</span> <span class='ocrx_word' id='word_1_105' title='bbox 1042 972 1102 1005; x_wconf 87' lang='lat' dir='ltr'>per</span> <span class='ocrx_word' id='word_1_106' title='bbox 1123 974 1201 995; x_wconf 83' lang='lat' dir='ltr'>vasa</span> <span class='ocrx_word' id='word_1_107' title='bbox 1222 964 1406 996; x_wconf 80' lang='lat' dir='ltr'>ministrans</span> 
     </span>
     <span class='ocr_line' id='line_1_18' title="bbox 510 1011 1369 1057; baseline 0.006 -14"><span class='ocrx_word' id='word_1_108' title='bbox 510 1011 622 1044; x_wconf 85' lang='lat' dir='ltr'>Dulcis</span> <span class='ocrx_word' id='word_1_109' title='bbox 645 1023 750 1055; x_wconf 82' lang='lat' dir='ltr'>aquae</span> <span class='ocrx_word' id='word_1_110' title='bbox 773 1016 903 1055; x_wconf 86' lang='lat' dir='ltr'>gustum</span> <span class='ocrx_word' id='word_1_111' title='bbox 926 1014 1070 1046; x_wconf 82' lang='lat' dir='ltr'>salientis</span> <span class='ocrx_word' id='word_1_112' title='bbox 1093 1018 1251 1057; x_wconf 83' lang='lat' dir='ltr'>praepete</span> <span class='ocrx_word' id='word_1_113' title='bbox 1275 1027 1369 1048; x_wconf 93' lang='lat' dir='ltr'>cursu</span> 
     </span>
    </p>

    <p class='ocr_par' dir='ltr' id='par_1_7' title="bbox 428 1063 1428 1316">
     <span class='ocr_line' id='line_1_19' title="bbox 428 1063 1428 1109; baseline 0.005 -14"><span class='ocrx_word' id='word_1_114' title='bbox 428 1076 466 1096; x_wconf 68' lang='lat' dir='ltr'>aas</span> <span class='ocrx_word' id='word_1_115' title='bbox 509 1063 548 1096; x_wconf 91' lang='lat' dir='ltr'>In</span> <span class='ocrx_word' id='word_1_116' title='bbox 570 1064 683 1096; x_wconf 80' lang='lat' dir='ltr'>vitam:</span> <span class='ocrx_word' id='word_1_117' title='bbox 707 1065 839 1108; x_wconf 87' lang='lat' dir='ltr'>reliquis</span> <span class='ocrx_word' id='word_1_118' title='bbox 862 1069 999 1106; x_wconf 79' lang='lat' dir='ltr'>ructant,</span> <span class='ocrx_word' id='word_1_119' title='bbox 1025 1066 1111 1109; x_wconf 91' lang='lat' dir='ltr'>quod</span> <span class='ocrx_word' id='word_1_120' title='bbox 1133 1067 1231 1099; x_wconf 88' lang='lat' dir='ltr'>corde</span> <span class='ocrx_word' id='word_1_121' title='bbox 1254 1071 1428 1101; x_wconf 82' lang='lat' dir='ltr'>retentant.</span> 
     </span>
     <span class='ocr_line' id='line_1_20' title="bbox 509 1115 1330 1160; baseline 0.004 -12"><span class='ocrx_word' id='word_1_122' title='bbox 509 1115 560 1148; x_wconf 85' lang='lat' dir='ltr'>Ne</span> <span class='ocrx_word' id='word_1_123' title='bbox 584 1119 694 1148; x_wconf 85' lang='lat' dir='ltr'>tamen</span> <span class='ocrx_word' id='word_1_124' title='bbox 716 1121 852 1158; x_wconf 79' lang='lat' dir='ltr'>arescat,</span> <span class='ocrx_word' id='word_1_125' title='bbox 875 1128 993 1160; x_wconf 89' lang='lat' dir='ltr'>supero</span> <span class='ocrx_word' id='word_1_126' title='bbox 1017 1118 1058 1150; x_wconf 91' lang='lat' dir='ltr'>de</span> <span class='ocrx_word' id='word_1_127' title='bbox 1082 1118 1172 1150; x_wconf 88' lang='lat' dir='ltr'>fonte</span> <span class='ocrx_word' id='word_1_128' title='bbox 1196 1120 1330 1151; x_wconf 81' lang='lat' dir='ltr'>resumit</span> 
     </span>
     <span class='ocr_line' id='line_1_21' title="bbox 511 1166 1286 1213; baseline 0.004 -13"><span class='ocrx_word' id='word_1_129' title='bbox 511 1166 644 1209; x_wconf 84' lang='lat' dir='ltr'>Alveus,</span> <span class='ocrx_word' id='word_1_130' title='bbox 667 1171 703 1200; x_wconf 89' lang='lat' dir='ltr'>ut</span> <span class='ocrx_word' id='word_1_131' title='bbox 725 1169 822 1211; x_wconf 85' lang='lat' dir='ltr'>pleno</span> <span class='ocrx_word' id='word_1_132' title='bbox 845 1169 995 1202; x_wconf 81' lang='lat' dir='ltr'>decurrat</span> <span class='ocrx_word' id='word_1_133' title='bbox 1016 1170 1136 1213; x_wconf 90' lang='lat' dir='ltr'>ubique</span> <span class='ocrx_word' id='word_1_134' title='bbox 1161 1174 1286 1203; x_wconf 83' lang='lat' dir='ltr'>meatu:</span> 
     </span>
     <span class='ocr_line' id='line_1_22' title="bbox 510 1219 1207 1262; baseline 0.001 -11"><span class='ocrx_word' id='word_1_135' title='bbox 510 1219 666 1251; x_wconf 85' lang='lat' dir='ltr'>Insistunt</span> <span class='ocrx_word' id='word_1_136' title='bbox 686 1222 786 1262; x_wconf 88' lang='lat' dir='ltr'>puteo</span> <span class='ocrx_word' id='word_1_137' title='bbox 808 1220 945 1252; x_wconf 83' lang='lat' dir='ltr'>viventis</span> <span class='ocrx_word' id='word_1_138' title='bbox 968 1221 1036 1253; x_wconf 83' lang='lat' dir='ltr'>sive</span> <span class='ocrx_word' id='word_1_139' title='bbox 1059 1220 1207 1262; x_wconf 82' lang='lat' dir='ltr'>videntis,</span> 
     </span>
     <span class='ocr_line' id='line_1_23' title="bbox 510 1270 1331 1316; baseline 0.001 -13"><span class='ocrx_word' id='word_1_140' title='bbox 510 1270 634 1303; x_wconf 85' lang='lat' dir='ltr'>Abdita</span> <span class='ocrx_word' id='word_1_141' title='bbox 656 1282 719 1314; x_wconf 89' lang='lat' dir='ltr'>quo</span> <span class='ocrx_word' id='word_1_142' title='bbox 743 1282 854 1304; x_wconf 82' lang='lat' dir='ltr'>sacrae</span> <span class='ocrx_word' id='word_1_143' title='bbox 878 1275 1058 1304; x_wconf 83' lang='lat' dir='ltr'>scrutentur</span> <span class='ocrx_word' id='word_1_144' title='bbox 1078 1272 1164 1305; x_wconf 81' lang='lat' dir='ltr'>dicta</span> <span class='ocrx_word' id='word_1_145' title='bbox 1186 1273 1331 1316; x_wconf 83' lang='lat' dir='ltr'>sophiae.</span> 
     </span>
    </p>

    <p class='ocr_par' dir='ltr' id='par_1_8' title="bbox 429 1323 1575 1574">
     <span class='ocr_line' id='line_1_24' title="bbox 429 1323 1344 1367; baseline 0.002 -12"><span class='ocrx_word' id='word_1_146' title='bbox 429 1334 468 1355; x_wconf 76' lang='lat' dir='ltr'>uo</span> <span class='ocrx_word' id='word_1_147' title='bbox 511 1323 671 1364; x_wconf 82' lang='lat' dir='ltr'>Liberius,</span> <span class='ocrx_word' id='word_1_148' title='bbox 694 1334 898 1367; x_wconf 83' lang='lat' dir='ltr'>quocumque</span> <span class='ocrx_word' id='word_1_149' title='bbox 922 1325 1020 1365; x_wconf 87' lang='lat' dir='ltr'>volet,</span> <span class='ocrx_word' id='word_1_150' title='bbox 1044 1324 1190 1357; x_wconf 81' lang='lat' dir='ltr'>doctrina</span> <span class='ocrx_word' id='word_1_151' title='bbox 1213 1325 1344 1366; x_wconf 85' lang='lat' dir='ltr'>feretur,</span> 
     </span>
     <span class='ocr_line' id='line_1_25' title="bbox 512 1375 1276 1414; baseline 0.001 -6"><span class='ocrx_word' id='word_1_152' title='bbox 512 1375 647 1408; x_wconf 78' lang='lat' dir='ltr'>Ambiat</span> <span class='ocrx_word' id='word_1_153' title='bbox 668 1378 799 1408; x_wconf 85' lang='lat' dir='ltr'>auratos</span> <span class='ocrx_word' id='word_1_154' title='bbox 821 1377 848 1408; x_wconf 85' lang='lat' dir='ltr'>si</span> <span class='ocrx_word' id='word_1_155' title='bbox 871 1380 981 1409; x_wconf 85' lang='lat' dir='ltr'>vectes</span> <span class='ocrx_word' id='word_1_156' title='bbox 1005 1377 1141 1409; x_wconf 90' lang='lat' dir='ltr'>circulus</span> <span class='ocrx_word' id='word_1_157' title='bbox 1164 1387 1276 1414; x_wconf 59' lang='lat' dir='ltr'>arcam</span> 
     </span>
     <span class='ocr_line' id='line_1_26' title="bbox 511 1427 1575 1471; baseline 0.002 -11"><span class='ocrx_word' id='word_1_158' title='bbox 511 1427 646 1460; x_wconf 79' lang='lat' dir='ltr'>Discere</span> <span class='ocrx_word' id='word_1_159' title='bbox 668 1439 808 1471; x_wconf 77' lang='lat' dir='ltr'>namque</span> <span class='ocrx_word' id='word_1_160' title='bbox 831 1439 922 1461; x_wconf 85' lang='lat' dir='ltr'>mora</span> <span class='ocrx_word' id='word_1_161' title='bbox 945 1432 1004 1470; x_wconf 91' lang='lat' dir='ltr'>est,</span> <span class='ocrx_word' id='word_1_162' title='bbox 1028 1439 1100 1462; x_wconf 90' lang='lat' dir='ltr'>cum</span> <span class='ocrx_word' id='word_1_163' title='bbox 1123 1430 1192 1461; x_wconf 87' lang='lat' dir='ltr'>iure</span> <span class='ocrx_word' id='word_1_164' title='bbox 1216 1429 1333 1462; x_wconf 85' lang='lat' dir='ltr'>docere</span> <span class='ocrx_word' id='word_1_165' title='bbox 1357 1440 1492 1462; x_wconf 87' lang='lat' dir='ltr'>necesse</span> <span class='ocrx_word' id='word_1_166' title='bbox 1517 1435 1575 1462; x_wconf 87' lang='lat' dir='ltr'>est.</span> 
     </span>
     <span class='ocr_line' id='line_1_27' title="bbox 510 1479 1436 1523; baseline 0.001 -11"><span class='ocrx_word' id='word_1_167' title='bbox 510 1479 584 1512; x_wconf 86' lang='lat' dir='ltr'>Lex</span> <span class='ocrx_word' id='word_1_168' title='bbox 606 1481 739 1523; x_wconf 80' lang='lat' dir='ltr'>antiqua</span> <span class='ocrx_word' id='word_1_169' title='bbox 760 1481 866 1513; x_wconf 89' lang='lat' dir='ltr'>iubet:</span> <span class='ocrx_word' id='word_1_170' title='bbox 891 1491 1033 1513; x_wconf 90' lang='lat' dir='ltr'>summus</span> <span class='ocrx_word' id='word_1_171' title='bbox 1056 1491 1129 1513; x_wconf 90' lang='lat' dir='ltr'>cum</span> <span class='ocrx_word' id='word_1_172' title='bbox 1152 1484 1263 1513; x_wconf 81' lang='lat' dir='ltr'>sancta</span> <span class='ocrx_word' id='word_1_173' title='bbox 1286 1481 1436 1514; x_wconf 82' lang='lat' dir='ltr'>sacerdos</span> 
     </span>
     <span class='ocr_line' id='line_1_28' title="bbox 511 1531 1282 1574; baseline 0.001 -11"><span class='ocrx_word' id='word_1_174' title='bbox 511 1531 706 1574; x_wconf 76' lang='lat' dir='ltr'>Ingreditur,</span> <span class='ocrx_word' id='word_1_175' title='bbox 729 1533 835 1564; x_wconf 88' lang='lat' dir='ltr'>sonitu</span> <span class='ocrx_word' id='word_1_176' title='bbox 858 1533 1015 1565; x_wconf 82' lang='lat' dir='ltr'>malorum</span> <span class='ocrx_word' id='word_1_177' title='bbox 1038 1533 1161 1565; x_wconf 84' lang='lat' dir='ltr'>tinnula</span> <span class='ocrx_word' id='word_1_178' title='bbox 1184 1533 1282 1564; x_wconf 87' lang='lat' dir='ltr'>vestis</span> 
     </span>
    </p>

    <p class='ocr_par' dir='ltr' id='par_1_9' title="bbox 427 1584 1428 1835">
     <span class='ocr_line' id='line_1_29' title="bbox 427 1584 1428 1628; baseline 0.001 -13"><span class='ocrx_word' id='word_1_179' title='bbox 427 1596 466 1615; x_wconf 71' lang='lat'>⁸⁴⁵</span> <span class='ocrx_word' id='word_1_180' title='bbox 511 1584 695 1627; x_wconf 85' lang='lat' dir='ltr'>Conorepet</span> <span class='ocrx_word' id='word_1_181' title='bbox 717 1587 816 1628; x_wconf 80' lang='lat' dir='ltr'>atque</span> <span class='ocrx_word' id='word_1_182' title='bbox 838 1585 952 1617; x_wconf 87' lang='lat' dir='ltr'>habitu</span> <span class='ocrx_word' id='word_1_183' title='bbox 976 1585 1156 1617; x_wconf 82' lang='lat' dir='ltr'>concordet</span> <span class='ocrx_word' id='word_1_184' title='bbox 1174 1595 1253 1617; x_wconf 89' lang='lat' dir='ltr'>voce</span> <span class='ocrx_word' id='word_1_185' title='bbox 1277 1595 1428 1622; x_wconf 90' lang='lat' dir='ltr'>sonorus;</span> 
     </span>
     <span class='ocr_line' id='line_1_30' title="bbox 509 1635 1366 1677; baseline 0 -9"><span class='ocrx_word' id='word_1_186' title='bbox 509 1635 694 1677; x_wconf 84' lang='lat' dir='ltr'>Praedicet,</span> <span class='ocrx_word' id='word_1_187' title='bbox 718 1639 753 1668; x_wconf 90' lang='lat' dir='ltr'>ut</span> <span class='ocrx_word' id='word_1_188' title='bbox 775 1637 876 1668; x_wconf 79' lang='lat' dir='ltr'>vivat:</span> <span class='ocrx_word' id='word_1_189' title='bbox 900 1637 1043 1677; x_wconf 87' lang='lat' dir='ltr'>moritur,</span> <span class='ocrx_word' id='word_1_190' title='bbox 1067 1637 1094 1668; x_wconf 91' lang='lat' dir='ltr'>si</span> <span class='ocrx_word' id='word_1_191' title='bbox 1117 1636 1226 1668; x_wconf 88' lang='lat' dir='ltr'>dicere</span> <span class='ocrx_word' id='word_1_192' title='bbox 1250 1639 1366 1668; x_wconf 84' lang='lat' dir='ltr'>cessat.</span> 
     </span>
     <span class='ocr_line' id='line_1_31' title="bbox 509 1687 1330 1731; baseline 0 -11"><span class='ocrx_word' id='word_1_193' title='bbox 509 1687 596 1720; x_wconf 85' lang='lat' dir='ltr'>Huic</span> <span class='ocrx_word' id='word_1_194' title='bbox 619 1687 698 1720; x_wconf 74' lang='lat' dir='ltr'>tuba</span> <span class='ocrx_word' id='word_1_195' title='bbox 719 1688 761 1720; x_wconf 89' lang='lat' dir='ltr'>sit</span> <span class='ocrx_word' id='word_1_196' title='bbox 782 1688 911 1720; x_wconf 80' lang='lat' dir='ltr'>radians</span> <span class='ocrx_word' id='word_1_197' title='bbox 934 1691 1069 1731; x_wconf 82' lang='lat' dir='ltr'>argento</span> <span class='ocrx_word' id='word_1_198' title='bbox 1093 1688 1220 1720; x_wconf 85' lang='lat' dir='ltr'>ductilis</span> <span class='ocrx_word' id='word_1_199' title='bbox 1244 1688 1330 1728; x_wconf 81' lang='lat' dir='ltr'>albo,</span> 
     </span>
     <span class='ocr_line' id='line_1_32' title="bbox 510 1738 1272 1783; baseline 0.001 -12"><span class='ocrx_word' id='word_1_200' title='bbox 510 1738 635 1772; x_wconf 84' lang='lat' dir='ltr'>Doctcr</span> <span class='ocrx_word' id='word_1_201' title='bbox 656 1743 692 1772; x_wconf 90' lang='lat' dir='ltr'>ut</span> <span class='ocrx_word' id='word_1_202' title='bbox 714 1740 834 1783; x_wconf 89' lang='lat' dir='ltr'>eloquii</span> <span class='ocrx_word' id='word_1_203' title='bbox 857 1741 952 1772; x_wconf 90' lang='lat' dir='ltr'>rutilo</span> <span class='ocrx_word' id='word_1_204' title='bbox 976 1741 1103 1783; x_wconf 84' lang='lat' dir='ltr'>fulgore</span> <span class='ocrx_word' id='word_1_205' title='bbox 1125 1741 1272 1781; x_wconf 80' lang='lat' dir='ltr'>nitescat,</span> 
     </span>
     <span class='ocr_line' id='line_1_33' title="bbox 512 1790 1305 1835; baseline 0.001 -12"><span class='ocrx_word' id='word_1_206' title='bbox 512 1790 666 1824; x_wconf 78' lang='lat' dir='ltr'>concisus</span> <span class='ocrx_word' id='word_1_207' title='bbox 689 1792 778 1824; x_wconf 86' lang='lat' dir='ltr'>cuius</span> <span class='ocrx_word' id='word_1_208' title='bbox 801 1792 934 1834; x_wconf 80' lang='lat' dir='ltr'>clangor</span> <span class='ocrx_word' id='word_1_209' title='bbox 955 1793 1010 1835; x_wconf 90' lang='lat' dir='ltr'>pia</span> <span class='ocrx_word' id='word_1_210' title='bbox 1033 1796 1138 1824; x_wconf 82' lang='lat' dir='ltr'>castra</span> <span class='ocrx_word' id='word_1_211' title='bbox 1161 1792 1305 1824; x_wconf 84' lang='lat' dir='ltr'>movebit</span> 
     </span>
    </p>

    <p class='ocr_par' dir='ltr' id='par_1_10' title="bbox 428 1843 1244 1877">
     <span class='ocr_line' id='line_1_34' title="bbox 428 1843 1244 1877; baseline 0.002 -2"><span class='ocrx_word' id='word_1_212' title='bbox 428 1855 467 1875; x_wconf 73' lang='lat' dir='ltr'>ew</span> <span class='ocrx_word' id='word_1_213' title='bbox 509 1843 752 1876; x_wconf 82' lang='lat' dir='ltr'>Israhelitarum</span> <span class='ocrx_word' id='word_1_214' title='bbox 778 1845 924 1877; x_wconf 87' lang='lat' dir='ltr'>recinens</span> <span class='ocrx_word' id='word_1_215' title='bbox 947 1845 1065 1877; x_wconf 86' lang='lat' dir='ltr'>subtile</span> <span class='ocrx_word' id='word_1_216' title='bbox 1088 1846 1244 1877; x_wconf 89' lang='lat' dir='ltr'>minutum</span> 
     </span>
    </p>
   </div>
   <div class='ocr_carea' id='block_1_5' title="bbox 384 1920 1689 1927">
    <p class='ocr_par' dir='ltr' id='par_1_11' title="bbox 384 1920 1689 1927">
     <span class='ocr_line' id='line_1_35' title="bbox 384 1920 1689 1927; baseline 0 0"><span class='ocrx_word' id='word_1_217' title='bbox 384 1920 1689 1927; x_wconf 95' lang='lat' dir='ltr'> </span> 
     </span>
    </p>
   </div>
   <div class='ocr_carea' id='block_1_6' title="bbox 249 1972 855 2001">
    <p class='ocr_par' dir='ltr' id='par_1_12' title="bbox 249 1972 855 2001">
     <span class='ocr_line' id='line_1_36' title="bbox 249 1972 855 2001; baseline 0.002 -2"><span class='ocrx_word' id='word_1_218' title='bbox 249 1972 302 1999; x_wconf 70' lang='lat'>826</span> <span class='ocrx_word' id='word_1_219' title='bbox 319 1973 440 2000; x_wconf 74' lang='lat' dir='ltr'>docorum</span> <span class='ocrx_word' id='word_1_220' title='bbox 458 1982 526 2000; x_wconf 67' lang='lat' dir='ltr'>corr.</span> <span class='ocrx_word' id='word_1_221' title='bbox 539 1974 564 2000; x_wconf 73' lang='lat' dir='ltr'><strong><em>A</em></strong></span> <span class='ocrx_word' id='word_1_222' title='bbox 651 1973 704 2000; x_wconf 79' lang='lat'>845</span> <span class='ocrx_word' id='word_1_223' title='bbox 721 1975 820 2001; x_wconf 83' lang='lat' dir='ltr'>sonoris</span> <span class='ocrx_word' id='word_1_224' title='bbox 831 1975 855 2000; x_wconf 87' lang='lat' dir='ltr'><em>L</em></span> 
     </span>
    </p>
   </div>
   <div class='ocr_carea' id='block_1_7' title="bbox 147 2048 1796 2858">
    <p class='ocr_par' dir='ltr' id='par_1_13' title="bbox 147 2048 1796 2809">
     <span class='ocr_line' id='line_1_37' title="bbox 249 2048 1794 2085; baseline -0.001 -9"><span class='ocrx_word' id='word_1_225' title='bbox 249 2049 387 2076; x_wconf 65' lang='lat'><strong>823—827</strong></span> <span class='ocrx_word' id='word_1_226' title='bbox 405 2050 502 2077; x_wconf 62' lang='lat' dir='ltr'>Mam</span> <span class='ocrx_word' id='word_1_227' title='bbox 519 2051 607 2082; x_wconf 75' lang='lat'><strong>2:3‚27</strong></span> <span class='ocrx_word' id='word_1_228' title='bbox 628 2059 678 2078; x_wconf 68' lang='lat' dir='ltr'>vae</span> <span class='ocrx_word' id='word_1_229' title='bbox 695 2051 788 2082; x_wconf 85' lang='lat' dir='ltr'>vobis,</span> <span class='ocrx_word' id='word_1_230' title='bbox 814 2051 920 2078; x_wconf 80' lang='lat' dir='ltr'>scribae</span> <span class='ocrx_word' id='word_1_231' title='bbox 939 2053 968 2078; x_wconf 79' lang='lat' dir='ltr'>et</span> <span class='ocrx_word' id='word_1_232' title='bbox 986 2051 1127 2078; x_wconf 78' lang='lat' dir='ltr'>Pharisaei</span> <span class='ocrx_word' id='word_1_233' title='bbox 1152 2051 1327 2085; x_wconf 78' lang='lat' dir='ltr'>hypocritae,</span> <span class='ocrx_word' id='word_1_234' title='bbox 1351 2050 1400 2084; x_wconf 89' lang='lat' dir='ltr'>qui</span> <span class='ocrx_word' id='word_1_235' title='bbox 1425 2050 1529 2076; x_wconf 86' lang='lat' dir='ltr'>similes</span> <span class='ocrx_word' id='word_1_236' title='bbox 1552 2049 1618 2076; x_wconf 81' lang='lat' dir='ltr'>estis</span> <span class='ocrx_word' id='word_1_237' title='bbox 1642 2048 1794 2083; x_wconf 83' lang='lat' dir='ltr'>sepulchris</span> 
     </span>
     <span class='ocr_line' id='line_1_38' title="bbox 147 2099 1794 2138; baseline -0.001 -11"><span class='ocrx_word' id='word_1_238' title='bbox 147 2099 293 2133; x_wconf 70' lang='lat' dir='ltr'>dealbatis,</span> <span class='ocrx_word' id='word_1_239' title='bbox 311 2110 384 2136; x_wconf 73' lang='lat' dir='ltr'>quae</span> <span class='ocrx_word' id='word_1_240' title='bbox 402 2110 419 2128; x_wconf 77' lang='lat' dir='ltr'>a</span> <span class='ocrx_word' id='word_1_241' title='bbox 437 2102 543 2130; x_wconf 83' lang='lat' dir='ltr'>foribus</span> <span class='ocrx_word' id='word_1_242' title='bbox 561 2104 662 2138; x_wconf 74' lang='lat' dir='ltr'>parent</span> <span class='ocrx_word' id='word_1_243' title='bbox 680 2103 839 2130; x_wconf 81' lang='lat' dir='ltr'>hominibus</span> <span class='ocrx_word' id='word_1_244' title='bbox 858 2104 991 2138; x_wconf 79' lang='lat' dir='ltr'>speciosa,</span> <span class='ocrx_word' id='word_1_245' title='bbox 1011 2103 1087 2130; x_wconf 87' lang='lat' dir='ltr'>intus</span> <span class='ocrx_word' id='word_1_246' title='bbox 1106 2111 1170 2130; x_wconf 86' lang='lat' dir='ltr'>vero</span> <span class='ocrx_word' id='word_1_247' title='bbox 1188 2103 1273 2137; x_wconf 75' lang='lat' dir='ltr'>plena</span> <span class='ocrx_word' id='word_1_248' title='bbox 1285 2103 1350 2129; x_wconf 84' lang='lat' dir='ltr'>sunt</span> <span class='ocrx_word' id='word_1_249' title='bbox 1362 2101 1469 2129; x_wconf 87' lang='lat' dir='ltr'>ossibus</span> <span class='ocrx_word' id='word_1_250' title='bbox 1482 2102 1652 2127; x_wconf 86' lang='lat' dir='ltr'>mortuorum</span> <span class='ocrx_word' id='word_1_251' title='bbox 1672 2101 1701 2127; x_wconf 87' lang='lat' dir='ltr'>et</span> <span class='ocrx_word' id='word_1_252' title='bbox 1719 2100 1794 2127; x_wconf 91' lang='lat' dir='ltr'>omni</span> 
     </span>
     <span class='ocr_line' id='line_1_39' title="bbox 148 2151 1796 2190; baseline 0 -11"><span class='ocrx_word' id='word_1_253' title='bbox 148 2151 296 2186; x_wconf 74' lang='lat' dir='ltr'>spurcitia:</span> <span class='ocrx_word' id='word_1_254' title='bbox 321 2154 356 2180; x_wconf 82' lang='lat'>28</span> <span class='ocrx_word' id='word_1_255' title='bbox 373 2153 413 2180; x_wconf 82' lang='lat' dir='ltr'>sic</span> <span class='ocrx_word' id='word_1_256' title='bbox 431 2154 460 2181; x_wconf 89' lang='lat' dir='ltr'>et</span> <span class='ocrx_word' id='word_1_257' title='bbox 477 2162 526 2181; x_wconf 80' lang='lat' dir='ltr'>vos</span> <span class='ocrx_word' id='word_1_258' title='bbox 543 2163 561 2181; x_wconf 83' lang='lat' dir='ltr'>a</span> <span class='ocrx_word' id='word_1_259' title='bbox 579 2154 646 2181; x_wconf 83' lang='lat' dir='ltr'>foris</span> <span class='ocrx_word' id='word_1_260' title='bbox 664 2155 778 2189; x_wconf 89' lang='lat' dir='ltr'>quidem</span> <span class='ocrx_word' id='word_1_261' title='bbox 795 2155 901 2190; x_wconf 75' lang='lat' dir='ltr'>paretis</span> <span class='ocrx_word' id='word_1_262' title='bbox 920 2155 1080 2182; x_wconf 86' lang='lat' dir='ltr'>hominibus</span> <span class='ocrx_word' id='word_1_263' title='bbox 1103 2155 1183 2185; x_wconf 86' lang='lat' dir='ltr'>iusti,</span> <span class='ocrx_word' id='word_1_264' title='bbox 1206 2155 1282 2181; x_wconf 85' lang='lat' dir='ltr'>intus</span> <span class='ocrx_word' id='word_1_265' title='bbox 1306 2157 1400 2182; x_wconf 76' lang='lat' dir='ltr'>autem</span> <span class='ocrx_word' id='word_1_266' title='bbox 1423 2154 1490 2181; x_wconf 86' lang='lat' dir='ltr'>estis</span> <span class='ocrx_word' id='word_1_267' title='bbox 1512 2153 1588 2188; x_wconf 85' lang='lat' dir='ltr'>pleni</span> <span class='ocrx_word' id='word_1_268' title='bbox 1608 2153 1748 2188; x_wconf 82' lang='lat' dir='ltr'>hypocrisi</span> <span class='ocrx_word' id='word_1_269' title='bbox 1767 2154 1796 2179; x_wconf 88' lang='lat' dir='ltr'>et</span> 
     </span>
     <span class='ocr_line' id='line_1_40' title="bbox 148 2202 1795 2242; baseline -0.001 -9"><span class='ocrx_word' id='word_1_270' title='bbox 148 2202 306 2238; x_wconf 69' lang='lat' dir='ltr'>iniquitate.</span> <span class='ocrx_word' id='word_1_271' title='bbox 402 2206 454 2233; x_wconf 74' lang='lat'>824</span> <span class='ocrx_word' id='word_1_272' title='bbox 476 2206 564 2234; x_wconf 89' lang='lat' dir='ltr'>minio</span> <span class='ocrx_word' id='word_1_273' title='bbox 587 2207 738 2234; x_wconf 78' lang='lat' dir='ltr'>rubescunt</span> <span class='ocrx_word' id='word_1_274' title='bbox 759 2207 914 2242; x_wconf 86' lang='lat' dir='ltr'>(minioque</span> <span class='ocrx_word' id='word_1_275' title='bbox 937 2208 1084 2235; x_wconf 86' lang='lat' dir='ltr'>rubentem</span> <span class='ocrx_word' id='word_1_276' title='bbox 1102 2208 1161 2234; x_wconf 75' lang='lat' dir='ltr'>Ed.</span> <span class='ocrx_word' id='word_1_277' title='bbox 1182 2207 1267 2240; x_wconf 78' lang='lat' dir='ltr'><strong>X27)</strong></span> <span class='ocrx_word' id='word_1_278' title='bbox 1290 2206 1471 2240; x_wconf 62' lang='lat' dir='ltr'>sepulcrorum</span> <span class='ocrx_word' id='word_1_279' title='bbox 1497 2205 1576 2232; x_wconf 71' lang='lat' dir='ltr'>tituli.</span> <span class='ocrx_word' id='word_1_280' title='bbox 1672 2204 1731 2230; x_wconf 84' lang='lat'>834.</span> <span class='ocrx_word' id='word_1_281' title='bbox 1744 2204 1795 2232; x_wconf 84' lang='lat'>835</span> 
     </span>
     <span class='ocr_line' id='line_1_41' title="bbox 147 2253 1794 2294; baseline -0.001 -12"><span class='ocrx_word' id='word_1_282' title='bbox 147 2253 204 2282; x_wconf 70' lang='grc' dir='ltr'>Ιώ.</span> <span class='ocrx_word' id='word_1_283' title='bbox 220 2255 246 2288; x_wconf 80' lang='grc'>4,</span> <span class='ocrx_word' id='word_1_284' title='bbox 260 2256 293 2284; x_wconf 83' lang='grc'>13</span> <span class='ocrx_word' id='word_1_285' title='bbox 310 2257 359 2291; x_wconf 87' lang='lat' dir='ltr'>qui</span> <span class='ocrx_word' id='word_1_286' title='bbox 378 2259 474 2285; x_wconf 75' lang='lat' dir='ltr'>autem</span> <span class='ocrx_word' id='word_1_287' title='bbox 492 2258 596 2285; x_wconf 77' lang='lat' dir='ltr'>biberit</span> <span class='ocrx_word' id='word_1_288' title='bbox 613 2267 647 2285; x_wconf 87' lang='lat' dir='ltr'>ex</span> <span class='ocrx_word' id='word_1_289' title='bbox 665 2257 753 2293; x_wconf 79' lang='lat' dir='ltr'>aqu&#39;a,</span> <span class='ocrx_word' id='word_1_290' title='bbox 771 2268 855 2294; x_wconf 82' lang='lat' dir='ltr'>qumn</span> <span class='ocrx_word' id='word_1_291' title='bbox 875 2268 926 2294; x_wconf 80' lang='lat' dir='ltr'>ego</span> <span class='ocrx_word' id='word_1_292' title='bbox 945 2260 1018 2287; x_wconf 78' lang='lat' dir='ltr'>dubo</span> <span class='ocrx_word' id='word_1_293' title='bbox 1037 2260 1075 2291; x_wconf 82' lang='lat' dir='ltr'>ei,</span> <span class='ocrx_word' id='word_1_294' title='bbox 1094 2268 1148 2286; x_wconf 91' lang='lat' dir='ltr'>non</span> <span class='ocrx_word' id='word_1_295' title='bbox 1169 2259 1247 2286; x_wconf 87' lang='lat' dir='ltr'>sitiet</span> <span class='ocrx_word' id='word_1_296' title='bbox 1266 2259 1295 2285; x_wconf 89' lang='lat' dir='ltr'>in</span> <span class='ocrx_word' id='word_1_297' title='bbox 1313 2259 1470 2287; x_wconf 75' lang='lat' dir='ltr'>aeternum.</span> <span class='ocrx_word' id='word_1_298' title='bbox 1491 2257 1522 2283; x_wconf 82' lang='lat'>14</span> <span class='ocrx_word' id='word_1_299' title='bbox 1542 2256 1589 2283; x_wconf 91' lang='lat' dir='ltr'>sed</span> <span class='ocrx_word' id='word_1_300' title='bbox 1608 2264 1690 2290; x_wconf 82' lang='lat' dir='ltr'>aqua,</span> <span class='ocrx_word' id='word_1_301' title='bbox 1709 2264 1794 2290; x_wconf 84' lang='lat' dir='ltr'>quam</span> 
     </span>
     <span class='ocr_line' id='line_1_42' title="bbox 148 2298 1794 2345; baseline 0 -12"><span class='ocrx_word' id='word_1_302' title='bbox 148 2315 200 2341; x_wconf 80' lang='lat' dir='ltr'>ego</span> <span class='ocrx_word' id='word_1_303' title='bbox 224 2306 296 2335; x_wconf 78' lang='lat' dir='ltr'>dabo</span> <span class='ocrx_word' id='word_1_304' title='bbox 323 2309 360 2341; x_wconf 87' lang='lat' dir='ltr'>ei,</span> <span class='ocrx_word' id='word_1_305' title='bbox 384 2309 433 2336; x_wconf 80' lang='lat' dir='ltr'>fiet</span> <span class='ocrx_word' id='word_1_306' title='bbox 454 2309 484 2336; x_wconf 93' lang='lat' dir='ltr'>in</span> <span class='ocrx_word' id='word_1_307' title='bbox 507 2298 540 2338; x_wconf 80' lang='lat' dir='ltr'>eo</span> <span class='ocrx_word' id='word_1_308' title='bbox 562 2311 623 2338; x_wconf 82' lang='lat' dir='ltr'>sous</span> <span class='ocrx_word' id='word_1_309' title='bbox 646 2319 736 2345; x_wconf 73' lang='lat' dir='ltr'>aquae</span> <span class='ocrx_word' id='word_1_310' title='bbox 760 2299 887 2339; x_wconf 67' lang='lat' dir='ltr'>salientis</span> <span class='ocrx_word' id='word_1_311' title='bbox 910 2311 940 2338; x_wconf 88' lang='lat' dir='ltr'>in</span> <span class='ocrx_word' id='word_1_312' title='bbox 960 2311 1046 2338; x_wconf 85' lang='lat' dir='ltr'>vitam</span> <span class='ocrx_word' id='word_1_313' title='bbox 1065 2313 1216 2338; x_wconf 76' lang='lat' dir='ltr'>aeternam.</span> <span class='ocrx_word' id='word_1_314' title='bbox 1304 2310 1362 2336; x_wconf 81' lang='lat'><strong>838.</strong></span> <span class='ocrx_word' id='word_1_315' title='bbox 1375 2309 1426 2336; x_wconf 87' lang='grc'>839</span> <span class='ocrx_word' id='word_1_316' title='bbox 1446 2307 1661 2335; x_wconf 59' lang='lat' dir='ltr'>heudo-Melita</span> <span class='ocrx_word' id='word_1_317' title='bbox 1679 2307 1794 2341; x_wconf 61' lang='grc' dir='ltr'>θρὰ-ἄορ.</span> 
     </span>
     <span class='ocr_line' id='line_1_43' title="bbox 149 2357 1793 2397; baseline 0 -12"><span class='ocrx_word' id='word_1_318' title='bbox 149 2357 257 2386; x_wconf 68' lang='lat' dir='ltr'>Solam.</span> <span class='ocrx_word' id='word_1_319' title='bbox 277 2360 372 2388; x_wconf 81' lang='lat'><strong>11163</strong></span> <span class='ocrx_word' id='word_1_320' title='bbox 389 2362 498 2396; x_wconf 80' lang='lat' dir='ltr'>puteus.</span> <span class='ocrx_word' id='word_1_321' title='bbox 523 2362 650 2389; x_wconf 85' lang='lat' dir='ltr'>Christus</span> <span class='ocrx_word' id='word_1_322' title='bbox 669 2383 693 2389; x_wconf 93' lang='lat'>..</span> <span class='ocrx_word' id='word_1_323' title='bbox 713 2364 823 2397; x_wconf 79' lang='lat' dir='ltr'>‘puteus</span> <span class='ocrx_word' id='word_1_324' title='bbox 837 2362 956 2389; x_wconf 82' lang='lat' dir='ltr'>viventis</span> <span class='ocrx_word' id='word_1_325' title='bbox 975 2364 1003 2389; x_wconf 91' lang='lat' dir='ltr'>et</span> <span class='ocrx_word' id='word_1_326' title='bbox 1022 2362 1153 2393; x_wconf 87' lang='lat' dir='ltr'>videntis;</span> <span class='ocrx_word' id='word_1_327' title='bbox 1174 2370 1235 2388; x_wconf 82' lang='lat' dir='ltr'>ecce</span> <span class='ocrx_word' id='word_1_328' title='bbox 1248 2361 1322 2387; x_wconf 81' lang='lat' dir='ltr'>inter</span> <span class='ocrx_word' id='word_1_329' title='bbox 1334 2360 1420 2388; x_wconf 72' lang='lat' dir='ltr'>cades</span> <span class='ocrx_word' id='word_1_330' title='bbox 1435 2361 1463 2386; x_wconf 84' lang='lat' dir='ltr'>et</span> <span class='ocrx_word' id='word_1_331' title='bbox 1477 2360 1571 2386; x_wconf 78' lang='lat' dir='ltr'>Bsmc&#39;</span> <span class='ocrx_word' id='word_1_332' title='bbox 1591 2359 1669 2391; x_wconf 76' lang='lat' dir='ltr'>(Gen.</span> <span class='ocrx_word' id='word_1_333' title='bbox 1688 2359 1793 2391; x_wconf 75' lang='lat'>24‚62).</span> 
     </span>
     <span class='ocr_line' id='line_1_44' title="bbox 147 2410 1793 2449; baseline -0.001 -11"><span class='ocrx_word' id='word_1_334' title='bbox 147 2410 196 2438; x_wconf 77' lang='lat' dir='ltr'>8ss</span> <span class='ocrx_word' id='word_1_335' title='bbox 218 2411 309 2440; x_wconf 75' lang='lat' dir='ltr'>Ema.</span> <span class='ocrx_word' id='word_1_336' title='bbox 327 2413 369 2446; x_wconf 81' lang='lat'>25,</span> <span class='ocrx_word' id='word_1_337' title='bbox 381 2413 413 2440; x_wconf 81' lang='lat'>13</span> <span class='ocrx_word' id='word_1_338' title='bbox 430 2413 516 2441; x_wconf 75' lang='lat' dir='ltr'>facies</span> <span class='ocrx_word' id='word_1_339' title='bbox 533 2422 645 2449; x_wconf 84' lang='lat' dir='ltr'>quoqne</span> <span class='ocrx_word' id='word_1_340' title='bbox 659 2416 751 2441; x_wconf 79' lang='lat' dir='ltr'>vectes</span> <span class='ocrx_word' id='word_1_341' title='bbox 769 2414 804 2441; x_wconf 87' lang='lat' dir='ltr'>de</span> <span class='ocrx_word' id='word_1_342' title='bbox 822 2414 908 2449; x_wconf 77' lang='lat' dir='ltr'>lignis</span> <span class='ocrx_word' id='word_1_343' title='bbox 927 2413 1008 2441; x_wconf 85' lang='lat' dir='ltr'>setim</span> <span class='ocrx_word' id='word_1_344' title='bbox 1021 2417 1050 2440; x_wconf 88' lang='lat' dir='ltr'>et</span> <span class='ocrx_word' id='word_1_345' title='bbox 1069 2413 1175 2448; x_wconf 81' lang='lat' dir='ltr'>operies</span> <span class='ocrx_word' id='word_1_346' title='bbox 1195 2422 1241 2439; x_wconf 84' lang='lat' dir='ltr'>eos</span> <span class='ocrx_word' id='word_1_347' title='bbox 1260 2421 1336 2439; x_wconf 79' lang='lat' dir='ltr'>auro.</span> <span class='ocrx_word' id='word_1_348' title='bbox 1369 2412 1398 2438; x_wconf 85' lang='grc'>14</span> <span class='ocrx_word' id='word_1_349' title='bbox 1417 2411 1586 2445; x_wconf 81' lang='lat' dir='ltr'>inducesque</span> <span class='ocrx_word' id='word_1_350' title='bbox 1606 2419 1655 2445; x_wconf 85' lang='lat' dir='ltr'>per</span> <span class='ocrx_word' id='word_1_351' title='bbox 1668 2410 1793 2442; x_wconf 84' lang='lat' dir='ltr'>circulos,</span> 
     </span>
     <span class='ocr_line' id='line_1_45' title="bbox 149 2462 1794 2501; baseline -0.001 -11"><span class='ocrx_word' id='word_1_352' title='bbox 149 2462 198 2497; x_wconf 86' lang='lat' dir='ltr'>qui</span> <span class='ocrx_word' id='word_1_353' title='bbox 215 2465 282 2491; x_wconf 74' lang='lat' dir='ltr'>nunt</span> <span class='ocrx_word' id='word_1_354' title='bbox 298 2463 328 2491; x_wconf 89' lang='lat' dir='ltr'>in</span> <span class='ocrx_word' id='word_1_355' title='bbox 347 2472 428 2492; x_wconf 69' lang='lat' dir='ltr'>areae</span> <span class='ocrx_word' id='word_1_356' title='bbox 446 2465 589 2499; x_wconf 74' lang='lat' dir='ltr'>luteribus,</span> <span class='ocrx_word' id='word_1_357' title='bbox 608 2467 641 2493; x_wconf 89' lang='lat' dir='ltr'>ut</span> <span class='ocrx_word' id='word_1_358' title='bbox 659 2467 787 2501; x_wconf 82' lang='lat' dir='ltr'>portetur</span> <span class='ocrx_word' id='word_1_359' title='bbox 805 2465 834 2492; x_wconf 89' lang='lat' dir='ltr'>in</span> <span class='ocrx_word' id='word_1_360' title='bbox 853 2466 900 2492; x_wconf 87' lang='lat' dir='ltr'>eis.</span> <span class='ocrx_word' id='word_1_361' title='bbox 989 2465 1128 2492; x_wconf 82' lang='lat'>843-846</span> <span class='ocrx_word' id='word_1_362' title='bbox 1153 2464 1243 2491; x_wconf 69' lang='lat' dir='ltr'>Emi.</span> <span class='ocrx_word' id='word_1_363' title='bbox 1261 2464 1303 2495; x_wconf 79' lang='lat'>28,</span> <span class='ocrx_word' id='word_1_364' title='bbox 1315 2465 1350 2491; x_wconf 84' lang='lat'>33</span> <span class='ocrx_word' id='word_1_365' title='bbox 1368 2463 1495 2490; x_wconf 88' lang='lat' dir='ltr'>deorsum</span> <span class='ocrx_word' id='word_1_366' title='bbox 1514 2462 1548 2490; x_wconf 74' lang='lat' dir='ltr'>ad</span> <span class='ocrx_word' id='word_1_367' title='bbox 1569 2462 1652 2497; x_wconf 87' lang='lat' dir='ltr'>pedes</span> <span class='ocrx_word' id='word_1_368' title='bbox 1670 2462 1794 2489; x_wconf 83' lang='lat' dir='ltr'>eiusdem</span> 
     </span>
     <span class='ocr_line' id='line_1_46' title="bbox 149 2513 1794 2552; baseline -0.001 -10"><span class='ocrx_word' id='word_1_369' title='bbox 149 2514 261 2542; x_wconf 72' lang='lat' dir='ltr'>tunimo</span> <span class='ocrx_word' id='word_1_370' title='bbox 278 2523 328 2550; x_wconf 75' lang='lat' dir='ltr'>per</span> <span class='ocrx_word' id='word_1_371' title='bbox 345 2516 492 2544; x_wconf 71' lang='lat' dir='ltr'>circuitum</span> <span class='ocrx_word' id='word_1_372' title='bbox 510 2517 590 2552; x_wconf 72' lang='lat' dir='ltr'>quasi</span> <span class='ocrx_word' id='word_1_373' title='bbox 610 2518 685 2545; x_wconf 72' lang='lat' dir='ltr'>mula</span> <span class='ocrx_word' id='word_1_374' title='bbox 702 2517 805 2552; x_wconf 82' lang='lat' dir='ltr'>punica</span> <span class='ocrx_word' id='word_1_375' title='bbox 824 2517 909 2544; x_wconf 75' lang='lat' dir='ltr'>facies</span> <span class='ocrx_word' id='word_1_376' title='bbox 922 2516 1017 2543; x_wconf 85' lang='lat' dir='ltr'>mixtis</span> <span class='ocrx_word' id='word_1_377' title='bbox 1036 2516 1066 2543; x_wconf 89' lang='lat' dir='ltr'>in</span> <span class='ocrx_word' id='word_1_378' title='bbox 1078 2516 1170 2543; x_wconf 86' lang='lat' dir='ltr'>medio</span> <span class='ocrx_word' id='word_1_379' title='bbox 1183 2515 1390 2546; x_wconf 78' lang='lat' dir='ltr'>tintinnabulis,</span> <span class='ocrx_word' id='word_1_380' title='bbox 1409 2515 1443 2542; x_wconf 80' lang='lat'>34</span> <span class='ocrx_word' id='word_1_381' title='bbox 1461 2514 1503 2541; x_wconf 79' lang='lat' dir='ltr'>ita</span> <span class='ocrx_word' id='word_1_382' title='bbox 1521 2515 1553 2540; x_wconf 89' lang='lat' dir='ltr'>ut</span> <span class='ocrx_word' id='word_1_383' title='bbox 1571 2513 1794 2541; x_wconf 79' lang='lat' dir='ltr'>tintinnabulum</span> 
     </span>
     <span class='ocr_line' id='line_1_47' title="bbox 148 2565 1795 2600; baseline 0.001 -7"><span class='ocrx_word' id='word_1_384' title='bbox 148 2565 187 2594; x_wconf 73' lang='lat' dir='ltr'>sit</span> <span class='ocrx_word' id='word_1_385' title='bbox 202 2575 317 2594; x_wconf 70' lang='lat' dir='ltr'>aureum</span> <span class='ocrx_word' id='word_1_386' title='bbox 336 2588 357 2596; x_wconf 91' lang='lat'>..</span> <span class='ocrx_word' id='word_1_387' title='bbox 375 2567 410 2596; x_wconf 78' lang='lat'>35</span> <span class='ocrx_word' id='word_1_388' title='bbox 428 2570 457 2596; x_wconf 79' lang='lat' dir='ltr'>et</span> <span class='ocrx_word' id='word_1_389' title='bbox 468 2569 604 2596; x_wconf 83' lang='lat' dir='ltr'>vestietur</span> <span class='ocrx_word' id='word_1_390' title='bbox 623 2577 656 2596; x_wconf 81' lang='lat' dir='ltr'>eu</span> <span class='ocrx_word' id='word_1_391' title='bbox 676 2570 767 2596; x_wconf 72' lang='lat' dir='ltr'>Aaron</span> <span class='ocrx_word' id='word_1_392' title='bbox 785 2569 815 2596; x_wconf 86' lang='lat' dir='ltr'>in</span> <span class='ocrx_word' id='word_1_393' title='bbox 833 2568 925 2596; x_wconf 81' lang='lat' dir='ltr'>officio</span> <span class='ocrx_word' id='word_1_394' title='bbox 944 2568 1102 2599; x_wconf 80' lang='lat' dir='ltr'>ministerii,</span> <span class='ocrx_word' id='word_1_395' title='bbox 1121 2570 1153 2595; x_wconf 89' lang='lat' dir='ltr'>ut</span> <span class='ocrx_word' id='word_1_396' title='bbox 1172 2567 1305 2594; x_wconf 81' lang='lat' dir='ltr'>audiatur</span> <span class='ocrx_word' id='word_1_397' title='bbox 1322 2566 1439 2598; x_wconf 83' lang='lat' dir='ltr'>sonitus,</span> <span class='ocrx_word' id='word_1_398' title='bbox 1459 2566 1571 2600; x_wconf 72' lang='lat' dir='ltr'>quando</span> <span class='ocrx_word' id='word_1_399' title='bbox 1589 2565 1748 2600; x_wconf 80' lang='lat' dir='ltr'>ingreditur</span> <span class='ocrx_word' id='word_1_400' title='bbox 1765 2569 1795 2594; x_wconf 87' lang='lat' dir='ltr'>et</span> 
     </span>
     <span class='ocr_line' id='line_1_48' title="bbox 148 2617 1794 2656; baseline -0.001 -10"><span class='ocrx_word' id='word_1_401' title='bbox 148 2618 291 2654; x_wconf 71' lang='lat' dir='ltr'>egreditur</span> <span class='ocrx_word' id='word_1_402' title='bbox 308 2620 496 2648; x_wconf 71' lang='lat' dir='ltr'>sanctuarium</span> <span class='ocrx_word' id='word_1_403' title='bbox 515 2621 544 2648; x_wconf 91' lang='lat' dir='ltr'>in</span> <span class='ocrx_word' id='word_1_404' title='bbox 563 2622 713 2656; x_wconf 82' lang='lat' dir='ltr'>conspectu</span> <span class='ocrx_word' id='word_1_405' title='bbox 731 2621 837 2648; x_wconf 87' lang='lat' dir='ltr'>domini</span> <span class='ocrx_word' id='word_1_406' title='bbox 856 2622 885 2647; x_wconf 87' lang='lat' dir='ltr'>et</span> <span class='ocrx_word' id='word_1_407' title='bbox 903 2629 958 2647; x_wconf 87' lang='lat' dir='ltr'>non</span> <span class='ocrx_word' id='word_1_408' title='bbox 982 2620 1126 2647; x_wconf 84' lang='lat' dir='ltr'>moriatur.</span> <span class='ocrx_word' id='word_1_409' title='bbox 1213 2619 1351 2646; x_wconf 78' lang='lat'>847-849</span> <span class='ocrx_word' id='word_1_410' title='bbox 1373 2617 1592 2645; x_wconf 59' lang='lat' dir='ltr'>heudo-Melia&gt;</span> <span class='ocrx_word' id='word_1_411' title='bbox 1610 2618 1627 2645; x_wconf 82' lang='lat' dir='ltr'>l.</span> <span class='ocrx_word' id='word_1_412' title='bbox 1639 2625 1660 2644; x_wconf 80' lang='lat' dir='ltr'>c.</span> <span class='ocrx_word' id='word_1_413' title='bbox 1679 2618 1736 2644; x_wconf 88' lang='lat' dir='ltr'>III</span> <span class='ocrx_word' id='word_1_414' title='bbox 1744 2618 1794 2645; x_wconf 77' lang='lat'>146</span> 
     </span>
     <span class='ocr_line' id='line_1_49' title="bbox 149 2669 1794 2706; baseline -0.001 -9"><span class='ocrx_word' id='word_1_415' title='bbox 149 2669 234 2697; x_wconf 65' lang='lat' dir='ltr'>tubae</span> <span class='ocrx_word' id='word_1_416' title='bbox 255 2669 341 2703; x_wconf 73' lang='lat' dir='ltr'>duae,</span> <span class='ocrx_word' id='word_1_417' title='bbox 365 2671 467 2699; x_wconf 78' lang='lat' dir='ltr'>veteris</span> <span class='ocrx_word' id='word_1_418' title='bbox 490 2673 518 2699; x_wconf 81' lang='lat' dir='ltr'>et</span> <span class='ocrx_word' id='word_1_419' title='bbox 545 2672 610 2699; x_wconf 87' lang='lat' dir='ltr'>novi</span> <span class='ocrx_word' id='word_1_420' title='bbox 635 2672 796 2699; x_wconf 73' lang='lat' dir='ltr'>testamenti</span> <span class='ocrx_word' id='word_1_421' title='bbox 823 2672 1008 2706; x_wconf 79' lang='lat' dir='ltr'>praedicatio:</span> <span class='ocrx_word' id='word_1_422' title='bbox 1037 2671 1067 2698; x_wconf 90' lang='lat' dir='ltr'>in</span> <span class='ocrx_word' id='word_1_423' title='bbox 1094 2671 1165 2698; x_wconf 88' lang='lat' dir='ltr'>libro</span> <span class='ocrx_word' id='word_1_424' title='bbox 1191 2670 1307 2698; x_wconf 83' lang='lat' dir='ltr'>Numeri</span> <span class='ocrx_word' id='word_1_425' title='bbox 1332 2670 1384 2704; x_wconf 89' lang='lat'>(10,</span> <span class='ocrx_word' id='word_1_426' title='bbox 1398 2670 1426 2704; x_wconf 78' lang='lat'>2)</span> <span class='ocrx_word' id='word_1_427' title='bbox 1454 2670 1506 2696; x_wconf 73' lang='lat' dir='ltr'>‘fae</span> <span class='ocrx_word' id='word_1_428' title='bbox 1533 2669 1588 2696; x_wconf 88' lang='lat' dir='ltr'>tibi</span> <span class='ocrx_word' id='word_1_429' title='bbox 1615 2669 1684 2696; x_wconf 79' lang='lat' dir='ltr'>duas</span> <span class='ocrx_word' id='word_1_430' title='bbox 1711 2669 1794 2696; x_wconf 78' lang='lat' dir='ltr'>tubas</span> 
     </span>
     <span class='ocr_line' id='line_1_50' title="bbox 148 2720 1793 2758; baseline -0.001 -9"><span class='ocrx_word' id='word_1_431' title='bbox 148 2722 296 2756; x_wconf 62' lang='lat' dir='ltr'>urgeam</span> <span class='ocrx_word' id='word_1_432' title='bbox 313 2722 349 2750; x_wconf 75' lang='lat' dir='ltr'>ad</span> <span class='ocrx_word' id='word_1_433' title='bbox 368 2723 535 2751; x_wconf 69' lang='lat' dir='ltr'>evocandam</span> <span class='ocrx_word' id='word_1_434' title='bbox 555 2723 736 2758; x_wconf 70' lang='lat' dir='ltr'>synagogam&#39;</span> <span class='ocrx_word' id='word_1_435' title='bbox 755 2723 804 2756; x_wconf 73' lang='lat' dir='ltr'>(cic</span> <span class='ocrx_word' id='word_1_436' title='bbox 820 2723 876 2756; x_wconf 74' lang='lat' dir='ltr'>sere</span> <span class='ocrx_word' id='word_1_437' title='bbox 893 2731 955 2750; x_wconf 80' lang='lat' dir='ltr'>cum</span> <span class='ocrx_word' id='word_1_438' title='bbox 973 2723 1121 2756; x_wconf 70' lang='lat' dir='ltr'>Ambrosio,</span> <span class='ocrx_word' id='word_1_439' title='bbox 1141 2723 1159 2749; x_wconf 82' lang='lat' dir='ltr'>f.</span> <span class='ocrx_word' id='word_1_440' title='bbox 1174 2724 1193 2750; x_wconf 87' lang='lat' dir='ltr'>t.</span> <span class='ocrx_word' id='word_1_441' title='bbox 1208 2723 1235 2749; x_wconf 86' lang='lat' dir='ltr'>cl.</span> <span class='ocrx_word' id='word_1_442' title='bbox 1248 2724 1267 2749; x_wconf 89' lang='lat' dir='ltr'>t.</span> <span class='ocrx_word' id='word_1_443' title='bbox 1287 2722 1436 2757; x_wconf 73' lang='lat' dir='ltr'>argenteas</span> <span class='ocrx_word' id='word_1_444' title='bbox 1454 2721 1585 2754; x_wconf 85' lang='lat' dir='ltr'>ductiles,</span> <span class='ocrx_word' id='word_1_445' title='bbox 1609 2720 1711 2755; x_wconf 81' lang='lat' dir='ltr'>quibus</span> <span class='ocrx_word' id='word_1_446' title='bbox 1729 2729 1793 2748; x_wconf 89' lang='lat' dir='ltr'>eon-</span> 
     </span>
     <span class='ocr_line' id='line_1_51' title="bbox 151 2773 1296 2809; baseline 0.001 -10"><span class='ocrx_word' id='word_1_447' title='bbox 151 2781 248 2800; x_wconf 72' lang='lat' dir='ltr'>voeare</span> <span class='ocrx_word' id='word_1_448' title='bbox 266 2774 355 2808; x_wconf 80' lang='lat' dir='ltr'>possis</span> <span class='ocrx_word' id='word_1_449' title='bbox 374 2774 592 2807; x_wconf 83' lang='lat' dir='ltr'>multitudinem.</span> <span class='ocrx_word' id='word_1_450' title='bbox 611 2775 724 2809; x_wconf 74' lang='lat' dir='ltr'>qnando</span> <span class='ocrx_word' id='word_1_451' title='bbox 744 2774 881 2802; x_wconf 77' lang='lat' dir='ltr'>movenda</span> <span class='ocrx_word' id='word_1_452' title='bbox 899 2776 966 2802; x_wconf 86' lang='lat' dir='ltr'>sunt</span> <span class='ocrx_word' id='word_1_453' title='bbox 983 2776 1075 2800; x_wconf 71' lang='lat' dir='ltr'>eastra</span> <span class='ocrx_word' id='word_1_454' title='bbox 1094 2773 1296 2808; x_wconf 74' lang='lat' dir='ltr'>Hieronymus).</span> 
     </span>
    </p>

    <p class='ocr_par' dir='ltr' id='par_1_14' title="bbox 251 2823 1593 2858">
     <span class='ocr_line' id='line_1_52' title="bbox 251 2823 1593 2858; baseline 0.002 -7"><span class='ocrx_word' id='word_1_455' title='bbox 251 2823 355 2852; x_wconf 78' lang='lat' dir='ltr'>Porus</span> <span class='ocrx_word' id='word_1_456' title='bbox 372 2834 457 2853; x_wconf 73' lang='lat' dir='ltr'>unm</span> <span class='ocrx_word' id='word_1_457' title='bbox 474 2834 532 2853; x_wconf 68' lang='lat' dir='ltr'>srvi</span> <span class='ocrx_word' id='word_1_458' title='bbox 551 2826 674 2854; x_wconf 63' lang='lat' dir='ltr'>Oinous:</span> <span class='ocrx_word' id='word_1_459' title='bbox 693 2826 741 2858; x_wconf 87' lang='lat'>111,</span> <span class='ocrx_word' id='word_1_460' title='bbox 753 2826 778 2853; x_wconf 82' lang='lat'>2.</span> <span class='ocrx_word' id='word_1_461' title='bbox 1559 2824 1593 2851; x_wconf 88' lang='lat'>85</span> 
     </span>
    </p>
   </div>
  </div>
 </body>
</html>
