2040 2996
294 116 351 147 132
882 116 992 146 PAULI
1011 116 1146 146 ALBARI
1163 116 1338 147 CARMINA.

652 202 736 235 Nam
759 204 814 244 fui,
839 206 924 247 quod
948 209 983 238 tu
1005 207 1120 248 vigens
1144 206 1216 238 odie
1240 217 1325 239 nunc
1349 207 1429 240 hore
1453 207 1598 251 refulgis,

653 257 821 289 Audacter
842 258 950 300 fragili
974 258 1139 290 confidens
1163 262 1258 300 gestu
1281 260 1407 299 virenti,

652 307 773 340 Erecta
795 309 934 349 cerbice,
958 313 1075 342 tonans
1099 314 1132 342 et
1154 321 1235 342 voce
1259 322 1407 354 super-va,

569 365 594 383 ³0
651 359 823 403 Usurpans
840 362 958 401 ⁴vetita,
981 372 1099 404 magno
1123 372 1196 393 cum
1220 362 1355 395 crimine
1378 364 1505 400 vibens;

651 411 710 443 Set
732 412 855 455 pietate
879 413 933 445 dei
955 424 1131 455 numquam
1157 424 1215 456 per
1237 414 1334 446 devia
1355 418 1477 447 tractus

650 463 680 494 A
704 467 817 496 sancta
839 464 916 497 fidei
939 475 1054 497 norma
1077 465 1127 496 vel
1152 470 1261 498 mente
1285 467 1418 499 recessi.

650 515 759 558 Ipsius
782 516 859 548 fidei
882 517 998 549 merito
1022 517 1119 549 credo
1144 515 1220 560 [me]
1244 517 1326 550 forte
1348 518 1450 557 beari,

650 566 685 598 Si
708 567 831 609 pietate
854 570 910 600 tua
932 579 1061 600 merear
1084 579 1157 600 cum
1179 569 1259 601 fletu
1281 569 1395 603 iubari.

568 624 592 643 ³5
651 618 745 658 Nam,
770 619 855 662 quod
879 631 951 662 ego⁷
975 624 1010 652 tu
1033 621 1095 652 eris
1119 624 1193 663 post
1216 623 1287 652 atra
1309 621 1425 654 funera
1448 624 1575 655 mortis:

650 670 737 713 Ergo
762 682 834 713 age,
856 683 971 715 rumpe
994 683 1102 704 moras
1125 675 1159 704 et
1181 676 1290 705 nostro
1313 674 1377 705 fine
1400 676 1542 716 quiesce.

1076 888 1136 922 IX.

464 948 603 985 VERSI
630 950 679 986 IN
705 951 989 988 BIBLIOTECA
1016 952 1299 989 LEOBEGILDI
1326 954 1530 991 EIUSDEM
1557 955 1750 993 ALBARI.

690 1034 772 1066 Sunt
794 1035 846 1067 hic
869 1036 964 1078 plura
987 1046 1091 1076 sacra,
1116 1040 1191 1068 sunt
1213 1047 1289 1069 vero
1313 1037 1461 1070 docmate
1485 1039 1582 1078 clara,

648 1084 719 1121 Que
742 1086 873 1118 deitatis
897 1098 959 1130 ope
982 1087 1109 1130 fulgent
1131 1099 1190 1131 per
1213 1089 1345 1121 cardina
1367 1090 1488 1122 mundi.

645 1137 708 1169 Hic
731 1139 818 1170 noba
840 1150 913 1171 cum
936 1142 1048 1172 vetera
1069 1140 1191 1182 pariter
1214 1144 1289 1172 sunt
1312 1141 1398 1173 clare
1422 1141 1559 1174 decora:

645 1189 758 1222 Aurea
781 1190 868 1222 dicta
890 1191 954 1231 dei,
978 1192 1095 1223 summi
1117 1192 1292 1234 prudentia
1314 1194 1425 1235 patria,

577 1248 589 1266 ⁵
650 1241 722 1277 Que
745 1245 833 1274 totus
857 1243 1002 1282 celebrat
1025 1243 1182 1286 quadrato
1206 1245 1328 1276 vertice
1351 1245 1501 1277 mundus.

687 1293 889 1337 Principium
912 1295 986 1327 libri
1010 1294 1152 1328 Genesis
1176 1296 1353 1338 primordia
1375 1297 1489 1339 pandit

641 1345 765 1386 Mundi,
789 1347 843 1388 qui
866 1357 974 1379 rerum
997 1350 1131 1379 naturas
1154 1350 1244 1380 certe
1266 1348 1408 1386 revelat;

644 1397 781 1430 Exodus
805 1398 936 1441 Egypto
960 1400 1117 1442 populum
1140 1411 1199 1443 per
1221 1399 1333 1432 bracio
1357 1400 1464 1437 ducit;

643 1449 774 1482 Tertius
797 1450 965 1483 Leviticus
989 1454 1084 1483 ornat
1109 1452 1237 1494 insigne
1261 1452 1424 1490 camillas;

561 1509 586 1527 ¹⁰
645 1502 789 1538 Quartus
812 1503 915 1535 habet
936 1503 1099 1535 Numerus
1123 1514 1331 1536 numerorum
1353 1505 1484 1537 nomine
1508 1507 1651 1548 pollens;

642 1554 685 1586 Et
708 1555 816 1597 legem
839 1555 960 1598 repetit
983 1555 1183 1588 concludens
1207 1558 1352 1588 scemata
1375 1559 1514 1599 pentus;

641 1606 752 1638 Heros
775 1607 943 1650 Navegius
967 1608 1106 1650 figurato
1129 1608 1261 1640 nomine
1284 1607 1420 1646 Ihesus;

642 1657 724 1690 Inde
748 1658 832 1690 liber
857 1659 1003 1701 sequitur
1025 1659 1175 1691 Iudicum
1198 1662 1296 1702 gesta
1317 1663 1485 1698 retexens;

640 1710 730 1741 Ruth
753 1720 895 1752 quoque3
919 1721 1014 1753 quem
1038 1721 1151 1753 regum
1175 1712 1339 1754 sequitant
1363 1712 1560 1755 Samuelque
1584 1715 1749 1747 Malacim:

560 1769 583 1787 ¹⁵
643 1761 803 1798 Quattuor
825 1761 972 1803 pandunt
995 1765 1091 1804 gesta
1114 1773 1187 1794 cum
1211 1763 1324 1803 ordine
1347 1774 1478 1806 regum;

640 1813 792 1855 Iungitur
813 1813 864 1845 his
888 1816 1000 1846 vatum
1022 1814 1173 1857 precelsa
1195 1814 1318 1846 famina
1342 1815 1445 1848 verbi:

640 1864 768 1907 Esayas
791 1867 886 1907 proto
909 1869 1024 1898 revoat
1047 1876 1247 1908 consorsque
1271 1867 1443 1907 secundus,

639 1916 820 1948 Iheremias
845 1917 949 1959 surgit
971 1918 1142 1950 lacrimose
1170 1919 1306 1960 piusque
1329 1919 1467 1962 profeta,

639 1969 772 2001 Ezeciel
795 1972 902 2001 tectus
927 1971 1033 2012 capite
1057 1971 1108 2002 vel
1132 1970 1197 2002 fine
1222 1971 1379 2011 seclusus,

377 2086 411 2113 33
428 2086 485 2113 *me
503 2088 560 2113 secl.

377 2130 441 2163 [IX.]
461 2130 494 2156 12
512 2132 623 2164 figurata
637 2130 659 2155 O
674 2138 740 2155 corr.
751 2129 795 2154 Fl.
883 2128 916 2155 15
934 2128 1036 2156 *rerum
1050 2130 1073 2155 C

377 2198 444 2232 [IX.]
465 2199 479 2224 1
499 2198 629 2233 [Isidor]
646 2197 677 2224 de
694 2197 754 2225 bum.
771 2205 793 2224 v.
808 2197 823 2224 1
842 2197 881 2224 ed.
899 2197 1004 2225 Areval.
1022 2200 1082 2225 tom.
1101 2198 1166 2232 V11,
1187 2198 1236 2224 179
1254 2197 1327 2225 Sunt
1348 2197 1394 2225 hic
1411 2198 1493 2232 plura
1510 2206 1600 2230 sacra,
1624 2199 1690 2225 sunt
1711 2198 1757 2225 hic
1776 2198 1920 2226 mundalia

273 2249 362 2283 plura.
378 2250 388 2283 11
408 2250 460 2276 Hic
482 2250 611 2285 geminae
633 2249 746 2276 radiant
764 2249 923 2276 veneranda
940 2250 1085 2289 volumina
1106 2250 1189 2285 legis,
1209 2251 1214 2284 Ι
1233 2250 1346 2277 condita
1370 2251 1436 2276 sunt
1458 2249 1564 2284 pariter
1587 2250 1633 2276 hic.
1657 2259 1730 2277 nova
1751 2259 1813 2277 cum
1831 2251 1919 2278 veteri

274 2302 380 2334 (vetera.
398 2302 525 2336 Λητώ).
612 2303 628 2329 2
647 2301 754 2329 Carden
773 2301 843 2328 —inis
861 2301 1010 2335 defenditur
1026 2310 1047 2329 c.
1062 2302 1117 2336 XI,
1135 2303 1160 2329 2.
1248 2303 1264 2329 6
1286 2301 1419 2335 Thcodulfi
1434 2302 1516 2335 XLI,
1535 2302 1559 2335 L
1571 2303 1588 2328 3
1608 2303 1635 2335 (t.
1654 2302 1680 2335 Ι,
1697 2302 1760 2336 532)
1779 2302 1839 2335 Quo
1857 2302 1919 2329 loca

272 2353 362 2387 prima
380 2354 457 2380 tenet
470 2353 584 2380 Genesis
602 2353 755 2388 primordia
773 2353 870 2380 mundi
885 2355 890 2388 1
907 2374 912 2380 .
932 2375 938 2381 .
957 2362 1059 2381 canens
1077 2354 1175 2388 (deleas
1185 2356 1304 2389 cmnma).
1391 2354 1408 2381 8
1429 2354 1567 2387 Theodulf.
1586 2354 1603 2380 1.
1615 2362 1635 2380 c.
1648 2355 1665 2381 5
1682 2353 1795 2381 Exodus
1806 2354 1918 2389 Aegyp-

272 2406 331 2430 tum
351 2424 357 2431 .
376 2425 382 2431 .
470 2405 486 2430 9
507 2404 644 2438 Theodulfi
663 2406 679 2431 l.
691 2413 712 2432 c.
731 2406 746 2431 7
766 2405 834 2432 Inde
852 2405 1026 2432 sacerdotum
1049 2406 1162 2440 gentem
1180 2397 1321 2433 Leviticus
1338 2407 1427 2432 ornat.
1445 2405 1517 2432 unde
1533 2406 1614 2432 claret
1631 2406 1690 2432 Alb.
1709 2405 1849 2432 camillam
1866 2406 1919 2432 sive

273 2454 413 2481 camillum
427 2463 479 2488 pro
496 2456 624 2483 sacerdote
638 2457 766 2490 posuisse,
784 2465 840 2483 mm
856 2460 888 2483 ut
902 2457 948 2484 Fl.
966 2458 1024 2484 coll.
1039 2457 1178 2490 Theodulf.
1191 2457 1222 2484 X
1227 2457 1290 2491 V113
1309 2458 1341 2485 21
1361 2459 1398 2491 (p.
1411 2458 1473 2492 473)
1490 2458 1572 2484 voluit
1586 2466 1638 2491 pro
1655 2457 1750 2492 eapitis
1766 2459 1916 2492 teyumento.

272 2506 306 2532 10
323 2506 409 2533 habet
426 2507 473 2539 cfr.
490 2507 625 2540 leodulfi
643 2509 750 2542 evempl.
768 2508 805 2535 ad
822 2517 844 2535 v.
858 2509 892 2535 14
909 2508 973 2536 adn.
1061 2509 1092 2536 11
1116 2509 1253 2542 Theodulfi
1272 2510 1289 2536 l.
1301 2517 1322 2536 c.
1338 2510 1370 2536 11
1389 2509 1449 2536 iaem
1465 2509 1496 2535 de
1507 2509 1712 2536 Deuteronomio
1729 2509 1796 2536 Post
1813 2509 1918 2544 repetit

271 2557 368 2591 legem.
456 2558 489 2584 12
510 2558 643 2591 leoduls.
661 2560 678 2586 l,
693 2567 713 2586 c.
731 2560 765 2586 13
784 2580 790 2587 .
812 2580 818 2587 .
838 2580 845 2587 .
863 2560 1006 2595 Navegius
1024 2560 1105 2588 heros
1118 2568 1171 2595 pro
1183 2561 1266 2587 Iosua
1282 2561 1364 2587 huius
1381 2561 1476 2588 hbrum
1492 2561 1649 2595 siqnificans
1666 2560 1714 2595 qui
1730 2563 1753 2587 et
1771 2560 1843 2587 liber
1854 2561 1915 2588 Iesu

271 2609 357 2635 Nave.
447 2610 480 2636 14
497 2618 532 2643 sq.
549 2610 686 2644 leoduls'.
704 2612 720 2638 l.
732 2620 752 2638 c.
772 2612 807 2638 20
825 2612 916 2639 Prime
934 2621 1107 2647 sequensque
1123 2612 1202 2644 liber,
1221 2613 1295 2645 hinc,
1314 2613 1478 2645 Samuhelis,
1497 2613 1591 2640 habes.
1607 2613 1612 2647 Ι
1627 2612 1738 2639 Tertius
1751 2613 1781 2638 et
1792 2613 1916 2646 quartus,

270 2660 319 2692 (sic
335 2660 444 2694 interp.)
463 2661 613 2688 Malachim
632 2662 694 2696 quis
718 2672 819 2690 nomen
841 2664 956 2696 inhesit,
976 2666 980 2697 Ι
996 2673 1092 2698 regum
1112 2664 1297 2692 Hebraeorum
1317 2673 1350 2691 ex
1369 2665 1465 2692 ordine
1482 2666 1564 2699 gesta
1581 2665 1694 2691 canunt.
1784 2664 1816 2690 17
1834 2665 1915 2698 proto

269 2712 314 2744 cfr.
334 2712 412 2739 Aldh.
431 2712 506 2740 laud.
524 2714 587 2747 πίνῃ.
607 2715 674 2740 1125
692 2716 771 2749 proto
789 2717 921 2750 tempore.
1010 2718 1042 2743 19
1063 2716 1198 2750 Theodulf.
1216 2717 1232 2744 l.
1248 2725 1269 2743 c.
1288 2717 1321 2743 27
1340 2716 1470 2743 Partibus
1488 2716 1634 2743 Ezechihel
1652 2716 1766 2742 summis
1784 2715 1915 2742 obscurus

270 2764 298 2789 et
316 2763 378 2790 imis
394 2765 398 2795 Ι
414 2763 479 2790 hinc
498 2766 547 2798 est,
566 2765 650 2800 stirps
669 2769 715 2793 etc.
734 2767 783 2799 (sie
801 2768 972 2803 intel-pum).
