2040 2996
204 124 244 155 84

777 118 940 148 AUDRADI
959 117 1086 147 MODICI
1105 117 1281 147 CARMINA.

570 206 633 244 Qui
656 208 740 250 regit
763 207 859 247 hunc,
885 218 996 239 somno
1020 207 1146 238 monuit
1169 217 1220 238 me
1245 207 1395 239 sensibus
1419 207 1491 239 imis

568 259 672 300 Haec,
695 259 861 298 Audrade‚
885 259 942 290 tibi
967 259 1125 290 modulari
1150 260 1292 290 carmine
1317 259 1404 290 dulci

568 311 712 353 Pignora
736 322 812 343 cara
836 312 926 351 satis,
951 311 1079 342 recinas
1104 321 1187 352 quae
1212 311 1346 353 saepius
1370 321 1439 342 oro:

569 363 622 395 Sic
646 373 776 405 quoque
800 363 890 394 felici
914 363 1070 394 tractabis
1095 365 1226 404 gutture
1250 362 1373 394 fontem

470 423 509 441 400
568 415 763 451 Quaesitum
787 416 885 457 longo
910 415 1099 454 certamine,
1124 414 1227 446 dulcis
1252 415 1368 447 amice.

568 467 714 499 Maxima
738 467 822 498 dona

846 467 906 498 tibi
931 467 1084 499 caelestis
1109 467 1215 508 gratia
1239 467 1364 498 confert

568 518 677 550 Haec:
704 529 827 550 memor
851 522 922 550 esto
945 519 1021 558 mei,
1046 519 1147 550 sacris
1172 529 1245 549 eum
1269 518 1414 549 funderis
1438 518 1514 557 aris,

568 570 727 610 Obsecro,
751 571 795 601 mi
819 570 934 607 fratem
961 581 1046 601 nunc
1071 570 1279 601 felicissimus
1303 569 1394 601 est0.'

943 630 1121 657 EXPLICIT.

1006 865 1050 898 II.

538 935 846 976 <CARMINUM
878 937 933 973 IN
963 937 1194 973 HONORE
1225 937 1523 973 ECCLESIAE

836 1007 980 1043 LIBER
1009 1003 1219 1045 SEXTUS.)

393 1098 562 1129 INCIPIT
589 1098 779 1130 CARMEN
804 1098 853 1129 IN
875 1097 1065 1130 HONORE
1091 1097 1253 1130 SANOTI
1277 1098 1413 1130 PETRI
1435 1098 1667 1131 APOSTOLI.

632 1167 761 1199 Pastori
785 1177 904 1209 magno
928 1169 1032 1197 totum
1057 1166 1111 1208 qui
1135 1166 1269 1197 tradidit
1293 1166 1416 1206 orbem,

566 1219 609 1251 Et
632 1219 716 1251 caeli
741 1219 850 1250 claves
874 1218 972 1250 Petro
995 1218 1157 1249 commisit
1181 1221 1214 1249 et
1237 1229 1333 1250 omne

567 1269 719 1302 Christus
745 1271 829 1302 ovile
854 1278 950 1302 suum
974 1270 1101 1301 modica
1124 1270 1165 1301 de
1189 1281 1298 1312 puppe
1322 1275 1446 1302 vocato.

565 1322 627 1354 Ille
651 1322 713 1354 deo
737 1322 866 1365 plenus,
891 1322 1055 1354 hominem
1079 1322 1156 1354 dum
1180 1322 1284 1353 cernit
1307 1322 1456 1359 Hiesum,

495 1382 506 1400 ⁵
566 1374 714 1406 Credidit
738 1385 812 1406 esse

837 1374 934 1406 deum
957 1378 1070 1406 natum
1094 1374 1253 1416 genitoris
1278 1377 1311 1406 et
1334 1374 1424 1405 illum

566 1425 757 1468 Inquirente
782 1425 844 1457 deo
867 1436 927 1467 per
950 1426 1082 1457 saecula
1104 1425 1216 1457 vivere
1240 1425 1369 1457 clamat.

564 1477 716 1519 Denique
740 1477 781 1509 de
806 1477 935 1520 superis
959 1477 1106 1509 decimus
1130 1477 1206 1519 quia
1229 1478 1353 1509 corruit
1376 1477 1464 1518 ordo,

565 1529 653 1560 Dum
677 1530 781 1561 nollet
803 1529 938 1561 laudare
963 1528 1071 1568 deum,
1094 1529 1186 1560 locus
1208 1529 1280 1571 ipse
1303 1529 1453 1572 polorum

566 1581 756 1613 Auxiliante
780 1581 842 1613 deo
865 1581 962 1613 Petro
985 1581 1132 1623 piscante
1155 1581 1310 1623 repletur.

484 1641 508 1658 ¹⁰
567 1632 671 1669 Quem
696 1633 777 1665 deus
802 1636 834 1664 et
858 1633 1008 1665 Christus
1034 1633 1190 1664 sublimat
1213 1633 1336 1664 honore
1360 1633 1494 1676 potenti,

565 1686 612 1717 Ut
634 1689 750 1729 portae
773 1686 887 1718 mortis
910 1689 1077 1728 nequeant
1101 1685 1233 1717 obstare
1257 1686 1394 1725 iubenti,

565 1738 693 1770 Invitae
717 1739 799 1770 tanti
822 1741 958 1781 pateant
981 1737 1040 1770 sed
1064 1738 1220 1780 principis
1245 1738 1304 1769 ori.

566 1790 690 1822 Umbra
714 1790 845 1833 quidem
870 1790 1009 1822 Simonis
1035 1793 1139 1829 sanat,
1164 1800 1243 1832 quos
1266 1790 1414 1832 repperit
1437 1801 1570 1833 aegros;

565 1842 698 1874 claudit
720 1843 834 1885 lingua
857 1843 950 1885 polos
975 1845 1008 1873 et
1031 1842 1129 1874 solvit
1151 1845 1254 1873 morte
1278 1842 1413 1883 ligatos;

483 1901 506 1919 1⁵
564 1894 713 1926 Membra
736 1894 822 1936 regit
844 1894 1000 1926 membris
1025 1897 1059 1926 et
1081 1897 1207 1925 mentes
1231 1897 1343 1926 mente
1367 1894 1511 1926 resolvit.

564 1946 740 1978 Praedicat
762 1946 848 1978 hunc
872 1946 1021 1978 dominus
1045 1945 1197 1977 clementi
1221 1955 1301 1977 voce
1324 1945 1468 1986 beatum,

565 1997 627 2029 Cui
650 2001 746 2040 pater
768 1998 839 2040 ipse
864 1998 915 2030 sui
938 1998 1040 2040 geniti
1063 1997 1223 2039 patefecit
1245 1997 1413 2029 honorem.

564 2050 735 2093 Quemque
759 2051 823 2083 fide
848 2051 1000 2083 stabilem
1023 2051 1082 2082 tali
1106 2051 1298 2093 cognomine
1322 2051 1449 2083 laudat:

565 2102 663 2135 ‘Ecce
688 2113 749 2145 ego
774 2106 806 2134 te
829 2103 965 2135 Petrum
990 2102 1106 2142 dicam,
1131 2103 1208 2144 quia
1231 2103 1342 2134 vivere
1368 2102 1532 2135 Christum

483 2161 508 2180 20
567 2154 648 2186 Cum
672 2158 766 2197 patre
791 2165 920 2198 semper
943 2155 1005 2186 ais:
1030 2154 1114 2186 haec
1137 2157 1188 2186 est
1212 2154 1374 2186 confessio
1397 2155 1499 2188 Petri.

563 2206 837 2248 Aecclesiamque
861 2217 969 2239 meam
993 2216 1091 2249 super
1113 2205 1198 2237 hanc
1221 2208 1349 2248 petram
1373 2206 1553 2239 aedificabo

563 2257 608 2289 Et
631 2258 690 2289 tibi
714 2259 880 2290 caelorum
906 2259 1014 2290 claves
1039 2268 1214 2300 curamque
1239 2268 1385 2290 mearum

297 2402 349 2429 396
361 2402 441 2437 *tegit
453 2405 503 2429 Ro
564 2404 663 2438 somno]
677 2406 760 2431 sonito
775 2406 797 2431 0

195 2447 310 2472 funderis
329 2448 365 2473 sic
387 2448 408 2473 Ο
425 2453 452 2473 ut
470 2449 543 2482 apud
562 2449 665 2474 Alcuin.
684 2450 709 2481 I,
728 2449 786 2482 264,
805 2448 823 2475 4
840 2454 863 2475 et
881 2450 1005 2483 linquisse
1023 2459 1066 2483 ap.
1086 2450 1265 2483 Aedilvuffwm

299 2489 352 2524 [ΙΙ.]
371 2491 724 2518 CARMINUM-SEXTUS
742 2502 790 2518 om.
805 2492 889 2526 Pcsr.
900 2502 927 2526 p.
941 2492 974 2518 71
987 2493 1050 2518 adn.
1065 2492 1079 2518 1

870 2405 922 2431 400
934 2406 1066 2432 certamini
1084 2415 1151 2431 corr.
1165 2405 1190 2431 B
1250 2415 1338 2432 versus
1349 2405 1488 2432 401—403
1499 2412 1522 2433 et
1533 2408 1645 2441 Explicit
1657 2409 1761 2434 mutilus
1772 2418 1820 2434 om.
1831 2409 1856 2434 R

297 2567 349 2594 400
367 2575 386 2594 e.
403 2575 427 2601 9.
449 2567 524 2594 Fert.
545 2568 572 2595 G.
599 2568 664 2602 VII,
685 2569 726 2601 12,
746 2569 797 2595 122
815 2569 904 2596 dulcis
923 2568 1019 2595 amice.

299 2619 354 2653 [ΙΙ.]
373 2619 390 2645 3
409 2619 518 2646 Arator.
532 2620 556 2653 I,
570 2622 604 2647 69
617 2629 652 2654 sq.
673 2630 760 2655 parva
778 2621 812 2648 de
831 2629 926 2656 puppe
944 2622 1059 2648 vocatus
1075 2621 1079 2654 Ι
1095 2640 1101 2647 .
1115 2641 1122 2647 .
1141 2620 1240 2648 Petrus
1259 2622 1328 2648 erat.
1414 2622 1432 2648 4
1450 2622 1558 2649 Aleum
1572 2630 1605 2649 ea:
1616 2622 1723 2650 Lucan.
1734 2622 1789 2657 IX,
1803 2623 1855 2650 564

199 2669 228 2696 V.
246 2669 360 2696 Willibr.
374 2670 413 2704 H,
435 2672 447 2697 1
469 2673 539 2704 (tom.
559 2672 579 2698 I
591 2680 616 2705 p.
629 2672 691 2706 209)
711 2673 761 2699 Ille
780 2673 832 2699 deo
850 2673 958 2707 plenus.
1065 2673 1079 2699 7
1098 2673 1144 2706 cfr.
1158 2681 1231 2706 pass.
1246 2673 1288 2707 II,
1308 2674 1349 2700 81.
1386 2674 1488 2708 Iynoro
1504 2674 1569 2708 qua'd
1585 2675 1619 2701 sit
1637 2675 1760 2702 decimus
1778 2675 1854 2702 ordo.

193 2721 210 2747 9
228 2720 254 2747 d.
271 2721 291 2754 f.
309 2730 333 2748 v.
351 2722 402 2748 377
421 2725 444 2748 et
463 2723 563 2749 Aleum
581 2724 597 2750 l.
615 2731 635 2750 c.
655 2724 702 2757 VI,
721 2725 738 2750 8
757 2725 869 2758 (p.210)
890 2724 1052 2751 Auxiliante
1070 2724 1129 2751 deo.
1166 2724 1255 2751 Sedul.
1274 2725 1303 2758 V,
1322 2725 1374 2751 392
1392 2726 1450 2758 (cfr.
1469 2726 1525 2759 III,
1544 2727 1607 2760 314)
1626 2727 1709 2754 Petro
1728 2727 1854 2761 piscante

194 2780 243 2807 per
261 2780 374 2807 aequor.

481 2775 511 2800 11
531 2775 576 2807 cfr.
597 2775 693 2802 Matth.
715 2777 755 2808 16,
775 2777 815 2803 18.

921 2777 954 2803 13
971 2776 1017 2810 cfr.
1037 2777 1098 2804 Act.
1116 2778 1141 2809 5,
1162 2778 1202 2804 15.
1307 2778 1339 2803 21
1359 2778 1407 2810 cfr.
1427 2777 1526 2804 Matth.
1545 2778 1562 2804 l.
1580 2786 1602 2805 c.
