2060 3074
0 2208 15 2298 “³³³'‘
0 2150 6 2184 w„

794 132 905 158 VITAE
924 132 950 159 S.
969 132 1136 159 GERMANI
1156 133 1263 160 LIBER
1276 133 1296 159 Ι.
1803 136 1858 166 451

624 219 773 250 Antistes
800 219 883 249 sacri
908 219 1102 250 circumfuso
1127 221 1256 261 agmine
1281 220 1358 251 cleri
1613 229 1643 253 [ἢ
1668 238 1765 254 romam
1788 230 1863 261 depo-

582 270 688 312 Vique
712 280 875 311 manuque
900 270 1004 301 virum
1028 271 1152 312 primus
1177 271 1327 313 pervadit
1350 272 1504 303 inermem
1693 274 1778 298 suerit.

582 322 701 365 Magno
725 332 838 353 ausum
861 322 1038 363 praebente
1062 322 1133 362 deo,
1158 324 1313 365 cuiusque
1337 327 1451 354 vocato

505 387 545 406 «το
579 373 718 405 Nomine
742 373 872 405 sublimi
898 374 1020 405 crinem
1044 374 1084 405 de
1108 376 1230 406 vertice
1255 385 1394 417 carpens

582 424 808 466 Mutatumque
833 425 939 455 animo
963 428 1093 456 mutans
1117 425 1304 457 discrimine
1330 427 1432 457 vestis

581 476 768 508 Promotum
792 475 883 507 iubet
907 487 980 508 esse
1004 476 1123 518 gradus
1147 478 1177 508 in
1202 477 1323 509 honore
1349 478 1493 513 secundi,

583 527 764 559 Sollicitum
788 528 868 559 satis
892 538 966 559 esse
989 538 1124 559 monens
1146 529 1327 571 pignusque
1350 533 1515 572 receptum

579 579 702 611 Illaesa
726 589 856 611 servare
881 579 953 613 fide.
978 579 1064 621 quod
1088 581 1236 621 protinus
1259 581 1366 623 ipsum

506 644 544 663 m,
582 631 687 663 Sciret
709 631 742 662 in
765 631 926 662 ecclesiae
950 642 1009 672 pos
1035 642 1069 662 se
1093 632 1162 663 fore
1186 633 1328 674 regmine
1353 633 1489 675 primum

581 682 834 724 Haeredemque
858 683 918 714 loci
942 693 1232 726 successoremque
1257 685 1414 726 magistri.

625 734 750 766 Discite
773 734 921 766 doctores
945 734 1214 777 decretorumque
1239 736 1367 767 datores
1609 742 1736 766 Allomnia
1752 742 1864 774 pastori-

583 787 799 828 Pastoresque
823 787 930 828 gregis
954 805 996 809 -
1019 787 1076 818 sed
1100 788 1190 818 multi
1216 788 1346 819 nomine
1371 791 1493 819 tantum
1521 806 1570 824 —,
1710 786 1762 809 ‘¹⁷¹⁸-

583 839 722 881 Mystica
745 839 798 880 qui
821 838 955 870 rudibus
979 840 1135 871 committi
1160 850 1257 882 posse
1283 840 1409 882 negatis

507 904 546 923 ⁴³0
583 890 794 922 Sacramenta
817 890 870 922 dei
895 909 932 913 —
958 901 1068 922 verum
1092 901 1152 922 nec
1178 891 1234 931 (id)
1260 902 1334 923 esse
1358 902 1514 933 negamus
1540 904 1596 923 —-:

583 942 712 974 Discite·
732 942 857 984 spiritui
883 942 940 973 sed
966 953 1024 973 vos
1050 943 1243 975 submittere
1268 947 1391 976 sancto.

584 993 684 1026 Cuius
708 1005 789 1036 opus
813 993 867 1025 lex
890 997 939 1025 est
963 998 996 1026 et
1019 994 1220 1037 dispensatio
1245 1005 1366 1026 norma.

583 1045 702 1088 Atque,
726 1045 779 1077 ubi
804 1045 883 1082 vult,
908 1046 1017 1087 spirat,
1042 1046 1192 1088 quoniam
1217 1050 1358 1088 natoque
1383 1047 1532 1088 patrique

579 1097 756 1129 Maiestate
779 1097 847 1139 pari
872 1098 1088 1129 communicat
1112 1099 1209 1140 inque
1233 1097 1380 1130 docendo

507 1161 545 1180 ⁴⁸⁵
582 1148 653 1180 Non
677 1153 754 1191 eget
778 1149 833 1180 ille
858 1160 958 1183 mora,
983 1150 1134 1191 quoniam
1157 1150 1307 1191 tetigisse
1331 1149 1448 1182 docere
1473 1153 1523 1181 est

583 1199 626 1232 Et
649 1200 791 1232 voluisse
816 1211 930 1242 agere:
954 1204 986 1232 et
1010 1203 1123 1232 mutat.
1148 1211 1220 1232 cum
1245 1200 1385 1243 denique
1410 1201 1536 1233 lustrat.

626 1252 740 1294 Longa
765 1252 817 1283 via
841 1255 901 1287 est,
925 1253 988 1283 iter
1011 1252 1156 1285 arduum.
1180 1252 1211 1283 id
1235 1256 1271 1284 ut
1293 1253 1506 1287 acceieretum
1611 1258 1735 1291 Epilnym
1771 1258 1866 1290 amyn-

583 1303 723 1335 Infirmis
746 1303 913 1335 tardamur
936 1305 1038 1346 equis,
1063 1305 1181 1346 quique
1206 1305 1326 1346 impete
1349 1305 1454 1347 primo
1686 1300 1789 1334 Mirus).

585 1354 714 1386 Acriter
737 1355 900 1397 inceptum
925 1360 1086 1397 peragunt
1110 1355 1163 1386 vix
1187 1354 1327 1397 denique
1352 1366 1492 1390 cursum,

507 1419 546 1438 ⁴⁹0
582 1406 677 1438 Velle
701 1406 820 1438 bonum
844 1407 996 1448 quoniam
1021 1407 1172 1443 retinent,
1198 1407 1255 1438 sed
1278 1417 1375 1449 posse
1400 1407 1565 1450 pusillum.

585 1457 739 1493 Consule.
763 1468 836 1489 care
861 1468 978 1494 comes,
1003 1459 1155 1500 quocirca
1178 1459 1306 1500 illisque
1331 1459 1454 1501 tibique

585 1510 826 1552 Digressusque
850 1509 945 1542 domo
968 1514 1094 1542 moetas
1120 1510 1170 1542 hic
1194 1510 1283 1552 figito
1307 1510 1438 1553 primas.

584 1562 751 1605 Incepisse
775 1562 896 1604 aliquid
920 1562 983 1593 iam
1008 1573 1082 1604 pars
1106 1567 1156 1593 est
1180 1563 1337 1604 quantula
1361 1562 1449 1595 facti.

883 1631 1049 1658 EXPLICIT
1071 1626 1174 1658 LIBER
1191 1631 1210 1657 1.

713 1901 994 1938 PRAEFATIO
1021 1901 1220 1938 SECVNDI
1247 1900 1376 1937 LIBRI

683 1969 882 2001 ἸῬΙΚΟΛΩ
908 1967 1240 1999 ΤΕἸῬΑΣἸῬΟΦΩ
1263 1966 1411 1999 EDITA.

687 2046 818 2078 Priscus
841 2046 973 2088 ingenui
999 2056 1075 2077 cura
1098 2045 1259 2088 poematis

689 2097 788 2129 Vates
813 2108 885 2128 cum
910 2100 1041 2139 raperet
1065 2115 1104 2119 -
1128 2096 1247 2139 quippe
1272 2095 1410 2127 facetius

686 2149 807 2181 Purum
831 2149 927 2180 molle
952 2159 1105 2180 canorum

636 2214 648 2232 ι
686 2201 772 2232 Olim
797 2201 940 2232 scribere
965 2201 1036 2232 laus
1059 2203 1130 2231 erat
1153 2217 1204 2235 —,

325 2366 430 2392 Scholia
449 2379 479 2384 —-
498 2364 550 2391 472
567 2363 684 2398 secundi]
704 2365 834 2398 presbiteri
921 2363 972 2389 474
990 2362 1069 2396 quod]
1088 2372 1118 2387 eo
1130 2363 1196 2396 quod
1247 2361 1371 2395 protinus]
1390 2362 1406 2387 i.
1419 2370 1439 2386 e.
1460 2362 1581 2386 continuo
1667 2359 1719 2385 475
1738 2359 1865 2393 regmine]

221 2410 407 2443 gubernatione
509 2407 562 2434 488
587 2406 691 2441 quique]
720 2416 755 2433 sc.
778 2408 836 2440 eqni
897 2406 998 2440 impete]
1024 2415 1068 2439 pro
1092 2407 1186 2439 impetn
1293 2403 1342 2430 491
1367 2403 1478 2437 illisque]
1502 2404 1574 2436 equis
1684 2402 1736 2428 492
1759 2401 1865 2435 moetas]

223 2453 358 2478 terminum
414 2451 495 2485 figito]
514 2453 530 2477 i.
549 2461 571 2477 e.
591 2459 656 2484 pone
702 2449 706 2454 ”
756 2451 767 2482 11
790 2452 808 2476 1.
827 2459 849 2475 e.
868 2451 967 2483 triplico
985 2457 1078 2482 genere
1097 2450 1168 2474 metri
1189 2457 1205 2473 a
1225 2452 1317 2480 quarto
1336 2448 1403 2472 sacta
1422 2448 1525 2480 (quarta
1544 2447 1572 2472 fit.
1591 2447 1626 2471 ita
1639 2446 1672 2477 P)
1691 2446 1865 2479 replicatione.

224 2496 286 2521 Nam
305 2496 378 2529 primi
396 2496 447 2521 duo
466 2503 556 2520 vernus
574 2494 759 2526 Amlepidaoei
777 2493 948 2526 (anslepidnrei
968 2501 1036 2517 corr.
1056 2492 1089 2524 P)
1108 2496 1176 2522 aunt,
1195 2491 1285 2516 tertius
1305 2491 1472 2521 Femomfius,
1491 2494 1598 2523 quim-ms
1617 2490 1778 2522 Glychnnius

326 2589 378 2616 468
396 2590 493 2623 primun
512 2587 646 2621 Bacchius]
667 2589 774 2621 primum
796 2587 820 2612 P
869 2588 980 2612 inermen
1003 2587 1026 2611 P
1126 2585 1178 2611 475
1197 2590 1252 2618 post
1270 2594 1296 2610 se
1315 2587 1330 2609 2
1348 2593 1379 2609 m.
1402 2584 1424 2608 P
1525 2584 1577 2609 480
1595 2592 1682 2609 verum
1703 2592 1750 2608 nec
1770 2584 1793 2608 id
1812 2592 1867 2608 esse

225 2632 358 2666 Bembina]
378 2642 467 2658 uerum
486 2633 639 2664 (uerumque
658 2635 674 2656 2
691 2641 723 2656 m.
746 2631 776 2664 P)
802 2639 847 2655 uec
865 2639 920 2655 esse
940 2630 964 2655 P
984 2638 1073 2655 uerum
1100 2630 1124 2654 id
1150 2638 1198 2653 nnn
1223 2637 1278 2652 esse
1299 2628 1470 2652 Peneliaerus
1573 2626 1623 2652 487
1647 2627 1810 2652 accederetur
1832 2626 1866 2657 P;

178 2699 187 2711 ι
224 2683 276 2710 cm*
297 2683 436 2718 (coeptum)
456 2683 631 2709 acceleretur?
749 2682 759 2714 Η
778 2683 903 2707 EDICTA
923 2690 989 2706 corr.
1008 2681 1034 2706 Ρ
1137 2680 1147 2705 l
1170 2673 1279 2712 pe'mmis
1299 2679 1323 2703 Ρ

326 2777 376 2804 ⁴¹17
396 2777 454 2811 cfr.
472 2776 554 2803 stud.
576 2775 672 2810 Apum
692 2777 750 2802 101.
1596 2818 1646 2843 ⁷7*

1594 2826 1609 2844 ῦ
