2138 3106
801 197 1023 224 FREDIGARDI
1044 198 1087 224 CA
1092 199 1219 226 R-MINA.
1764 205 1822 234 351

543 282 583 314 In
606 282 667 314 hoc
691 282 797 314 erravi
821 283 848 314 si
871 283 957 326 quid,
981 295 1039 316 vos
1062 286 1186 328 parcite
1211 290 1320 319 nostro

544 334 689 367 Audenti
712 334 847 374 calamo,
871 336 926 377 qui
949 337 1028 368 talia
1051 338 1153 369 suasit
1176 349 1269 371 arare

545 386 689 429 Scripta.;
713 386 832 418 dehine
855 390 889 419 et
911 399 973 430 ego
997 389 1125 421 valeam
1150 394 1274 423 certare
1299 393 1414 434 priora.

545 438 689 470 Cernere
713 449 770 470 vos
793 438 881 470 inhio
905 439 1000 471 citius
1024 451 1098 472 cum
1122 452 1203 483 pace
1226 453 1342 475 serena

480 503 505 521 ιο
541 489 700 533 Expulsis
721 489 836 530 Dsnis,
860 494 971 523 metuo
995 502 1076 534 quos
1100 497 1194 525 nocte
1218 494 1346 536 dieque.

543 541 718 584 Tantisper
740 552 799 574 vos
824 542 988 575 custodiat
1011 544 1122 576 mundi
1147 548 1236 577 sator
1259 550 1357 589 atque

543 594 700 636 Protegat
723 595 858 634 exaltet,
882 606 982 638 pravo
1007 596 1162 629 defendat
1185 598 1226 630 ab
1250 598 1353 631 hoste.

543 646 616 678 Hoc
639 645 762 678 crebris
784 657 883 689 posco
906 647 1070 689 precibus,
1094 649 1199 691 rogito
1222 660 1335 692 precor
1358 655 1433 694 opto

540 697 673 730 Vertice
697 698 871 738 submisso,
895 698 1035 731 deflexis
1059 701 1312 744 poplitibusque.

476 762 500 781 15
538 749 630 781 Haec
654 749 810 792 perlecta,
834 761 950 793 preces
973 751 1104 784 domino
1128 755 1163 784 tu
1186 753 1314 785 fundite
1338 765 1459 795 sacras,

585 801 631 833 Ut
653 802 798 834 clemens
820 803 979 835 famulum
1002 807 1153 846 protegat
1177 805 1248 847 ipse
1273 816 1376 837 suum.

954 1010 1051 1043 CXL.

635 1072 700 1108 AD
727 1072 1025 1110 EPITIMATVM
1052 1074 1368 1112 DlDASCVLVM.
1721 1093 1744 1109 a.
1766 1086 1820 1109 866.

0 1188 2 1190 v
543 1145 660 1189 Saepe,
685 1158 788 1187 sacer,
811 1150 977 1190 portarum
1001 1153 1115 1191 specto
1139 1149 1300 1182 foramina
1323 1151 1399 1182 bina

0 1203 11 1237 ζι,
541 1198 775 1242 Attonitusque
798 1202 913 1232 tenens
937 1210 1044 1240 aures,
1071 1201 1251 1241 carissime,
1276 1213 1405 1245 semper

535 1250 737 1293 Opperieus,
761 1251 865 1284 donec
889 1251 1003 1284 reboet
1025 1252 1113 1295 quis:
1140 1253 1220 1285 ‘Iam
1244 1254 1342 1293 venit,
1368 1265 1455 1293 ecce,

539 1301 743 1345 Expectatus
768 1303 854 1335 enim
879 1302 1088 1336 Guntlendus
1110 1307 1171 1344 sat,
1194 1304 1419 1347 Fredigarde⁷.

489 1366 500 1384 ⁵
538 1353 646 1386 Vento
670 1354 729 1387 sed
753 1355 910 1398 languent
933 1355 1060 1398 agitati,
1085 1359 1203 1396 noster,
1227 1357 1324 1389 ocelli

540 1405 662 1438 Stando
686 1406 763 1438 foris
787 1407 889 1439 nostri
914 1407 1085 1450 cupientes
1109 1419 1244 1440 cernere
1268 1412 1378 1441 temet.

538 1457 645 1498 Eheu,
669 1468 766 1501 quam
789 1458 910 1491 frustra
934 1462 1054 1492 ‘metuo
1078 1459 1250 1503 spero'que
1274 1459 1432 1499 laborant,

542 1508 705 1550 Imminet,
729 1514 869 1553 augetur
895 1522 1023 1554 semper
1046 1511 1122 1554 quia
1145 1512 1247 1554 pestis
1271 1511 1389 1544 acerba

541 1560 693 1604 Undique
716 1572 889 1605 pravorum
914 1562 1079 1595 hominum
1103 1563 1165 1595 hoc
1190 1567 1346 1606 operante
1370 1564 1510 1608 maligno

475 1624 500 1644 ιο
535 1612 641 1644 Nocte
665 1612 716 1645 dic
740 1613 866 1654 zabulo,
890 1614 994 1647 veluti
1018 1625 1147 1658 quoque
1163 1615 1279 1652 ,cernis
1303 1619 1426 1658 aperte.

536 1664 605 1696 Nos
629 1675 728 1708 super
750 1665 872 1698 ideirco
895 1666 1029 1698 nimium
1052 1667 1138 1698 mala
1161 1667 1256 1710 plura
1278 1666 1476 1699 redundant:

538 1715 581 1748 Et
603 1717 731 1757 merito,
754 1717 908 1760 quoniam
931 1717 1038 1750 meriti
1062 1729 1173 1750 sumus
1196 1717 1270 1750 inde
1294 1718 1459 1751 merendo.

539 1769 605 1801 Sed
628 1770 729 1802 talem
751 1769 902 1803 dominus
926 1771 1080 1814 dignetur
1102 1771 1226 1814 pellere
1250 1775 1377 1814 pestem

538 1820 569 1853 A
594 1821 688 1854 nobis
713 1821 823 1854 citius:
848 1822 940 1855 fusus
963 1826 1050 1855 terra
1073 1825 1170 1855 tenus
1194 1833 1260 1855 oro.

474 1884 499 1904 ιι,
535 1872 617 1912 Hoc,
642 1883 744 1914 sacer,
767 1873 802 1906 in
826 1873 930 1906 sacris
953 1873 1106 1917 precibus
1129 1877 1165 1906 tu
1188 1885 1288 1917 posce
1311 1877 1489 1914 tonantem,

538 1925 607 1957 Nos
631 1929 744 1958 eontra
766 1929 890 1958 motum
915 1926 1046 1958 valeant
1068 1937 1165 1969 quern
1189 1927 1327 1960 reddere
1350 1927 1482 1960 laetum.

538 1977 685 2010 Actenus
709 1981 760 2010 est
782 1978 878 2011 nobis
901 1981 1010 2011 tamen
1034 1978 1095 2011 hoc
1118 1978 1247 2011 domino
1270 1979 1410 2011 faciente

541 2028 599 2061 Sat
622 2029 715 2069 bene,
740 2029 824 2073 quod
849 2030 969 2062 nostris
992 2031 1116 2063 meritis
1139 2031 1209 2062 sine
1232 2030 1395 2062 credimus
1419 2043 1503 2063 esse.

539 2081 605 2114 Sed
628 2082 738 2115 tristes
762 2093 893 2126 semper
916 2083 1096 2115 residemus
1120 2083 1214 2115 valde
1238 2083 1385 2118 timorem

472 2145 498 2165 πο
535 2133 587 2166 Ob
611 2134 742 2166 nimium
765 2133 944 2175 Danorum,
967 2146 1025 2167 nos
1049 2135 1104 2177 qui
1127 2135 1267 2177 perculit
1290 2135 1383 2166 olim:

535 2184 671 2218 Finibus
694 2196 714 2218 a
736 2186 867 2227 nostris,
892 2186 1032 2226 domine,
1056 2197 1137 2229 quos
1159 2186 1272 2229 pellito
1295 2187 1404 2228 longe,

535 2237 585 2270 Nc
607 2247 735 2270 rursum
759 2237 889 2270 valcant
912 2241 1056 2270 nostrum
1081 2241 1254 2281 penetrare
1279 2238 1441 2270 locellum.

536 2289 571 2321 Si
595 2289 685 2330 libet,
709 2300 776 2330 oro,
800 2294 904 2330 tuum,
926 2290 996 2330 tibi,
1019 2290 1071 2322 sac
1094 2300 1292 2332 cognoscere
1316 2300 1435 2322 nomen

274 2452 436 2487 [CXXXIX]
456 2454 488 2481 15
505 2455 652 2481 *dominum
670 2455 696 2481 B
801 2456 833 2482 16
851 2457 896 2482 GL
910 2456 941 2488 (ἵ)
960 2460 1011 2482 not.
1035 2455 1119 2481 Ίῖνοπ.
1138 2455 1165 2480 iu
1183 2464 1264 2488 mars).
1283 2455 1308 2480 B

275 2495 370 2530 [CXL.]
389 2497 406 2523 5
423 2499 454 2523 n?
471 2498 509 2524 B:
534 2503 619 2524 noster
637 2507 694 2525 cum
716 2499 744 2524 in
762 2499 788 2524 B
800 2500 952 2532 plerumque
971 2499 1094 2526 brevietur
1113 2497 1155 2525 ιπῖ
1171 2504 1195 2525 ee
1212 2499 1290 2524 nostri
1307 2498 1390 2524 atatim
1402 2502 1531 2531 sequatur,
1546 2502 1627 2531 potent
1644 2499 1724 2524 latere
1741 2498 1815 2523 aliud

170 2538 236 2563 velen
252 2538 268 2554 ⁸*
286 2548 392 2573 uespere
495 2541 511 2566 9
529 2540 650 2575 maligno]
670 2542 795 2567 malorum
814 2551 881 2568 corr.
900 2542 926 2567 B

275 2629 308 2655 10
332 2629 460 2656 Timore»
486 2629 632 2656 Danorum
657 2638 691 2657 nc
719 2633 775 2657 tum
800 2630 905 2664 quidem
926 2638 1037 2657 cessasse
1059 2632 1171 2657 testatur
1192 2631 1285 2656 aucwr
1308 2629 1501 2656 Mmculmum
1525 2629 1554 2656 S.
1573 2629 1696 2657 Richam‘i
1719 2638 1744 2656 a.
1762 2630 1814 2657 866

171 2679 231 2711 (cfr.
249 2686 335 2713 cupra
348 2688 379 2714 p.
391 2681 455 2715 267)
473 2681 512 2708 od.
533 2681 608 2709 Mab,
626 2681 661 2708 A.
681 2681 729 2709 SS.
748 2690 815 2709 saec.
830 2682 867 2708 II
878 2690 905 2716 p.
917 2683 968 2709 226
987 2683 1101 2716 propter
1119 2681 1309 2708 imminentem
1328 2681 1564 2708 Nortmannorum
1586 2681 1713 2709 timorem
1731 2690 1814 2716 quem

170 2729 230 2758 sinc
249 2731 402 2759 cessatione
420 2732 556 2767 patimun
573 2733 620 2766 dr.
637 2733 711 2767 Mra
725 2741 747 2760 c.
767 2733 853 2768 CXL,
865 2735 900 2761 20
917 2736 942 2761 ει
959 2734 1110 2760 Ducmmler
1129 2733 1217 2760 Gcsck.
1235 2733 1261 2760 d.
1281 2733 1363 2766 Ostfr.
1382 2732 1509 2760 Reidoes2
1527 2733 1566 2766 ΙΙ,
1581 2733 1638 2760 142.

273 2782 371 2818 [CXL]
397 2783 509 2811 Gar-mon
528 2783 691 2818 stadegarda
709 2784 770 2817 (cfr.
787 2792 870 2818 supra
883 2793 913 2819 p.
931 2785 994 2818 271)
1011 2784 1121 2811 uidetur
1145 2794 1170 2812 a.
1190 2785 1240 2811 866
1262 2785 1349 2818 paulo
1367 2787 1428 2818 post
1447 2783 1555 2817 Rudolfi
1576 2787 1683 2811 mortem
1705 2785 1812 2818 fadum.

170 2835 186 2862 4
204 2834 246 2862 De
265 2835 424 2862 Gumlmtdo
441 2836 493 2869 cfr.
511 2843 597 2871 supra
610 2845 640 2870 p.
658 2836 717 2863 2⁷1.
821 2837 838 2863 6
856 2837 904 2869 cfr.
925 2836 1030 2869 CLIII,
1043 2837 1068 2862 3.
