2040 2996
646 91 695 117 AD
712 91 986 119 ERMINGARDEM
1003 93 1292 122 TMPERATRICEM.
1734 100 1793 130 187

507 177 742 220 Ermingardis,
766 189 856 210 amas
879 189 954 210 nam
979 178 1144 211 Christum
1168 184 1277 213 mente
1302 186 1451 214 venusta:

553 229 678 261 Idcirco
702 229 853 261 Christus
878 230 960 262 haec
984 231 1044 262 tibi
1068 235 1185 264 cuncta
1207 232 1306 265 dedit.

509 281 633 314 Caesar
654 285 743 313 amat
765 281 863 313 talem
887 281 1106 324 Salemonque
1129 283 1308 316 Lotharius
1332 285 1448 317 almam

554 332 738 375 Augustam
761 333 891 365 niveam
914 333 1020 376 diligit
1042 335 1114 377 ipse
1138 346 1244 367 suam:

427 393 451 411 ³⁵
503 384 632 428 Quippe
655 385 703 417 tui
727 385 866 417 similem
889 386 969 418 haut
990 386 1130 419 Francia
1153 388 1290 430 protulit
1313 389 1425 427 ullam,

554 437 690 480 (Credo)
714 449 774 470 nec
797 442 830 470 et
853 440 953 471 cosmi
977 439 1052 471 talis
1076 440 1110 471 in
1133 440 1211 472 orbe
1234 441 1343 473 micat.
1375 444 1378 446 ’

505 489 578 521 Non
603 490 662 522 tibi
685 489 857 533 displiceat
879 491 962 523 haec
987 492 1129 524 oratoria
1152 493 1293 535 lampas:

551 542 730 577 Testantur
752 543 872 586 populi,
896 544 983 587 quod
1006 554 1080 577 mea
1103 544 1199 576 Musa
1224 545 1322 577 canit.

506 594 616 635 Salve,
640 595 827 638 progeniae,
850 596 967 627 rutilae
991 596 1050 628 flos
1074 606 1174 628 auree
1197 597 1321 637 matris,

422 654 448 672 ⁴⁰
552 647 605 679 Ex
627 647 841 690 paradisiacis
865 648 956 690 virga
978 651 1117 681 venusta
1140 649 1229 681 locis.

504 698 653 731 Caesaris
677 710 712 731 es
736 699 871 731 coniux:
895 700 1040 742 genitrix
1064 701 1109 732 sis
1134 700 1286 733 Caesaris
1310 702 1397 740 almi,

550 750 614 788 Qui
637 761 755 783 nomen
780 752 903 783 clarum
927 752 1024 784 tollat
1047 753 1079 784 in
1103 756 1192 784 astra
1215 764 1326 787 suum:

505 802 558 835 Sis
582 803 703 846 regalis
727 814 814 846 apex
838 803 1009 836 dominans
1033 815 1092 847 per
1115 805 1255 837 candida
1279 805 1399 843 saecla,

551 854 666 887 Gratia
687 854 902 898 Francigenis
925 867 1021 888 omne
1045 856 1212 899 decusque
1235 857 1316 888 tuis:

423 914 448 933 ⁴⁵
503 906 710 949 Stelligeram
736 906 891 939 Solimam
915 908 1034 950 longae
1058 912 1132 951 post
1154 908 1276 950 gaudia
1299 909 1387 941 vitae

551 958 697 991 Scandas
721 959 877 1002 angelicis
901 959 1001 992 ducta
1023 960 1122 992 beata
1145 961 1264 993 choris.

932 1099 996 1122 XXI.

173 1152 434 1195 lNC(lPlUNT>
458 1151 633 1185 VERSUS
657 1151 719 1184 AD
743 1147 1082 1186 ERMINGARDEM
1106 1151 1456 1186 IMPERATRIOEM
1480 1153 1748 1187 CONSCRIPTI

353 1205 399 1237 IN
424 1205 585 1237 SERICO
608 1204 772 1237 PALLIO
796 1204 857 1236 DE
881 1205 1158 1238 VIRTUTIBUS
1183 1205 1318 1238 PETRI
1341 1206 1574 1238 APOSTOLI.

501 1265 646 1308 Cephen,
670 1265 835 1298 Andream
859 1265 998 1298 Messias
1022 1276 1132 1308 puppe
1157 1269 1359 1308 sequestrat-2

500 1317 670 1349 Piscosam
693 1316 823 1360 Cephas
847 1317 1003 1360 praedam
1027 1317 1114 1360 capit
1135 1327 1191 1349 ore
1215 1318 1370 1356 tonantis,

501 1369 570 1401 Sub
593 1369 799 1411 genibusque
823 1368 876 1401 dei
899 1369 1011 1401 statim
1034 1369 1256 1412 prosternitur
1279 1370 1391 1405 almis;

498 1421 582 1453 Tum
605 1431 664 1464 pro
688 1431 724 1453 se
747 1420 866 1453 Petrus
891 1424 1047 1454 staterem
1071 1420 1128 1453 dat
1150 1431 1273 1464 proque
1297 1422 1464 1463 magistro.

434 1549 446 1567 ⁵
499 1541 719 1574 Glaucicomis
743 1541 837 1574 undis
860 1542 1044 1584 lapsantem
1068 1541 1205 1574 dextera
1228 1542 1362 1574 Petrum
1487 1542 1608 1574 ITEM.

499 1593 656 1627 Sublevat
679 1594 862 1626 altithroni:
885 1595 992 1627 noscit
1014 1595 1205 1637 prolem'que
1229 1595 1382 1627 tonantis.

498 1645 685 1678 Aethereae
709 1645 853 1678 Solimae
877 1645 996 1678 Petrus
1019 1646 1055 1678 fit
1079 1647 1225 1689 claviger
1248 1647 1366 1686 almus,

497 1697 558 1730 Cui
580 1697 636 1730 dat
658 1698 744 1730 ovile
766 1697 848 1730 deus
871 1698 1007 1741 triplicis
1032 1702 1106 1741 post
1129 1698 1238 1731 famen
1261 1699 1390 1731 amoris.

495 1817 622 1851 Educet
646 1818 840 1852 altithronus
864 1819 1007 1859 Petrum,
1033 1823 1226 1863 sequeretur
1249 1823 1286 1852 ut
1309 1820 1434 1863 ipsum;
1486 1818 1606 1852 ITEM.

420 1878 442 1897 ¹⁰
494 1871 616 1904 Irrorat
639 1870 769 1915 Cephas
792 1882 993 1914 synagogam
1017 1875 1150 1904 nectare
1174 1872 1282 1905 verbi:

497 1923 640 1966 Suscipit
663 1923 795 1956 Aeneas
820 1927 952 1967 optatae
975 1923 1062 1956 dona
1085 1924 1218 1962 salutis;

497 1974 722 2008 Monstrantur
744 1978 866 2015 vestes,
889 1975 1015 2008 Dorcas
1039 1986 1120 2018 quas
1144 1975 1250 2008 texuit
1273 1975 1370 2008 alma.

494 2094 666 2128 Thabitam
691 2095 803 2128 Simon
827 2096 1015 2143 Acheropte
1039 2097 1170 2129 reduxit
1193 2096 1234 2128 ab
1257 2097 1337 2128 imo:
1481 2095 1601 2128 ITEM.

493 2147 642 2190 Apparet
665 2147 791 2179 cunctis
814 2158 892 2179 mox
915 2148 1030 2180 vivens
1054 2149 1211 2190 laetaque
1234 2147 1372 2180 Dorcas.

416 2207 440 2226 ¹⁵
492 2198 642 2231 Eximius
666 2202 788 2241 pastor,
812 2199 924 2242 populi
947 2199 1132 2232 didascalus
1159 2199 1270 2242 ampli,

495 2249 800 2296 Cornelium‘sacro
824 2251 982 2283 oatazizat
1004 2251 1158 2294 dogmate
1182 2250 1314 2283 Christi.

232 2389 266 2415 35
275 2394 320 2415 aut
331 2389 426 2415 Geor-r.
438 2388 585 2414 Droemler
655 2387 688 2413 37
698 2387 823 2414 *oratoria
833 2366 921 2422 tle-rii‘iili
933 2390 1127 2422 Cezplicah'onc
1138 2389 1311 2414 coniectus-ave
1320 2396 1338 2411 a
1350 2387 1376 2412 0
1386 2387 1558 2419 superscripta
1628 2386 1662 2413 39
1674 2388 1750 2413 rutile
1763 2388 1785 2414 C

129 2438 206 2469 staret}¹
221 2433 244 2458 C
331 2431 366 2458 43
382 2432 449 2457 inter
467 2438 485 2464 p
507 2435 530 2456 et
552 2431 659 2456 candida
682 2431 758 2456 hacta
781 2432 908 2464 quaedam
932 2436 1058 2464 ea-ptmcta
1073 2432 1096 2457 0
1150 2431 1236 2456 secula
1250 2430 1272 2455 C
1292 2438 1359 2454 corr.
1379 2429 1528 2454 Duemmler
1650 2429 1722 2462 [xxa]
1740 2431 1780 2456 ecl.

129 2475 279 2500 Dmnmler
297 2475 313 2500 l.
333 2483 354 2500 c.
367 2483 397 2508 p.
418 2474 450 2500 16
519 2473 619 2500 *nmo
633 2474 655 2499 0
705 2465 775 2499 1M13.
790 2474 813 2500 0
887 2474 904 2499 3
922 2475 1031 2507 genibus
1051 2483 1118 2499 corr.
1133 2474 1155 2498 C
1230 2471 1315 2498 *5-{3
1333 2476 1389 2506 post
1407 2471 1493 2496 9—1‘2
1508 2471 1530 2497 0
1602 2472 1619 2497 5
1631 2481 1718 2498 comas
1730 2473 1779 2498 del.

128 2522 151 2543 d
163 2522 262 2551 petrum
274 2526 401 2550 cuper-scr.
416 2518 438 2543 0
521 2515 537 2541 '1
550 2517 660 2554 Aethere
673 2517 695 2542 C
709 2525 776 2542 corr.
796 2516 945 2542 Duemmler
1034 2515 1066 2541 12
1078 2517 1147 2542 ulmi}⁴
1162 2517 1184 2541 O
1193 2525 1260 2541 corr.
1274 2515 1422 2540 Duemmzer
1502 2513 1535 2540 13
1548 2523 1638 2548 symon
1647 2516 1747 2548 passim
1761 2516 1784 2541 0

132 2558 164 2585 16
181 2561 305 2586 camint
319 2560 341 2586 0
355 2560 372 2585 ι’,
385 2568 406 2586 ε.
418 2558 557 2592 tunultu
575 2560 624 2593 cfr.
643 2559 808 2585 Schuchardt
827 2559 851 2591 Ι,
870 2559 919 2585 163

229 2637 264 2663 44
282 2635 343 2663 Ed.
362 2636 392 2670 V,
409 2637 443 2663 34
456 2635 500 2662 Τιι
510 2635 594 2663 decus
606 2643 688 2662 omne
701 2635 766 2663 tuis.
871 2636 945 2670 [xxa]
958 2635 1088 2668 Pleraque
1099 2642 1131 2661 eoe
1143 2634 1287 2667 euangeliis
1298 2633 1392 2660 actim
1403 2633 1590 2667 apostolorum,
1602 2633 1647 2659 aed
1658 2633 1779 2660 adlnbuit

127 2695 229 2722 quoque
246 2687 274 2714 S.
291 2687 366 2714 Pari
382 2690 442 2714 ada
459 2687 618 2721 simulat-ia.
706 2687 736 2713 11
756 2686 829 2714 dona
847 2687 947 2714 salutis
963 2687 1025 2719 finit
1043 2695 1062 2713 e.
1080 2695 1104 2720 51·
1123 2685 1198 2720 apud
1216 2685 1323 2712 Amwr.
1342 2685 1366 2718 Ι,
1385 2685 1442 2711 169.
1531 2685 1563 2711 13
1582 2685 1649 2711 Aen.
1669 2685 1724 2718 XI,
1743 2686 1777 2711 23

128 2738 284 2766 Acheronte
302 2739 354 2766 sub
373 2738 465 2766 imost.

1521 2782 1574 2809 24*
