2060 3074
204 158 266 187 562

300 2445 314 2470 1
334 2445 456 2479 benigna]
475 2455 567 2472 serena
586 2447 611 2471 Β
685 2446 703 2472 3
721 2447 837 2472 iusticias
854 2447 880 2472 B
949 2446 966 2472 4
984 2455 1154 2473 excrensoons
1172 2442 1203 2471 V*
1263 2447 1278 2472 7
1298 2448 1367 2472 haud
1386 2447 1412 2472 Β
1489 2447 1520 2472 19
1538 2448 1614 2474 'ralia
1634 2448 1658 2473 Β

197 2489 291 2514 mercia
310 2489 335 2513 B

859 157 1011 184 MILONIS
1030 159 1206 185 CARMINA.

1014 400 1045 422 11.

566 448 699 491 Accipe,
723 449 833 490 Karle,
857 460 982 492 precor,
1007 457 1137 482 carmen
1160 451 1283 493 pietate
1309 452 1461 494 benigna.
1508 465 1510 468 ’

568 500 618 532 En
641 505 804 543 sceptrum
827 502 938 543 regale
963 502 1071 533 ferens
1095 503 1282 535 venerabile
1306 504 1395 536 cultu

569 552 616 584 Te
641 553 722 584 duce
745 553 887 585 iustitiae
911 554 1038 586 culmen
1062 558 1213 587 servante
1236 556 1376 588 refertur

567 604 770 636 Excrescens
793 605 876 636 miro
899 606 1004 648 pietas
1027 606 1248 639 moderamine
1272 608 1405 650 pulchre

507 668 519 686 s
563 655 687 698 Regnis
709 657 807 688 missa
829 657 902 698 tuis,
927 660 983 689 tua
1006 660 1039 689 te
1064 661 1097 690 et
1119 662 1276 701 regnante
1300 660 1438 703 trophea

495 929 520 947 10

495 1188 518 1206 15

491 1448 517 1467 20

491 1965 516 1984 30

491 2226 516 2244 35

566 707 638 740 Non
662 709 791 751 lapsura
814 709 907 741 bonis
931 712 1065 741 aeterna
1088 711 1121 742 in
1143 712 1274 743 saecula
1298 713 1398 754 gestis

567 759 717 792 Oceanus
740 761 828 793 valet
849 761 928 793 haut
952 761 1146 794 concludere
1169 763 1278 795 limitis
1300 763 1397 804 unda,

568 812 649 843 Cum
673 816 729 844 tua
752 813 929 845 seiunctam
952 817 1126 856 penetrent
1148 815 1287 857 insignia
1309 815 1423 858 Thyle.

567 864 663 896 Orbis
687 875 787 906 amor,
812 865 910 898 decus
935 869 969 898 et
990 866 1111 907 mundi,
1135 870 1170 898 tu
1194 868 1333 899 culmina
1355 868 1419 900 iam
1442 879 1526 900 nunc

564 916 654 948 More
677 918 764 959 regis
787 918 907 960 patrio;
931 928 1006 950 nam
1030 919 1056 950 si
1078 929 1162 950 nunc
1186 919 1270 950 forte
1294 920 1434 951 tribunal

566 968 766 1001 Mirificando
789 973 880 1001 tuum
903 970 1024 1002 referat
1045 970 1233 1002 modulante
1257 970 1401 1003 Camena

565 1019 764 1052 Immensum
788 1021 930 1064 quisquis
953 1022 1074 1064 poterit
1096 1022 1237 1054 formare
1261 1023 1423 1055 volumen.

566 1071 701 1113 Sumito,
724 1083 835 1115 posco,
859 1077 969 1105 tamen
991 1074 1072 1115 visu,
1097 1084 1115 1106 o
1139 1085 1198 1106 rex
1222 1074 1336 1114 dulcis,
1359 1075 1496 1106 honesto

567 1123 718 1156 Scemata
740 1125 827 1167 picta
850 1125 951 1157 crucis
974 1125 1098 1168 indigni
1121 1126 1270 1158 carminis
1294 1137 1384 1159 ausu.

562 1175 612 1207 Ac
635 1177 736 1208 veluti
759 1176 897 1209 almifico
920 1177 953 1209 iu
975 1177 1045 1219 giro
1069 1178 1167 1209 micat
1189 1178 1276 1210 alma
1298 1189 1428 1219 corona,

566 1227 654 1259 Laus
677 1231 734 1259 tua
757 1228 801 1260 sic
825 1231 934 1260 terrae
958 1229 1121 1261 concludit
1143 1240 1262 1272 magna.
1284 1231 1431 1272 regimen

565 1278 608 1310 Et
630 1280 687 1311 lux
710 1283 822 1312 sancta
844 1281 946 1312 micat
969 1280 1135 1323 quadratis
1158 1282 1295 1314 climatis
1317 1283 1391 1314 oris.

563 1331 672 1374 thue
696 1332 742 1363 tui
764 1333 847 1364 vatis
863 1329 980 1364 'votum
1003 1334 1222 1376 praestantius
1244 1334 1318 1366 hinc
1341 1335 1392 1375 sit,

563 1383 712 1426 Amplius
735 1395 820 1426 auge
844 1385 951 1427 operis
973 1385 1105 1417 laudem
1127 1389 1281 1428 poscente
1305 1386 1431 1419 Thalia.

561 1435 716 1468 Subditus
739 1436 902 1479 obsequiis
926 1437 1040 1469 orbem
1064 1437 1194 1469 diversa
1215 1449 1276 1480 per
1299 1449 1428 1470 omnem

564 1487 699 1520 Munera
723 1488 786 1520 fert
808 1489 924 1520 vestris
946 1489 1070 1520 variato
1094 1492 1269 1522 stemmate
1292 1491 1381 1532 gazis

564 1539 662 1571 Ortus
687 1542 721 1571 et
744 1550 887 1581 occasus,
911 1541 1042 1582 gemina
1065 1543 1098 1572 et
1121 1541 1195 1573 hinc
1218 1541 1294 1574 inde
1318 1542 1476 1581 columna,

563 1591 677 1623 Donec
700 1591 743 1623 ad
765 1592 832 1623 alta
853 1592 944 1624 voles
967 1595 1002 1624 et
1023 1592 1159 1624 scandas
1182 1593 1318 1625 aethera
1341 1593 1454 1625 donec.

563 1642 614 1674 En
637 1653 754 1685 supero
777 1643 927 1686 princeps
949 1644 1009 1676 sub
1033 1643 1163 1677 Christo
1186 1646 1275 1687 pacis
1299 1649 1425 1677 amator

561 1694 679 1737 Regna
701 1695 791 1727 levas
814 1698 848 1726 et
870 1695 958 1727 laeta
979 1695 1073 1728 bonis
1097 1698 1289 1729 commertia
1313 1697 1428 1729 dextra

564 1746 668 1778 Addis
690 1747 810 1789 ubique
833 1749 889 1778 tuo
914 1746 1048 1779 demens
1070 1748 1158 1780 mala
1180 1752 1298 1781 cuncta
1319 1749 1467 1791 tropheo.

563 1798 708 1830 Maxime
731 1801 935 1841 regnantum,
959 1798 1113 1831 bonitatis
1137 1803 1170 1832 et
1196 1800 1275 1832 orbe
1298 1801 1428 1841 relator,

563 1850 697 1892 Imperii
720 1861 740 1882 a
762 1851 891 1893 proavis
914 1854 1044 1893 partum
1067 1852 1126 1883 tibi
1151 1855 1240 1884 sorte
1265 1844 1419 1884 cacumen

562 1901 688 1933 Nobilis
710 1902 796 1933 ultor
818 1901 944 1934 habens
966 1906 1098 1935 auctum
1120 1903 1239 1936 virtute
1263 1914 1389 1945 serena,

560 1952 686 1995 Excipe
710 1953 882 1995 dignanter
904 1954 1058 1986 virtutum
1080 1955 1228 1997 insignia,
1252 1956 1364 1988 victor.

565 2005 686 2048 Scripsi
710 2005 862 2048 equidem
886 2006 973 2038 vitae
997 2006 1104 2038 felicia.
1127 2010 1222 2049 gesta
1244 2007 1365 2040 beatae

564 2057 638 2089 cari
661 2057 830 2100 pontificis,
855 2058 945 2089 cuius
967 2059 1185 2101 pulcherrima
1207 2062 1281 2091 sunt
1304 2059 1356 2091 hic

562 2109 605 2140 Et
628 2110 727 2141 virtus
752 2113 785 2141 et
807 2110 910 2141 honos
934 2113 968 2142 et
990 2111 1092 2143 verba
1115 2114 1148 2143 et
1170 2112 1317 2154 praemia.
1339 2114 1450 2143 sancto

563 2161 727 2204 Perpetue
751 2172 902 2194 mansura
925 2162 1023 2194 choro
1047 2166 1135 2195 trans
1158 2163 1266 2195 sidera
1288 2174 1430 2206 semper.

562 2213 611 2244 Tu
634 2216 754 2254 tamen,
779 2224 797 2245 o
820 2214 980 2258 princeps,
1003 2215 1086 2247 haec
1109 2226 1245 2247 munera
1266 2215 1353 2247 nuda
1376 2218 1510 2247 coturno

563 2264 704 2308 Respice
727 2265 901 2297 nobilitans
923 2266 956 2298 in
978 2265 1120 2298 Amandi
1143 2268 1273 2299 nomine
1297 2277 1437 2299 carmen.

562 2316 696 2360 Accipe,
719 2317 830 2359 Karle,
853 2328 969 2360 precor
990 2318 1122 2350 laudem
1144 2322 1292 2351 currente
1316 2318 1461 2351 Camena

422 2489 455 2515 34
474 2498 518 2523 per
522 2494 599 2523 petuo
619 2490 720 2516 Desilve

1729 2447 1765 2474 25
1781 2457 1849 2474 oom-
