2040 2996
264 131 304 162 20
748 130 837 158 VITA
856 131 967 158 BEATI
986 131 1211 160 LEUDEGARII
1230 133 1430 161 MARTYRIS.

629 217 733 250 Plena
755 228 885 260 gerens,
910 229 1008 251 sensu
1033 230 1164 259 vacuus,
1187 220 1288 260 ferus,
1312 231 1419 264 asper,
1443 231 1583 262 amarus,

533 276 570 294 ἵν’-ὐ
628 270 780 302 Accersit
803 271 966 313 quendam
989 271 1094 310 citius,
1121 273 1172 304 cui
1195 273 1336 315 denique
1360 274 1458 305 dixit:

629 321 808 354 ‘cernebas
823 323 985 365 quondam
1003 324 1129 356 tumida
1142 343 1181 348 —
1194 336 1275 368 cape
1286 344 1327 348 —
1338 329 1449 358 mente
1470 327 1657 369 superbum,

628 373 720 405 Artis
743 374 830 406 hunc
855 375 1005 407 claustris
1029 376 1210 408 vinclorum
1234 380 1340 416 necte,
1364 377 1540 420 Waninge,

629 425 771 457 Parcere
794 436 854 458 nec
879 437 989 461 cures:
1014 428 1124 459 veniet
1145 438 1219 460 mea
1243 429 1357 469 iussio,
1381 440 1465 472 quae
1487 430 1577 462 illum

628 476 766 508 Poenali
791 479 916 510 meritis
940 479 1110 511 damnabit
1133 483 1222 512 sorte
1245 491 1407 524 suprema.

531 534 568 552 ³2⁵
627 528 734 571 Perge
759 528 866 561 citus’.
912 530 1025 573 Pergit
1049 532 1146 563 velox
1170 532 1225 575 qui
1248 533 1337 564 iussa
1358 534 1537 574 facescens,

626 580 740 622 Usque
763 582 999 614 monasterium
1023 587 1119 615 caute
1142 584 1322 626 perducere
1347 588 1461 625 certat,

628 631 715 663 Olim
739 632 951 665 Fiscamnum
974 638 1105 666 constat
1128 636 1214 677 quod
1237 637 1368 668 nomine
1391 637 1524 669 dictum.

627 683 821 726 Virgineum
846 686 987 717 examen
1011 687 1132 718 mansit
1155 698 1218 729 quo
1240 691 1344 720 matre
1370 689 1430 720 sub
1453 699 1518 720 una

627 735 783 778 (Actibus
808 737 865 768 illa
887 738 950 779 piis
974 739 1102 780 pollens
1126 749 1185 781 per
1208 742 1355 782 tempora
1379 741 1520 782 cuncta),

529 794 567 813 ⁵³⁰
627 786 698 823 Quo
721 788 843 829 iugiter
865 788 995 821 domino
1019 790 1196 822 modulatis
1221 791 1356 823 vocibus
1380 792 1535 834 hymnum

550 839 552 842 '
625 839 836 882 Percrepuit;
861 841 985 883 degens
1007 842 1065 873 ubi
1088 843 1203 874 martir
1225 846 1372 886 tempore
1397 848 1527 887 quanto,

628 891 777 934 Supplex
800 893 1011 925 altithronum
1035 894 1202 926 dominum
1227 899 1424 928 veneranter
1446 897 1597 930 adorans.

625 944 748 976 Parcus
771 955 912 987 namque
937 946 1020 983 cibo,
1044 957 1175 979 sumens
1198 948 1251 979 vel
1275 948 1392 990 pocula
1415 960 1529 992 pauca,

625 996 714 1028 Raro
738 1007 795 1028 seu
819 998 974 1029 membris
999 999 1161 1030 concessit
1184 1000 1340 1031 stramina
1363 1001 1469 1042 lassis,

529 1054 566 1073 5³⁵
627 1048 735 1091 Saepe
760 1049 858 1081 etiam
882 1049 1019 1081 adclinis
1043 1051 1161 1092 parieti
1185 1052 1332 1083 membra
1355 1054 1494 1095 reponit.

626 1100 777 1132 Intentus
801 1101 896 1141 facie,
921 1102 1071 1133 manibus
1097 1103 1148 1134 vel
1173 1114 1308 1146 corpore
1332 1107 1402 1136 toto

624 1151 797 1184 Astrorum
820 1164 933 1195 regem
957 1165 1083 1186 summo
1108 1156 1280 1187 conamine
1303 1166 1453 1198 poscens,

625 1203 769 1236 Crimina
793 1215 856 1246 quo
881 1205 983 1242 laxet,
1007 1206 1136 1237 veniam
1160 1206 1225 1247 det,
1248 1217 1336 1239 noxa
1359 1209 1513 1249 remittat,

624 1256 759 1298 Inpiger
781 1256 918 1288 antistes
942 1257 1024 1289 haec
1047 1259 1151 1299 gessit
1174 1262 1270 1291 nocte
1293 1259 1412 1302 dieque
1436 1279 1478 1285 -—

529 1316 566 1333 w·
627 1308 713 1340 Ecce
736 1308 836 1340 labris
860 1309 967 1340 subito
990 1309 1111 1341 abcisis
1134 1311 1310 1353 linguaeve
1332 1314 1455 1344 tacenti

624 1360 762 1391 Munere
786 1360 895 1392 divino
920 1361 1095 1393 verborum
1119 1362 1250 1395 reddita
1273 1374 1337 1395 vox
1361 1368 1423 1396 est.

625 1412 758 1454 Organa
783 1414 935 1447 continuo
960 1418 1109 1446 remeant
1133 1418 1165 1446 et
1188 1418 1330 1457 guttura,
1354 1417 1466 1449 fauces

624 1464 753 1496 Instant
778 1465 889 1496 offitiis
914 1466 1018 1498 solitis
1042 1469 1075 1498 et
1098 1467 1237 1499 reddere
1261 1471 1398 1500 certant.

624 1516 695 1547 Nec
719 1527 820 1556 mora,
845 1516 999 1549 dulcifluo
1022 1517 1202 1550 funduntur
1225 1519 1381 1562 dogmata
1403 1521 1444 1552 ab
1467 1532 1525 1554 ore

527 1576 564 1594 :³⁴2³
624 1569 848 1612 Virgineoque
872 1571 964 1612 gregi
989 1571 1176 1613 panduntur
1197 1572 1321 1604 famina
1345 1584 1448 1607 sacra.

623 1621 815 1663 Virginibus
841 1623 963 1654 sanctis
987 1623 1155 1665 pandebat
1177 1624 1333 1666 dogmata
1356 1626 1497 1667 quando,

624 1672 784 1705 Cordibus
809 1674 935 1705 illarum
959 1675 1099 1706 infundit
1122 1687 1183 1707 ceu
1206 1676 1315 1708 dulcia
1338 1678 1448 1710 mella.

624 1725 772 1764 Floriferi
797 1726 879 1757 ruris
903 1727 1006 1768 primo
1032 1728 1092 1759 sub
1117 1731 1262 1770 tempore
1286 1730 1376 1761 verni

625 1776 781 1809 Germina
803 1779 993 1820 procedunt,
1018 1780 1110 1812 caelo
1134 1780 1210 1812 dum
1234 1783 1400 1824 spargitur
1422 1783 1527 1815 imber

529 1835 566 1853 ⁵⁵⁰
626 1828 722 1871 Aptis
746 1830 946 1872 temporibus
971 1831 1088 1871 lentus,
1113 1833 1328 1876 glescuntque
1351 1835 1501 1874 frutecta,

624 1880 667 1912 Et
690 1882 795 1923 plenis
820 1883 935 1914 culmis
959 1884 1114 1925 gravidae
1140 1886 1347 1917 cumulantur
1369 1887 1490 1918 aristae
1518 1907 1551 1910 —

624 1933 724 1964 Haud
747 1944 842 1965 secus
858 1927 924 1966 >ora
946 1936 1057 1977 rigans
1081 1937 1220 1969 antistes
1245 1937 1511 1970 Christicolarum

625 1984 815 2017 Doctrinam
839 1986 947 2018 fundit
969 1998 1050 2030 puro
1074 1988 1115 2020 de
1138 1990 1229 2021 fonte
1253 1990 1418 2022 fluentem.

624 2036 722 2069 Illum
746 2049 805 2081 per
829 2039 952 2071 multae
977 2041 1177 2082 spernebant
1200 2045 1273 2073 acta
1296 2043 1443 2076 sinistra:

528 2096 564 2114 ⁵⁵5·
626 2090 678 2121 Ad
702 2091 846 2123 melioris
871 2102 965 2134 opem
991 2093 1076 2124 vitae
1101 2104 1137 2124 se
1161 2093 1298 2126 reddere
1322 2095 1477 2136 gaudent,

624 2142 824 2185 Perpetuum
849 2145 980 2176 monitis
1005 2155 1079 2177 sese
1103 2146 1250 2178 evasisse
1274 2148 1444 2189 periclum.

626 2194 779 2237 Undique
804 2197 1002 2228 conveniunt
1024 2197 1121 2237 avidi,
1145 2208 1208 2240 quo
1233 2199 1334 2230 verba
1357 2200 1471 2231 salutis

625 2247 814 2290 Percipiant
837 2249 958 2291 populi,
983 2249 1070 2281 dulci
1092 2260 1175 2292 quae
1200 2254 1332 2282 sanctus
1356 2252 1397 2284 ab
1421 2262 1478 2284 ore

624 2298 845 2342 Deprompsit,
870 2300 976 2332 laetus
1001 2301 1128 2333 cunctis
1152 2302 1307 2334 alimenta
1328 2303 1527 2336 ministram.

1696 2384 1713 2391 a

357 2410 410 2436 544
432 2412 584 2437 flunduntur
611 2413 633 2437 G
660 2421 727 2438 corr.
751 2413 776 2438 P
871 2413 923 2439 552
946 2412 1038 2440 *eorda
1063 2415 1098 2450 G)
1121 2415 1239 2448 inter-pol.
1262 2424 1293 2441 ex
1316 2414 1350 2440 72
1373 2420 1396 2440 et
1417 2415 1468 2441 547
1563 2416 1615 2443 554
1639 2417 1782 2451 *pet-multe
1801 2419 1826 2444 G
1844 2419 1872 2451 (ἰ.
1889 2428 1911 2445 e.

253 2463 300 2486 per
318 2454 392 2479 illum
411 2454 455 2482 m.)
476 2455 595 2487 permulti
614 2455 639 2480 1²
723 2456 774 2482 556
792 2457 906 2490 gaudent
925 2462 1075 2490 perpetuum
1097 2458 1119 2483 G
1138 2467 1204 2483 corr.
1224 2459 1263 2483 Ι)2
1350 2458 1401 2485 558
1418 2460 1538 2492 dulcique
1560 2460 1583 2485 G

359 2522 410 2548 524
429 2523 494 2548 Aen.
514 2522 542 2555 V,
565 2522 614 2549 190
636 2525 709 2550 sorte
734 2533 871 2558 suprema.
959 2526 1009 2552 525
1027 2526 1073 2558 cfr.
1093 2526 1133 2552 82.
1203 2527 1273 2557 κ526
1294 2527 1367 2554 Mal).
1386 2527 1466 2554 Ass.
1484 2536 1551 2555 saec.
1569 2528 1609 2562 IL
1628 2528 1691 2556 972:
1713 2529 1910 2557 Monastcm'um

258 2573 458 2606 fiscamnense,
477 2574 554 2607 rulqo
572 2575 681 2601 11'esca111
701 2576 730 2602 (i.
746 2584 766 2602 e.
782 2576 913 2610 Folo-amp)
933 2577 964 2603 ’Ῐφι
977 2577 1074 2603 Calctis
1086 2578 1231 2604 Neustriae
1246 2579 1355 2612 pmmlis
1373 2579 1408 2605 ad
1422 2579 1558 2606 Oceanum
1571 2581 1698 2614 positum.
1769 2583 1821 2609 528
1839 2581 1911 2609 Chil-

254 2625 382 2660 (Ιοηιιιιῃα
402 2629 509 2653 meatur
526 2626 559 2651 ab
582 2626 686 2654 Ursino.
768 2629 820 2654 530
839 2631 944 2655 Arsam.
963 2630 986 2662 Ι,
1004 2630 1054 2656 337
1073 2630 1187 2657 vocibus
1206 2630 1348 2664 hymnum.
1430 2633 1482 2659 532
1501 2632 1577 2659 Fert.
1595 2633 1669 2660 VM.
1682 2634 1738 2668 III,
1757 2635 1811 2661 314
1827 2643 1910 2662 vene-

255 2680 351 2705 ranter
369 2678 496 2710 adorans,
514 2679 560 2711 cfr.
582 2679 672 2705 Sedul.
694 2680 784 2712 13431
806 2683 828 2707 et
848 2682 949 2708 Arei-al.
962 2681 1024 2708 (idn.
1113 2683 1163 2709 53ss
1182 2683 1228 2716 cfr.
1247 2684 1305 2710 512.
1394 2684 1445 2710 543
1462 2684 1509 2716 cfr.
1527 2685 1585 2712 513.
1675 2686 1725 2712 547
1742 2687 1790 2719 cfr.
1799 2687 1869 2720 prol.
1883 2687 1909 2714 4.

254 2731 306 2757 550
324 2730 356 2757 dc
375 2731 497 2764 glescere
514 2731 600 2763 praef.
615 2731 630 2757 4
649 2731 713 2758 adn.
805 2734 852 2759 551
876 2733 921 2760 Ge.
935 2734 957 2766 I,
978 2734 1024 2760 111
1040 2743 1074 2760 ne
1093 2734 1217 2769 gravidis
1236 2735 1400 2770 procumbat
1418 2736 1525 2763 culmus
1543 2736 1644 2763 aristis.
1733 2739 1784 2764 552
1803 2740 1909 2765 Arator.

256 2781 303 2815 ΙΙ,
323 2783 373 2808 5ῖ9
399 2784 430 2808 tu
454 2791 527 2808 nunc
550 2782 619 2809 mihi
643 2783 747 2817 largius
773 2793 833 2816 ora,
855 2787 858 2819 ᾖ
878 2785 993 2820 spiritus
1015 2785 1102 2817 alme,
1128 2786 1199 2821 riga.
1221 2788 1265 2820 clia
1287 2787 1418 2822 Porphyr.
1438 2787 1495 2822 Opt.
1514 2788 1568 2823 IV,
1591 2789 1610 2815 4
1632 2788 1741 2816 devotis
1763 2790 1910 2817 haustibus

255 2842 303 2860 ora
321 2834 423 2868 rigans.
512 2835 563 2861 :3:33
580 2834 626 2867 cfr.
648 2835 703 2861 11-2.
792 2837 842 2863 557
856 2838 903 2871 cfr.
916 2839 972 2865 129.
