2040 2996
272 98 330 130 198

552 344 577 362 ‘20

829 91 973 121 SEDULII
992 90 1120 121 SCOTTI
1138 90 1306 120 CARMINA
1324 90 1358 119 11.

634 180 763 213 Emicat
785 181 941 213 antidotis
965 181 1178 223 flagrantibus
1201 180 1279 212 ordo
1304 179 1478 219 secundus,

635 232 715 268 Quis
739 234 951 275 expelluntur
974 233 1137 265 contraria
1160 243 1308 274 quaeque
1332 232 1444 263 saluti:

634 285 727 321 Quae
751 285 894 327 genitrix
917 285 1004 325 olim,
1028 295 1101 316 cum
1124 284 1352 316 descendisset
1375 284 1416 315 ab
1440 283 1548 322 astris,

635 336 754 377 Cred0,
778 336 866 379 quod
887 336 1108 379 Hesperidum
1132 335 1261 367 florenti
1284 335 1403 367 detulit
1425 335 1536 370 horto;

634 388 755 420 Montis
779 388 918 420 oliviferi
943 399 1094 430 supremo
1118 388 1222 420 limite
1247 387 1333 419 dona

636 440 743 471 Mixta
765 440 964 472 medeliferis
988 440 1168 471 flavescunt
1192 442 1322 471 nectare
1347 438 1443 470 sucis.
1470 456 1509 460 —

636 491 745 530 Salve,
769 502 862 523 sacra
883 491 1008 530 domus,
1032 491 1215 523 Medicinae
1239 491 1385 522 maxima
1410 501 1500 530 cura,

637 543 719 585 Spes
743 543 843 586 ampli
865 543 988 585 populi,
1011 543 1215 575 redolentum
1240 543 1339 585 plena
1361 543 1530 574 bonorum.

1051 692 1146 714 xxxn.

685 747 801 779 IDEM
823 747 885 778 DE
910 746 1104 784 QUADAM
1129 746 1345 778 SPECIOSA
1369 745 1508 777 DOMO.

639 807 794 844 Quamvis
818 807 997 849 astrigeros
1021 806 1153 838 decoret
1176 807 1364 838 curvamine
1387 810 1510 837 tractus

684 859 746 890 Iris
770 860 802 890 in
827 870 925 891 aereo
952 858 1083 890 roscida
1106 869 1207 889 curva
1229 859 1313 900 polo,

638 910 852 946 Quadricolor
876 911 1001 942 croceis
1025 911 1133 952 signet
1155 910 1293 951 vestigia
1315 910 1437 952 plantis

685 962 810 994 Titanis
833 962 948 994 rutilos
973 962 1143 1004 excipiens
1167 961 1295 993 radios:

575 1027 579 1037 ›
637 1013 752 1046 Altera
775 1014 835 1046 sed
857 1014 986 1055 vestris,
1011 1014 1037 1046 si
1059 1014 1108 1045 fas
1133 1017 1183 1045 est
1206 1013 1327 1053 dicere,
1351 1013 1448 1044 tectis

558 1279 582 1297 10

556 2111 581 2130 ⁴25

558 2371 583 2390 30

684 1065 871 1097 Multicolor
893 1066 1025 1097 varians
1048 1065 1111 1097 Iris
1133 1061 1255 1096 ho'nore
1279 1065 1386 1097 micat.

641 1117 770 1149 Aureus
794 1117 827 1148 in
851 1118 954 1160 primo
977 1118 1067 1149 color
1089 1118 1192 1148 enitet
1215 1117 1330 1148 ordine
1353 1117 1512 1158 flagrans;

685 1169 880 1201 Gramineus
904 1170 1051 1211 sequitur
1073 1169 1161 1201 veris
1184 1169 1305 1200 honore
1329 1169 1452 1205 virens;

638 1220 843 1263 Purpureum
866 1221 984 1262 flagrat
1007 1221 1175 1263 specimen
1197 1220 1346 1252 mirabile
1370 1220 1452 1260 visu,

688 1272 979 1315 Saphirusridens
1003 1272 1129 1314 spargit
1151 1272 1186 1303 in
1209 1275 1298 1303 astra
1321 1271 1438 1307 decus:

637 1324 766 1356 Emicat
789 1327 822 1356 et
844 1324 968 1356 vitreus
993 1327 1105 1366 supter
1129 1333 1291 1366 supraque
1316 1334 1482 1361 coruscus,

690 1375 938 1407 Glauoicomum
960 1375 1069 1417 pelagi
1092 1375 1214 1417 gaudet
1236 1375 1360 1406 habere
1384 1374 1528 1406 modum:

638 1427 765 1458 Nobilis
789 1427 957 1458 altithroni
981 1427 1086 1458 crucis
1111 1427 1304 1469 exprimitur
1327 1426 1429 1458 decus
1453 1427 1586 1465 almum,

686 1478 803 1510 Vitrea
825 1489 889 1521 qua
912 1479 1038 1510 varium
1061 1478 1141 1510 linia
1164 1479 1267 1521 carpit
1292 1478 1364 1510 iter.

642 1531 774 1563 Aureus
798 1542 836 1563 ac
859 1531 982 1572 viridis,
1007 1541 1142 1564 croceus
1168 1531 1256 1563 color
1279 1541 1463 1572 aereusque

687 1583 891 1615 Conveniunt
915 1583 1056 1623 domino,
1081 1583 1137 1626 qui
1160 1583 1245 1625 regit
1266 1585 1365 1622 astra,
1389 1581 1466 1613 deo:

640 1634 694 1666 Sic
718 1635 817 1667 ruber
839 1645 876 1667 ac
900 1635 1011 1666 viridis
1034 1635 1200 1667 hominem
1222 1645 1282 1677 per
1304 1635 1442 1666 vulnera
1464 1643 1607 1676 passum.v

687 1686 830 1727 Aureus,
855 1697 971 1719 aereus
996 1690 1125 1729 sceptra
1148 1686 1267 1728 deique
1291 1688 1421 1718 canunt.

639 1738 770 1770 Phebus
793 1742 881 1770 amat
903 1739 1015 1779 talem,
1038 1739 1144 1771 niveis
1169 1741 1203 1770 et
1226 1738 1370 1770 crinibus
1395 1737 1503 1769 aulam

684 1791 827 1823 Dedicat
847 1791 1026 1831 illustrans,
1049 1791 1167 1833 aspicit
1190 1794 1288 1832 atque
1312 1790 1399 1833 polo.

638 1843 801 1886 Tempore
825 1843 967 1875 brumali
990 1843 1117 1885 pollent
1140 1843 1192 1875 hic
1215 1853 1317 1874 verna
1341 1852 1457 1874 serena

684 1896 802 1939 Fitque
827 1897 954 1939 hiemps
978 1899 1087 1928 aestas
1112 1899 1259 1939 tempore
1282 1895 1446 1927 nubifero.
1485 1934 1494 1938 ν

885 1951 1042 1983 VERBA
1066 1951 1314 1984 COMEDIAE.

637 1999 772 2031 Inclitus
795 1999 871 2032 hinc
893 1999 1030 2031 fratrum
1054 2002 1168 2031 coetus
1192 1999 1247 2041 pia
1269 1998 1390 2041 gaudia
1413 1997 1512 2037 ducit,

686 2051 751 2084 Hic
775 2051 833 2084 das
856 2052 1025 2091 laetitiam,
1050 2052 1137 2083 clare
1160 2050 1251 2091 Lice,
1274 2061 1402 2090 novam,

640 2104 763 2136 Oscula
786 2104 843 2136 das
866 2105 958 2148 pacis
981 2105 1091 2137 felicia
1113 2104 1234 2147 pocula
1256 2104 1393 2143 donans,

686 2156 876 2189 Permulces
901 2157 1066 2199 sophicos,
1090 2156 1212 2199 optime
1235 2155 1359 2194 Bache,
1384 2155 1478 2187 viros.

640 2208 704 2240 Hic
729 2211 780 2240 est
800 2208 947 2249 libertas,
970 2208 1073 2240 Liber
1093 2208 1147 2240 hic
1169 2208 1287 2239 liberat
1310 2217 1438 2239 omnes:

640 2304 642 2306 η
683 2260 783 2292 Liber
805 2263 842 2292 ut
865 2271 938 2293 esse
961 2271 1089 2303 queam,
1112 2259 1215 2292 Liber
1237 2259 1352 2292 adesto
1376 2262 1479 2302 pater.

640 2312 760 2344 Sancte
783 2312 943 2353 Vedaste,
966 2312 1052 2352 fave,
1075 2323 1117 2344 ne
1142 2314 1266 2344 sternat
1287 2311 1371 2343 forte
1393 2311 1581 2346 Falernum,

689 2364 756 2396 Sed
779 2375 837 2396 nos
859 2364 1014 2396 laetificet
1037 2364 1132 2396 dulce
1156 2363 1299 2396 madoris
1323 2373 1395 2406 ope.

639 2416 718 2456 Nos,
742 2416 871 2456 fratres,
895 2416 1060 2448 modicum
1075 2413 1151 2448 ‘vini
1171 2414 1356 2447 mediumve
1379 2413 1541 2453 bibamus,

688 2468 852 2500 Bachicus
876 2468 909 2500 in
933 2468 1059 2500 cunctis
1082 2468 1124 2499 sit
1146 2467 1261 2499 modus
1284 2469 1341 2499 aut
1363 2465 1506 2497 modius:

379 2581 411 2606 17
437 2582 605 2614 flagrantibus
629 2582 678 2614 cfr.
701 2590 783 2618 napy-a
799 2590 828 2614 p.
848 2580 898 2606 161
993 2580 1026 2609 21
1056 2580 1130 2606 doma
1152 2589 1219 2606 corr.
1234 2580 1256 2606 Ο
1344 2578 1378 2604 22
1401 2578 1513 2604 deliretis
1534 2587 1602 2605 corr.
1616 2579 1639 2604 0

605 2624 622 2649 2
640 2633 728 2650 aereos
746 2633 813 2650 corr.
828 2624 850 2649 0
935 2623 969 2649 15
987 2633 1112 2657 orsusque
1127 2624 1149 2649 0
1232 2622 1314 2649 *inter
1331 2622 1366 2648 23
1383 2627 1406 2648 et
1423 2621 1458 2647 24
1474 2623 1559 2647 Verba
1577 2621 1691 2657 comedia¹
1705 2621 1728 2646 0

278 2626 370 2650 Grosse
386 2634 413 2657 p.
432 2624 463 2649 11
483 2634 518 2656 sq.

1762 2576 1865 2611 [xxm]
1887 2578 1928 2604 ed.

379 2701 482 2735 [xxxin]
502 2702 515 2727 1
529 2709 580 2734 sqq.
597 2701 643 2733 esi:
661 2700 725 2727 Met.
739 2700 788 2734 VI,
801 2701 835 2728 63
846 2709 884 2735 sq.
919 2699 1015 2733 Qualis
1039 2700 1075 2727 ab
1093 2700 1182 2727 imbre
1204 2699 1275 2726 solet
1293 2698 1430 2733 percussit
1447 2697 1553 2725 solibus
1573 2706 1653 2724 arcus
1667 2699 1673 2731 1
1688 2697 1799 2724 inficere
1816 2697 1926 2732 ingenti

275 2753 390 2787 longum
410 2752 570 2779 curvamine
589 2752 697 2779 caelum
716 2754 739 2779 et
758 2753 824 2780 Aen.
844 2752 896 2786 IV,
915 2752 967 2779 ‘100
983 2760 1028 2786 sq..
