2060 3074
266 201 284 231 6
292 201 328 231 16
917 196 1069 224 MILONIS
1088 197 1266 224 CARMINA.

632 282 790 314 Exulibus
813 283 938 325 patriae
962 283 1086 314 miseris
1110 283 1258 315 absentia
1281 286 1412 315 sanctae

632 334 779 365 Venerat
800 334 833 365 in
855 337 999 366 mentem
1024 337 1057 366 et
1079 335 1217 377 speciosi
1241 335 1379 366 culmina
1402 334 1496 372 Sion;

632 386 671 417 In
695 396 758 428 quo
782 386 946 428 conspicui
970 389 1106 418 steterat
1127 387 1216 428 prius
1239 387 1314 418 aula
1336 387 1461 424 sacelli;

633 437 728 473 Quod
753 436 907 468 Salomon
931 436 1093 479 quondam
1117 440 1168 468 ter
1190 440 1283 469 cocto
1307 441 1479 470 ornaverat
1500 448 1595 476 auro;

560 501 584 520 25
630 489 702 524 Quo
725 488 840 520 Parius
862 489 944 531 lapis
969 491 1003 520 et
1025 488 1222 520 hiacinthina
1244 490 1319 521 vela
1340 490 1498 530 nitebant,

631 540 807 572 Beselehel
831 540 927 572 docta
951 548 1034 583 quae
1057 544 1193 573 neverat
1216 544 1285 573 arte
1307 542 1431 584 peritus

631 592 682 624 De
706 593 795 624 tenui
816 593 901 632 lana,
926 603 1022 635 quam
1045 595 1180 635 pectunt
1202 593 1318 625 arbore
1341 593 1449 634 Seres,

633 645 745 676 Serica
767 645 938 687 purpureis
960 645 1111 676 intexens
1133 646 1272 677 stamina
1294 646 1422 683 tramis;

632 696 705 732 Quo
729 699 841 728 sancta
862 707 882 728 a
905 697 1003 728 sacris
1026 697 1150 728 cortina
1172 700 1286 729 aurata
1308 700 1505 740 sequestrat3

560 761 585 779 ³0
628 748 714 780 Arca
738 749 793 780 ubi
817 749 858 780 de
881 749 977 791 lignis
1001 749 1110 781 obrizo
1133 752 1221 781 tecta
1243 750 1376 782 metallo

633 799 714 832 Cum
738 801 857 832 tabulis
880 811 997 832 manna
1020 811 1152 833 servans
1174 801 1364 844 virgamque
1388 801 1537 843 Aaronis‚

632 853 724 889 Quae
748 864 820 885 cum
842 853 921 885 flore
945 863 1060 884 nucem
1083 853 1221 895 peperit,
1245 854 1314 885 sine
1337 855 1460 886 semine
1484 854 1636 885 fructum:

630 905 773 937 Nucleus
798 915 839 937 ex
862 906 954 947 virga
976 906 1105 947 genitus
1129 905 1169 937 de
1193 906 1317 948 virgine
1341 905 1495 938 Christus.

631 957 685 988 Sic
707 956 891 999 patriarcha
914 957 1013 988 Iacob
1038 960 1104 988 tres
1126 957 1228 989 nudat
1251 957 1370 989 cortice
1394 958 1512 1000 virgas,

559 1021 583 1039 35
628 1008 673 1039 Ut
697 1009 803 1040 varios
827 1009 936 1040 ovium
959 1009 1066 1040 foetus
1090 1009 1298 1052 conceptibus
1322 1009 1410 1051 edat,

630 1060 717 1092 Dum
740 1063 855 1103 pastae
879 1060 921 1092 ad
943 1063 1056 1103 potum
1079 1062 1203 1093 monitu
1225 1062 1364 1104 pastoris
1387 1065 1540 1104 aguntur:

632 1111 695 1148 Qui
717 1113 783 1143 sitit
806 1112 868 1144 huc
891 1113 1010 1153 veniat,
1035 1123 1098 1155 quo
1121 1114 1208 1145 vitae
1231 1114 1349 1156 pocula
1371 1117 1486 1145 sumat.

631 1162 698 1194 Sed
721 1163 865 1194 breviter
887 1163 995 1205 virgas
1019 1173 1098 1205 quas
1123 1163 1262 1195 diximus
1285 1164 1401 1196 arbore
1424 1167 1569 1207 sumptas

629 1214 824 1257 Expediam,
848 1215 875 1245 si
897 1214 958 1246 rite
983 1218 1110 1257 patrum
1134 1215 1328 1247 documenta
1349 1215 1518 1248 recordor:

559 1279 585 1298 40
628 1266 679 1298 Ex
702 1266 825 1309 platani
849 1266 944 1308 foliis,
967 1267 1083 1298 umbra
1107 1268 1182 1310 quia
1205 1268 1334 1309 spiritus
1357 1268 1444 1299 alma

631 1318 767 1350 Sanctus
790 1318 822 1349 in
845 1318 996 1350 umbrata
1020 1318 1172 1350 formavit
1194 1319 1318 1361 virgine
1343 1319 1524 1357 Ohristum;

628 1371 714 1402 Hinc
737 1373 850 1402 cortex
873 1371 1017 1412 storacis,
1042 1382 1158 1403 suaves
1182 1371 1257 1413 quia
1280 1372 1404 1414 spargit
1427 1371 1544 1404 odores

628 1422 730 1464 Virgo
755 1422 851 1454 deum
875 1422 1023 1464 gignens,
1049 1434 1145 1465 quem
1169 1422 1263 1454 radix
1286 1423 1393 1465 signat
1414 1423 1522 1461 Iesse;

629 1474 731 1516 Virga
754 1474 854 1514 nucis,
879 1473 1026 1506 Christus
1050 1475 1203 1518 quoniam
1226 1475 1315 1506 nucis
1339 1478 1390 1507 est
1412 1475 1502 1507 cibus
1524 1476 1611 1508 intus

556 1540 581 1558 45
627 1525 749 1569 (Cerne
773 1525 870 1557 deum
893 1530 1003 1558 nostro
1027 1528 1170 1559 velatum
1194 1537 1330 1570 corpore
1354 1527 1543 1571 Christum).

365 1667 400 1693 40
418 1666 550 1693 *umbram
565 1666 619 1691 ΑΕ

365 1744 399 1770 22
427 1743 483 1776 Ofr.
501 1750 586 1776 supra
605 1750 668 1776 paq.
681 1741 732 1768 613
751 1741 789 1767 ad
807 1741 926 1774 praefat.
949 1749 971 1767 v.
987 1742 1026 1768 13.
1114 1741 1155 1768 23.
1165 1742 1199 1768 24
1223 1742 1240 1769 3
1256 1742 1325 1777 Req.
1343 1743 1413 1774 6,20
1435 1743 1547 1777 operuit
1571 1743 1643 1770 illud
1667 1744 1830 1778 (oramdum)
1851 1753 1920 1772 auro

263 1795 410 1830 purissimo
430 1816 452 1822 ..
473 1795 507 1822 22
524 1794 652 1827 nihilque
671 1794 732 1820 erat
750 1793 779 1819 in
798 1793 917 1827 templo,
941 1793 1015 1827 quod
1035 1801 1091 1819 non
1109 1801 1177 1820 auro
1199 1795 1342 1828 tegeretur
1361 1815 1384 1820 ..
1404 1786 1438 1820 36
1457 1795 1486 1821 et
1503 1794 1663 1822 aedificavit
1681 1795 1784 1822 atrium
1802 1795 1920 1822 interius

263 1848 352 1874 tribus
365 1847 510 1874 ordinibus
529 1845 655 1880 lapidum
675 1844 835 1879 politorum.
924 1845 959 1871 26
977 1844 1067 1871 Εωοᾱ.
1080 1845 1122 1878 36,
1137 1846 1150 1871 1
1170 1845 1237 1872 fecit
1251 1845 1374 1873 Beseleel
1394 1867 1418 1874 ..
1436 1847 1453 1872 8
1471 1846 1654 1882 feceruntque
1673 1867 1696 1875 ..
1715 1847 1836 1874 cortinas
1848 1847 1874 1874 X
1886 1847 1922 1874 de

262 1901 344 1934 bysso
363 1900 469 1926 retorta.
488 1899 516 1925 et
535 1897 688 1932 hyacintho
707 1898 736 1923 et
754 1905 878 1931 purpura
897 1905 1033 1931 coccoque
1051 1897 1094 1923 bis
1113 1897 1212 1924 tincto.
1282 1898 1316 1925 27
1335 1897 1376 1931 Of.
1398 1898 1444 1926 Ge.
1463 1898 1568 1926 11120.
1639 1899 1674 1926 28
1693 1899 1750 1932 Ost.
1771 1899 1921 1927 Fon-amat.

268 1951 297 1978 V.
312 1952 352 1978 M.
367 1951 455 1978 1188,
526 1950 560 1976 29
579 1948 672 1976 Exod.
691 1950 734 1981 26,
747 1949 781 1975 33
799 1949 937 1975 inseretur
954 1949 1048 1975 velum
1067 1957 1117 1983 per
1135 1948 1260 1980 circulos,
1279 1949 1355 1975 intra
1373 1950 1448 1983 qnod
1466 1958 1553 1984 pones
1570 1959 1664 1978 arcam
1681 1951 1846 1984 testimonii,
1864 1959 1921 1986 quo

263 2004 293 2029 et
311 2002 501 2029 sanctuarium
521 2002 550 2027 et
567 2000 719 2027 sanctuarii
739 1987 899 2027 sanctuaria
917 1999 1087 2027 dividentur.
1166 2001 1200 2027 30
1217 2000 1305 2028 Emi.
1318 2002 1359 2034 37,
1375 2002 1387 2027 1
1409 2001 1476 2029 fecit
1490 2002 1611 2029 Beseleel
1630 2004 1659 2030 et
1676 2011 1769 2030 arcam
1788 2002 1823 2029 de
1834 2002 1921 2037 lignis

263 2054 345 2081 setim
365 2075 386 2081 ..
406 2054 423 2080 2
441 2053 612 2087 vestivitque
631 2060 692 2079 eam
711 2060 778 2078 auro
797 2051 953 2086 purissimo.
1024 2053 1056 2078 31
1078 2052 1168 2078 Exod.
1185 2053 1223 2084 16,
1235 2052 1270 2079 34
1289 2053 1384 2087 posuit
1395 2053 1467 2080 illud
1479 2055 1568 2088 (man)
1586 2055 1679 2081 Aaron
1697 2054 1726 2080 in
1740 2054 1920 2081 tabernaculo

264 2105 471 2136 reservandum;
495 2104 609 2131 Numer.
630 2105 670 2136 17,
684 2104 718 2130 10
742 2104 815 2130 dixit
839 2104 969 2131 dominus
994 2104 1030 2130 ad
1048 2104 1176 2138 Moysen:
1201 2105 1281 2131 ‘refer
1306 2105 1413 2139 virgam
1434 2106 1527 2132 Aaron
1551 2105 1581 2132 in
1603 2106 1817 2133 tabernaculum
1839 2105 1920 2132 testi-

264 2156 359 2188 monii,
378 2158 410 2182 ut
428 2157 553 2182 servetur
570 2155 628 2182 ibi'.
711 2155 745 2182 32
763 2156 874 2183 Numer.
896 2157 935 2188 17,
949 2157 966 2182 8
985 2156 1115 2191 (Moyses)
1134 2157 1244 2184 invenit
1262 2157 1432 2192 germinasse
1451 2157 1559 2192 virgam
1578 2158 1672 2185 Aaron
1691 2159 1720 2185 et
1738 2158 1918 2193 turgentibus

263 2209 381 2243 gemmis
400 2210 551 2242 eruperant
569 2208 657 2240 flores,
676 2208 725 2242 qui
744 2208 818 2235 foliis
837 2208 966 2235 dilatatis
984 2209 1013 2235 in
1027 2209 1192 2244 amygdalas
1205 2210 1353 2236 deformati
1368 2211 1440 2236 sunt.
1511 2211 1545 2237 33
1564 2209 1773 2237 Psmdo-Mdito
1785 2209 1824 2237 od.
1839 2209 1921 2236 Nm

264 2260 381 2294 kay.
400 2259 506 2287 Solesm.
526 2260 565 2286 ΙΙ
574 2260 625 2286 378
643 2269 728 2287 nuces
754 2260 924 2288 incarnatio:
950 2262 988 2288 ‘et
1005 2261 1086 2296 virga
1103 2262 1274 2296 germinavit
1298 2263 1390 2289 nuces’
1412 2263 1460 2296 (cf.
1479 2262 1600 2290 Sabatier
1617 2262 1731 2290 Biblior.
1753 2270 1853 2290 amor.
1871 2262 1920 2290 zat.

264 2312 376 2339 mre-ion.
395 2311 477 2345 antiq
498 2312 596 2345 1297).
685 2313 720 2338 34
741 2312 809 2340 Gen.
828 2312 871 2343 30,
883 2312 917 2339 37
939 2313 1042 2339 tollens
1069 2312 1152 2340 Iacob
1170 2313 1265 2348 virgas
1287 2314 1422 2348 populeas
1444 2313 1547 2340 virides
1571 2313 1743 2348 (Hieronym.
1767 2316 1867 2348 quaest.
1889 2313 1922 2340 ι’.

262 2371 345 2397 yenes.
371 2363 422 2390 λε.
447 2363 486 2389 ed.
507 2363 601 2398 Miqrae
622 2364 664 2396 23,
681 2364 732 2390 984
757 2372 927 2398 quamquam
953 2364 1026 2391 Lxx
1050 2365 1122 2398 [mm
1140 2366 1282 2399 poptdeas,
1310 2365 1370 2400 scd]
1399 2365 1555 2400 styracinas
1578 2386 1602 2393 ..
1627 2366 1764 2398 habeam
1789 2365 1919 2401 Cyprian-

264 2416 303 2443 αἱ.
317 2416 416 2449 Peiper
432 2424 516 2450 qenes.
530 2416 581 2443 983
599 2417 700 2443 storaci
714 2425 777 2443 mox
791 2417 881 2444 altera
901 2417 1006 2452 [trima]
1025 2418 1141 2452 dempta
1154 2419 1210 2451 est)
1228 2419 1257 2444 et
1275 2418 1470 2452 amygdalinas
1489 2419 1518 2444 et
1536 2426 1569 2444 ex
1587 2418 1720 2452 platanis,
1738 2417 1922 2445 decorticavit

266 2476 311 2493 eas
331 2488 354 2494 ..
373 2468 407 2494 38
426 2467 576 2502 posuitque
596 2476 643 2494 eas
661 2468 690 2494 in
709 2468 867 2500 canalibus,
891 2467 939 2494 ubi
963 2468 1159 2495 effundebatur
1182 2478 1269 2503 aqua,
1292 2471 1325 2495 ut
1347 2478 1407 2496 cum
1427 2469 1569 2496 venissent
1587 2477 1686 2503 greges
1704 2469 1740 2495 ad
1759 2468 1920 2502 bibendum,

265 2522 331 2545 ante
350 2520 444 2546 oculos
461 2520 598 2547 haberent
611 2520 704 2554 virgas
720 2521 748 2547 et
760 2520 790 2546 in
803 2522 917 2554 aspectu
931 2528 1024 2546 earum
1039 2520 1226 2554 conciperent,
1256 2521 1290 2548 39
1310 2521 1470 2555 factumque
1483 2522 1532 2552 est,
1551 2522 1584 2547 ut
1595 2529 1660 2548 oves
1679 2521 1810 2555 parerent
1826 2529 1921 2548 macu-

266 2571 325 2596 losa
344 2572 373 2597 et
397 2571 481 2598 varia.
571 2572 603 2598 37
623 2572 678 2598 Ioh.
698 2572 721 2604 7,
734 2572 775 2598 37.
863 2572 898 2599 40
916 2571 1141 2599 Pseudo-Melezo
1160 2573 1176 2599 I.
1189 2581 1211 2599 c.
1227 2581 1290 2606 paq.
1308 2574 1358 2600 109
1377 2573 1475 2600 umbra
1494 2593 1500 2599 .
1519 2573 1677 2600 incarnatio
1695 2572 1751 2600 dei:
1776 2573 1814 2599 ‘et
1831 2571 1920 2600 virtu-
1982 2587 1983 2590 =

266 2621 395 2648 altissimi
415 2623 595 2650 obumbrabit
614 2623 675 2649 tibi'
695 2623 776 2656 (Luc.
797 2624 820 2655 l,
832 2623 887 2657 35).
966 2623 1002 2650 43
1015 2623 1073 2650 vles.
1095 2625 1134 2655 11,
1148 2625 1170 2651 1.
1251 2625 1285 2651 44
1303 2625 1451 2658 Angustia.
1469 2632 1544 2652 serm.
1556 2625 1608 2652 245
1625 2624 1678 2659 (ed.
1697 2625 1790 2659 Μᾶρκε
1808 2624 1921 2658 172196)
1979 2621 1992 2654 ζ’

267 2673 341 2707 quod
361 2674 429 2700 haec
448 2674 528 2709 virga.
545 2675 666 2708 (Aaron)
687 2684 772 2702 nuces
798 2675 944 2710 produxit,
968 2675 1062 2710 imago
1088 2675 1222 2702 dominici
1247 2676 1370 2710 corporis
1394 2676 1456 2703 fuit.
1494 2685 1550 2703 nux
1570 2676 1643 2703 enim
1663 2676 1766 2703 trinam
1785 2676 1873 2703 habet
1889 2676 1920 2703 in

267 2733 315 2751 suo
341 2733 454 2759 corpore
479 2726 654 2753 substantiae
678 2727 824 2754 unionem:
848 2727 967 2759 corium,
990 2729 1092 2754 testam
1116 2729 1145 2754 et
1168 2728 1299 2754 nucleum
1391 2729 1421 2755 in
1445 2729 1520 2756 corio
1543 2729 1622 2756 nucis
1646 2737 1757 2756 carnem
1780 2727 1922 2763 signifieat
1978 2751 1979 2754 ,

266 2777 421 2809 salvatoris,
439 2786 511 2811 quae
529 2779 630 2806 habuit
648 2780 678 2805 in
697 2788 725 2806 se
744 2780 923 2814 asperitatem
943 2781 1090 2814 passionis.
1114 2781 1143 2807 in
1163 2781 1262 2807 nucleo
1274 2781 1436 2807 interiorem
1456 2781 1582 2808 declarat
1599 2780 1777 2807 dulcedinem
1796 2779 1920 2807 deitatis.

266 2829 300 2854 45
321 2828 376 2861 (ΤΥ.
395 2828 470 2862 infra
489 2830 525 2855 ΙΙ
536 2831 576 2856 67.
1871 2853 1899 2878 5
