2060 3074
745 152 831 179 VITA
850 152 877 179 S.
891 153 1044 180 AMANDI.
1074 152 1182 180 LIBER
1199 153 1233 180 II.
1758 155 1819 185 583

452 250 488 269 1'15
533 237 605 274 Quo
629 242 663 270 tu
685 239 892 271 flammivomi
915 239 983 270 sine
1007 239 1070 270 fine
1094 239 1209 271 ardore
1235 240 1348 271 camini

532 289 677 322 Horrore
700 291 733 322 in
755 291 848 333 piceo
871 291 983 323 vinclis
1006 291 1162 333 religatus
1185 291 1311 323 acerbis

533 341 644 373 Ureris
667 343 738 374 ‘vae
761 341 898 384 vae'que
921 353 1055 384 gemens
1078 342 1234 385 plorando
1259 343 1398 374 sonabis.

533 391 576 424 Et
598 393 625 424 si
647 403 731 424 nunc
753 393 878 435 aliquos
901 393 1058 436 deceptor
1080 393 1214 426 callidus
1238 404 1338 436 auges

535 442 774 486 Consociasque
797 444 886 476 ferae
910 444 1078 476 torrendos
1101 445 1230 487 ignibus
1253 445 1355 477 ollae:

452 507 490 526 ιεο
533 495 621 531 Quot
643 496 762 527 crescis
784 496 890 536 lucris,
913 499 1019 527 tantas
1042 496 1101 528 tibi
1123 507 1269 529 crescere
1292 507 1415 539 poenas

534 546 632 587 Scito,
656 547 715 578 tibi
736 547 809 589 plus
831 547 940 588 noxie,
963 550 1014 579 ter
1036 548 1208 580 maledicte
1232 552 1372 581 vorator.

532 598 592 630 Ille
614 599 705 631 locus
728 599 787 630 tibi
809 599 997 641 condignus,
1021 603 1094 632 sunt
1116 602 1263 642 praemia
1286 601 1385 643 digna
1406 601 1506 634 haee:

533 649 627 681 Haec
650 650 710 682 sibi
733 660 836 692 regna
858 653 984 692 parant,
1008 651 1062 692 qui
1083 661 1148 683 non
1170 651 1230 683 tibi
1253 651 1379 684 fortiter
1401 652 1540 684 obstant.

534 701 577 732 Et
599 712 783 744 quanquam
806 702 935 744 iugibus
959 705 1066 734 tecum
1089 703 1284 735 contendere
1307 703 1402 736 bellis

452 765 489 784 1⁸⁵
531 752 671 785 Debitor
693 754 822 794 existat,
846 754 900 796 qui
923 754 1048 786 caelum
1072 754 1228 787 scandere
1252 758 1350 796 curat,

533 803 584 836 Ne
608 808 718 836 tamen
739 805 803 837 hoc
825 807 935 837 nostro
958 805 1142 838 inlaudatus
1166 807 1306 838 carmine
1330 807 1447 847 abires,

535 855 720 898 Condignas
742 856 870 888 tibimet
891 857 1035 899 prompsi
1058 857 1198 889 carbone
1221 857 1395 890 Camenas:

534 907 578 939 Et
599 908 726 953 merito,
750 908 825 950 quia
847 907 946 940 carbo
968 919 1081 940 manes
1102 919 1163 951 per
1185 909 1295 941 saecla
1316 912 1476 952 perustus.

534 959 653 1002 Effuge
677 969 779 1002 regna
802 962 916 1001 parata
938 963 1054 1002 petens
1077 960 1118 992 ab
1143 961 1266 1003 origine
1289 961 1409 993 mundi.

454 1023 491 1044 1⁹0
536 1010 704 1043 Hactenus
728 1021 818 1053 ergo,
841 1014 944 1053 pater,
968 1012 1130 1043 communi
1152 1012 1344 1054 ingessimus
1366 1012 1453 1044 hosti

534 1062 659 1095 Probra
680 1063 792 1105 alapas
814 1063 896 1094 risus
918 1063 982 1094 iras
1005 1063 1180 1096 maledicta
1203 1064 1387 1105 cachinnos,

534 1114 583 1146 Ac
605 1117 710 1157 sputa,
732 1124 798 1146 non
819 1124 930 1146 versus
954 1114 1118 1152 dedimus;
1142 1126 1226 1148 nunc
1249 1126 1444 1158 quaesumus
1467 1126 1597 1148 omnes:

534 1165 579 1197 Ut
602 1165 765 1208 quondam
787 1166 881 1208 pueri
902 1169 1076 1208 protector,
1100 1166 1220 1209 ubique
1244 1169 1372 1199 tuorum

535 1216 710 1250 Servorum
732 1217 778 1250 sic
801 1217 844 1249 sis
867 1227 998 1260 semper
1019 1218 1155 1250 salvatio
1178 1219 1315 1251 salvans.

454 1281 490 1301 ios
533 1269 649 1301 Pastor
670 1272 780 1302 noster
802 1268 895 1302 ades:
919 1279 1002 1312 grex
1025 1269 1250 1302 devotissimus
1272 1271 1334 1302 iste
1358 1273 1426 1306 est;

534 1320 690 1363 Protege,
713 1321 763 1353 fer
785 1331 905 1362 curam,
929 1321 1064 1362 custodi,
1089 1321 1199 1364 dilige,
1222 1332 1317 1355 serva

534 1373 602 1405 Nos
625 1373 666 1406 de
691 1373 788 1406 dente
811 1374 889 1416 lupi,
912 1374 1008 1416 prisci
1031 1373 1072 1406 de
1096 1374 1189 1406 fauce
1213 1374 1359 1407 chelidri.

534 1425 578 1457 Et
601 1426 676 1468 quia
698 1429 731 1458 te
755 1426 874 1457 fretum
897 1425 1018 1457 domini
1040 1426 1158 1458 virtute
1181 1426 1326 1469 nequivit

534 1476 674 1510 Vincere
696 1480 819 1510 terrere
842 1480 1048 1520 prosternere
1071 1477 1193 1510 habere
1216 1488 1340 1516 vorare,

453 1540 492 1561 ²00
535 1529 645 1572 Eripe,
667 1532 788 1572 pastor,
812 1539 901 1569 oves,
925 1539 1005 1571 quas
1027 1529 1060 1560 in
1083 1539 1242 1572 praesepe
1266 1529 1409 1561 verendo

535 1580 657 1622 Pascis,
680 1581 722 1613 ab
745 1580 878 1622 insidiis,
902 1581 956 1623 qui
979 1581 1088 1613 caulas
1112 1581 1224 1613 circuit
1246 1581 1335 1622 istas,

536 1631 588 1664 Ne
611 1631 775 1675 quondam
797 1642 858 1675 per
881 1635 914 1663 te
937 1632 1040 1664 victor
1062 1625 1199 1664 vincaris
1222 1632 1264 1664 ab
1287 1632 1343 1664 illo

536 1683 575 1716 In
596 1684 699 1724 nobis,
723 1684 750 1716 si
773 1693 832 1716 nos
854 1683 992 1716 inbelles
1015 1683 1151 1716 devoret
1172 1683 1284 1716 hostis.

579 1743 671 1776 Vm.
694 1743 832 1787 Navigio
856 1743 1019 1787 quondam
1041 1744 1183 1776 medium
1206 1743 1359 1776 sulcando
1383 1753 1443 1786 per
1466 1753 1588 1785 aequor

453 1806 492 1827 ποι
535 1794 622 1836 Ibas,
646 1805 665 1827 o
689 1794 862 1827 benedicte
886 1798 990 1837 pater,
1014 1794 1123 1827 divina
1145 1794 1306 1827 monendo

536 1846 649 1879 Verba
671 1847 773 1879 dabas
795 1846 902 1878 nautis
925 1849 959 1878 et
981 1846 1104 1878 semina
1127 1849 1240 1878 sancta
1262 1846 1396 1878 serebas

535 1899 602 1931 Per
623 1909 713 1931 mare
736 1898 944 1940 fluctivagum
966 1908 1072 1940 neque
1096 1901 1171 1930 tunc
1195 1897 1361 1940 operando
1385 1898 1526 1930 vacabas

536 1949 620 1983 Esse
641 1949 798 1983 imitanda
821 1950 867 1981 tui
890 1949 1027 1982 credens
1051 1949 1205 1992 exempla
1226 1950 1384 1992 magistri,

538 2001 602 2039 Qui
625 2001 787 2046 quondam
810 2001 956 2033 residens
979 2001 1090 2033 turbas
1114 2001 1154 2033 de
1179 2011 1288 2044 puppe
1312 2000 1462 2033 docebat.

457 2065 496 2086 210
538 2053 672 2086 Talibus
693 2054 817 2086 intento
840 2053 951 2095 gestis,
974 2053 1064 2084 velut
1086 2055 1160 2084 acta
1181 2052 1364 2095 loquuntur,

537 2104 710 2148 Apparens
733 2104 830 2147 piscis
853 2107 1024 2136 nautarum
1046 2103 1168 2135 visibus
1190 2103 1305 2146 ingens

536 2156 712 2189 Laetitiam
735 2155 871 2198 stupidis
893 2154 1010 2187 infudit
1031 2155 1193 2187 mentibus
1215 2155 1368 2198 amplam,

536 2207 674 2240 Retibus
697 2211 731 2239 et
752 2207 844 2239 iactis
866 2206 997 2239 fluidam
1021 2216 1138 2249 cepere
1161 2207 1315 2249 rapinam.

538 2259 618 2297 Quis
640 2259 747 2302 piscis,
770 2262 864 2302 pater
886 2258 981 2299 alme,
1005 2261 1077 2290 tuos
1099 2268 1164 2290 non
1186 2258 1248 2290 iret
1269 2258 1312 2290 ad
1333 2260 1447 2289 nsus'I:

455 2324 495 2344 ω
539 2311 638 2344 Cetus
661 2311 745 2343 forte
767 2311 856 2353 prior
877 2309 1024 2353 gaudens
1045 2312 1270 2352 praecurreret
1292 2309 1404 2350 omnis,

537 2362 739 2406 Obsequium
760 2362 921 2404 praebere
945 2371 1037 2394 suum
1060 2362 1087 2393 si
1110 2361 1260 2393 crederet
1281 2363 1410 2403 aptum;

539 2413 635 2447 Felix
656 2414 711 2446 ille
735 2413 820 2446 foret
842 2413 976 2445 maculis
999 2413 1167 2445 conclusus
1188 2413 1222 2444 in
1245 2412 1370 2455 amplis.

541 2466 671 2499 Gaudet
692 2469 792 2498 nauta
814 2475 926 2505 vorax,
950 2464 1012 2496 sibi
1035 2465 1076 2496 sit
1098 2463 1185 2507 quod
1207 2463 1331 2506 praeda
1352 2465 1492 2506 reperta,

539 2517 750 2560 Exultatque,
774 2520 862 2549 tuam
885 2517 982 2559 piscis
1005 2516 1080 2559 quia
1101 2515 1190 2547 venit
1211 2515 1244 2546 in
1267 2525 1388 2551 escam;

457 2581 496 2602 m
539 2569 718 2602 Laetantur
741 2569 830 2608 remi,
855 2568 1016 2610 depromit
1039 2566 1159 2609 gaudia
1181 2569 1264 2598 rete:

539 2620 654 2653 Nullus
675 2630 739 2652 11011
763 2620 880 2659 alacer,
904 2619 979 2661 quia
1001 2618 1106 2650 nullus
1128 2620 1220 2660 parte
1245 2617 1386 2649 carebat.

278 2733 329 2760 192
345 2734 478 2767 qne-imus
495 2733 521 2759 V
602 2732 655 2759 215
672 2731 783 2758 *Coetus
796 2731 876 2756 AVB
927 2733 1088 2764 procurreret
1101 2729 1126 2754 B

278 2793 328 2820 207
348 2793 415 2821 Post
432 2800 508 2819 mare
526 2791 708 2826 fluctivagum
730 2790 847 2818 Fortun.
865 2790 910 2816 vit.
931 2789 1014 2816 Mart.
1035 2788 1082 2815 IV
1093 2789 1115 2815 1.

538 2853 542 2858 ,
1563 2837 1616 2862 74*
