<?xml version="1.0" encoding="UTF-8"?>
<!DOCTYPE html PUBLIC "-//W3C//DTD XHTML 1.0 Transitional//EN"
    "http://www.w3.org/TR/xhtml1/DTD/xhtml1-transitional.dtd">
<html xmlns="http://www.w3.org/1999/xhtml" xml:lang="en" lang="en">
 <head>
  <title>
</title>
<meta http-equiv="Content-Type" content="text/html;charset=utf-8" />
  <meta name='ocr-system' content='tesseract 3.04.00' />
  <meta name='ocr-capabilities' content='ocr_page ocr_carea ocr_par ocr_line ocrx_word'/>
</head>
<body>
  <div class='ocr_page' id='page_1' title='image "./monumentagerma03geseuoft/monumentagerma03geseuoft_0352.png"; bbox 0 0 2138 3106; ppageno 0'>
   <div class='ocr_carea' id='block_1_1' title="bbox 287 161 1343 195">
    <p class='ocr_par' dir='ltr' id='par_1_1' title="bbox 287 161 1343 195">
     <span class='ocr_line' id='line_1_1' title="bbox 287 161 1343 195; baseline -0.009 0"><span class='ocrx_word' id='word_1_1' title='bbox 287 166 348 195; x_wconf 81' lang='lat'>336</span> <span class='ocrx_word' id='word_1_2' title='bbox 893 161 1061 188; x_wconf 80' lang='lat' dir='ltr'>CARMINA</span> <span class='ocrx_word' id='word_1_3' title='bbox 1080 161 1343 188; x_wconf 82' lang='lat' dir='ltr'>CENTULENSIA.</span> 
     </span>
    </p>
   </div>
   <div class='ocr_carea' id='block_1_2' title="bbox 823 290 1406 390">
    <p class='ocr_par' dir='ltr' id='par_1_2' title="bbox 823 290 1406 390">
     <span class='ocr_line' id='line_1_2' title="bbox 1072 290 1161 322; baseline -0.011 0"><span class='ocrx_word' id='word_1_4' title='bbox 1072 290 1161 322; x_wconf 79' lang='lat'>0111.</span> 
     </span>
     <span class='ocr_line' id='line_1_3' title="bbox 823 353 1406 390; baseline 0 0"><span class='ocrx_word' id='word_1_5' title='bbox 823 354 871 390; x_wconf 94' lang='lat' dir='ltr'>IN</span> <span class='ocrx_word' id='word_1_6' title='bbox 897 353 1126 390; x_wconf 86' lang='lat' dir='ltr'>ECCLESIA</span> <span class='ocrx_word' id='word_1_7' title='bbox 1153 353 1406 390; x_wconf 88' lang='lat' dir='ltr'>CVIVSDAM.</span> 
     </span>
    </p>
   </div>
   <div class='ocr_carea' id='block_1_3' title="bbox 605 426 1651 730">
    <p class='ocr_par' dir='ltr' id='par_1_3' title="bbox 605 426 1651 730">
     <span class='ocr_line' id='line_1_4' title="bbox 659 426 1508 470; baseline -0.001 -10"><span class='ocrx_word' id='word_1_8' title='bbox 659 428 821 460; x_wconf 80' lang='lat' dir='ltr'><strong>Funditus</strong></span> <span class='ocrx_word' id='word_1_9' title='bbox 845 427 1028 459; x_wconf 83' lang='lat' dir='ltr'>aediculam</span> <span class='ocrx_word' id='word_1_10' title='bbox 1052 426 1207 459; x_wconf 84' lang='lat' dir='ltr'>Tetsinus</span> <span class='ocrx_word' id='word_1_11' title='bbox 1231 427 1314 459; x_wconf 83' lang='lat' dir='ltr'>hanc</span> <span class='ocrx_word' id='word_1_12' title='bbox 1339 428 1508 470; x_wconf 83' lang='lat' dir='ltr'>spaciavit,</span> 
     </span>
     <span class='ocr_line' id='line_1_5' title="bbox 698 478 1416 522; baseline 0.001 -11"><span class='ocrx_word' id='word_1_13' title='bbox 698 480 839 522; x_wconf 84' lang='lat' dir='ltr'>Dignius</span> <span class='ocrx_word' id='word_1_14' title='bbox 862 482 898 511; x_wconf 89' lang='lat' dir='ltr'>ut</span> <span class='ocrx_word' id='word_1_15' title='bbox 922 490 1038 511; x_wconf 79' lang='lat' dir='ltr'>sexum</span> <span class='ocrx_word' id='word_1_16' title='bbox 1063 478 1250 521; x_wconf 83' lang='lat' dir='ltr'><strong>disparilem</strong></span> <span class='ocrx_word' id='word_1_17' title='bbox 1274 483 1416 522; x_wconf 84' lang='lat' dir='ltr'>caperet.</span> 
     </span>
     <span class='ocr_line' id='line_1_6' title="bbox 656 530 1554 574; baseline 0 -11"><span class='ocrx_word' id='word_1_18' title='bbox 656 532 750 564; x_wconf 86' lang='lat' dir='ltr'>Haec</span> <span class='ocrx_word' id='word_1_19' title='bbox 774 532 807 563; x_wconf 92' lang='lat' dir='ltr'>in</span> <span class='ocrx_word' id='word_1_20' title='bbox 831 531 954 563; x_wconf 82' lang='lat' dir='ltr'>honore</span> <span class='ocrx_word' id='word_1_21' title='bbox 979 531 1045 563; x_wconf 88' lang='lat' dir='ltr'>sita</span> <span class='ocrx_word' id='word_1_22' title='bbox 1069 534 1120 563; x_wconf 88' lang='lat' dir='ltr'>est</span> <span class='ocrx_word' id='word_1_23' title='bbox 1143 530 1258 562; x_wconf 89' lang='lat' dir='ltr'>Albini</span> <span class='ocrx_word' id='word_1_24' title='bbox 1281 532 1443 574; x_wconf 85' lang='lat' dir='ltr'>praesulis</span> <span class='ocrx_word' id='word_1_25' title='bbox 1467 532 1554 571; x_wconf 91' lang='lat' dir='ltr'>almi,</span> 
     </span>
     <span class='ocr_line' id='line_1_7' title="bbox 701 582 1398 625; baseline 0 -11"><span class='ocrx_word' id='word_1_26' title='bbox 701 583 808 615; x_wconf 78' lang='lat' dir='ltr'>Gazae</span> <span class='ocrx_word' id='word_1_27' title='bbox 832 583 887 625; x_wconf 92' lang='lat' dir='ltr'>qui</span> <span class='ocrx_word' id='word_1_28' title='bbox 909 582 1021 614; x_wconf 91' lang='lat' dir='ltr'>mundi</span> <span class='ocrx_word' id='word_1_29' title='bbox 1044 583 1177 625; x_wconf 80' lang='lat' dir='ltr'><strong>tempsit</strong></span> <span class='ocrx_word' id='word_1_30' title='bbox 1200 593 1312 615; x_wconf 87' lang='lat' dir='ltr'>amore</span> <span class='ocrx_word' id='word_1_31' title='bbox 1336 583 1398 615; x_wconf 88' lang='lat' dir='ltr'>dei.</span> 
     </span>
     <span class='ocr_line' id='line_1_8' title="bbox 605 635 1651 678; baseline 0 -11"><span class='ocrx_word' id='word_1_32' title='bbox 605 644 616 662; x_wconf 79' lang='lat'><strong>5</strong></span> <span class='ocrx_word' id='word_1_33' title='bbox 653 635 808 678; x_wconf 81' lang='lat' dir='ltr'>Quisquis</span> <span class='ocrx_word' id='word_1_34' title='bbox 833 635 874 667; x_wconf 87' lang='lat' dir='ltr'>ad</span> <span class='ocrx_word' id='word_1_35' title='bbox 897 635 981 667; x_wconf 88' lang='lat' dir='ltr'>hanc</span> <span class='ocrx_word' id='word_1_36' title='bbox 1005 635 1142 675; x_wconf 87' lang='lat' dir='ltr'>venerit,</span> <span class='ocrx_word' id='word_1_37' title='bbox 1165 635 1282 667; x_wconf 85' lang='lat' dir='ltr'>tundat</span> <span class='ocrx_word' id='word_1_38' title='bbox 1305 646 1362 667; x_wconf 87' lang='lat' dir='ltr'>rea</span> <span class='ocrx_word' id='word_1_39' title='bbox 1385 638 1529 678; x_wconf 83' lang='lat' dir='ltr'>pectora,</span> <span class='ocrx_word' id='word_1_40' title='bbox 1554 635 1651 674; x_wconf 85' lang='lat' dir='ltr'>dicat,</span> 
     </span>
     <span class='ocr_line' id='line_1_9' title="bbox 700 686 1504 730; baseline -0.001 -11"><span class='ocrx_word' id='word_1_41' title='bbox 700 687 817 719; x_wconf 83' lang='lat' dir='ltr'>Sidera</span> <span class='ocrx_word' id='word_1_42' title='bbox 841 698 915 730; x_wconf 95' lang='lat' dir='ltr'>quo,</span> <span class='ocrx_word' id='word_1_43' title='bbox 941 687 1092 719; x_wconf 89' lang='lat' dir='ltr'>dominus</span> <span class='ocrx_word' id='word_1_44' title='bbox 1115 686 1171 718; x_wconf 87' lang='lat' dir='ltr'>det</span> <span class='ocrx_word' id='word_1_45' title='bbox 1195 687 1266 726; x_wconf 84' lang='lat' dir='ltr'>sibi,</span> <span class='ocrx_word' id='word_1_46' title='bbox 1292 687 1381 719; x_wconf 83' lang='lat' dir='ltr'>celsa</span> <span class='ocrx_word' id='word_1_47' title='bbox 1403 689 1504 729; x_wconf 84' lang='lat' dir='ltr'>petat.</span> 
     </span>
    </p>
   </div>
   <div class='ocr_carea' id='block_1_4' title="bbox 784 876 1449 984">
    <p class='ocr_par' dir='ltr' id='par_1_4' title="bbox 784 876 1449 984">
     <span class='ocr_line' id='line_1_10' title="bbox 1073 876 1160 909; baseline -0.011 0"><span class='ocrx_word' id='word_1_48' title='bbox 1073 876 1160 909; x_wconf 84' lang='lat' dir='ltr'>CIV.</span> 
     </span>
     <span class='ocr_line' id='line_1_11' title="bbox 784 939 1449 984; baseline 0.002 -8"><span class='ocrx_word' id='word_1_49' title='bbox 784 940 849 976; x_wconf 90' lang='lat' dir='ltr'>AD</span> <span class='ocrx_word' id='word_1_50' title='bbox 878 939 1110 984; x_wconf 85' lang='lat' dir='ltr'><strong>QVENDAM</strong></span> <span class='ocrx_word' id='word_1_51' title='bbox 1137 940 1449 977; x_wconf 87' lang='lat' dir='ltr'>THEOLOGVM.</span> 
     </span>
    </p>
   </div>
   <div class='ocr_carea' id='block_1_5' title="bbox 659 1014 1604 1213">
    <p class='ocr_par' dir='ltr' id='par_1_5' title="bbox 659 1014 1564 1108">
     <span class='ocr_line' id='line_1_12' title="bbox 659 1014 1564 1057; baseline 0.001 -11"><span class='ocrx_word' id='word_1_52' title='bbox 659 1014 765 1057; x_wconf 86' lang='lat' dir='ltr'>Carpe</span> <span class='ocrx_word' id='word_1_53' title='bbox 790 1014 850 1046; x_wconf 87' lang='lat' dir='ltr'>tibi</span> <span class='ocrx_word' id='word_1_54' title='bbox 873 1025 1000 1053; x_wconf 84' lang='lat' dir='ltr'>munus,</span> <span class='ocrx_word' id='word_1_55' title='bbox 1023 1025 1144 1056; x_wconf 85' lang='lat' dir='ltr'>parvus</span> <span class='ocrx_word' id='word_1_56' title='bbox 1171 1014 1256 1056; x_wconf 90' lang='lat' dir='ltr'>quod</span> <span class='ocrx_word' id='word_1_57' title='bbox 1279 1014 1392 1056; x_wconf 89' lang='lat' dir='ltr'>dirigo,</span> <span class='ocrx_word' id='word_1_58' title='bbox 1418 1026 1564 1057; x_wconf 88' lang='lat' dir='ltr'>parvum,</span> 
     </span>
     <span class='ocr_line' id='line_1_13' title="bbox 700 1066 1399 1108; baseline 0 -10"><span class='ocrx_word' id='word_1_59' title='bbox 700 1066 796 1098; x_wconf 88' lang='lat' dir='ltr'>Unde</span> <span class='ocrx_word' id='word_1_60' title='bbox 821 1077 923 1108; x_wconf 81' lang='lat' dir='ltr'>queas</span> <span class='ocrx_word' id='word_1_61' title='bbox 946 1066 1050 1098; x_wconf 86' lang='lat' dir='ltr'>vitrea</span> <span class='ocrx_word' id='word_1_62' title='bbox 1074 1077 1205 1098; x_wconf 87' lang='lat' dir='ltr'>verrere</span> <span class='ocrx_word' id='word_1_63' title='bbox 1229 1077 1310 1099; x_wconf 84' lang='lat' dir='ltr'>vasa</span> <span class='ocrx_word' id='word_1_64' title='bbox 1333 1070 1399 1105; x_wconf 87' lang='lat' dir='ltr'>tua,</span> 
     </span>
    </p>

    <p class='ocr_par' dir='ltr' id='par_1_6' title="bbox 659 1118 1604 1213">
     <span class='ocr_line' id='line_1_14' title="bbox 659 1118 1604 1161; baseline 0.001 -12"><span class='ocrx_word' id='word_1_65' title='bbox 659 1118 878 1150; x_wconf 81' lang='lat' dir='ltr'>Gentaculum</span> <span class='ocrx_word' id='word_1_66' title='bbox 902 1128 961 1149; x_wconf 84' lang='lat' dir='ltr'>noc</span> <span class='ocrx_word' id='word_1_67' title='bbox 984 1128 1049 1150; x_wconf 90' lang='lat' dir='ltr'>non</span> <span class='ocrx_word' id='word_1_68' title='bbox 1074 1121 1149 1160; x_wconf 88' lang='lat' dir='ltr'>post</span> <span class='ocrx_word' id='word_1_69' title='bbox 1171 1118 1311 1150; x_wconf 85' lang='lat' dir='ltr'>fractum</span> <span class='ocrx_word' id='word_1_70' title='bbox 1334 1118 1428 1150; x_wconf 91' lang='lat' dir='ltr'>labra</span> <span class='ocrx_word' id='word_1_71' title='bbox 1451 1119 1604 1161; x_wconf 83' lang='lat' dir='ltr'>gemella,</span> 
     </span>
     <span class='ocr_line' id='line_1_15' title="bbox 702 1170 1417 1213; baseline 0 -11"><span class='ocrx_word' id='word_1_72' title='bbox 702 1170 730 1202; x_wconf 88' lang='lat' dir='ltr'>O</span> <span class='ocrx_word' id='word_1_73' title='bbox 755 1170 884 1209; x_wconf 90' lang='lat' dir='ltr'>dilecte,</span> <span class='ocrx_word' id='word_1_74' title='bbox 908 1181 1024 1202; x_wconf 90' lang='lat' dir='ltr'>manus</span> <span class='ocrx_word' id='word_1_75' title='bbox 1048 1180 1086 1202; x_wconf 84' lang='lat' dir='ltr'>ac</span> <span class='ocrx_word' id='word_1_76' title='bbox 1110 1170 1234 1213; x_wconf 88' lang='lat' dir='ltr'>pariter</span> <span class='ocrx_word' id='word_1_77' title='bbox 1257 1170 1417 1212; x_wconf 86' lang='lat' dir='ltr'>geminas.</span> 
     </span>
    </p>
   </div>
   <div class='ocr_carea' id='block_1_6' title="bbox 825 1377 1422 1479">
    <p class='ocr_par' dir='ltr' id='par_1_7' title="bbox 825 1377 1422 1479">
     <span class='ocr_line' id='line_1_16' title="bbox 1090 1377 1160 1409; baseline -0.014 0"><span class='ocrx_word' id='word_1_78' title='bbox 1090 1377 1160 1409; x_wconf 82' lang='lat' dir='ltr'>CV.</span> 
     </span>
     <span class='ocr_line' id='line_1_17' title="bbox 825 1439 1422 1479; baseline 0.005 -3"><span class='ocrx_word' id='word_1_79' title='bbox 825 1440 891 1476; x_wconf 91' lang='lat' dir='ltr'>AD</span> <span class='ocrx_word' id='word_1_80' title='bbox 920 1439 1032 1477; x_wconf 90' lang='lat' dir='ltr'>YION</span> <span class='ocrx_word' id='word_1_81' title='bbox 1058 1440 1240 1477; x_wconf 91' lang='lat' dir='ltr'>KAROLI</span> <span class='ocrx_word' id='word_1_82' title='bbox 1267 1442 1422 1479; x_wconf 87' lang='lat' dir='ltr'>REGIS.</span> 
     </span>
    </p>
   </div>
   <div class='ocr_carea' id='block_1_7' title="bbox 291 1515 1661 2340">
    <p class='ocr_par' dir='ltr' id='par_1_8' title="bbox 291 1515 1661 2340">
     <span class='ocr_line' id='line_1_18' title="bbox 291 1515 1432 1558; baseline 0.005 -15"><span class='ocrx_word' id='word_1_83' title='bbox 291 1527 315 1543; x_wconf 81' lang='lat' dir='ltr'>a.</span> <span class='ocrx_word' id='word_1_84' title='bbox 335 1521 393 1544; x_wconf 79' lang='lat'><strong><em>870.</em></strong></span> <span class='ocrx_word' id='word_1_85' title='bbox 663 1517 690 1548; x_wconf 89' lang='lat' dir='ltr'>O</span> <span class='ocrx_word' id='word_1_86' title='bbox 716 1515 804 1558; x_wconf 85' lang='lat' dir='ltr'>regis</span> <span class='ocrx_word' id='word_1_87' title='bbox 827 1515 961 1548; x_wconf 80' lang='lat' dir='ltr'>suboles</span> <span class='ocrx_word' id='word_1_88' title='bbox 985 1515 1109 1555; x_wconf 85' lang='lat' dir='ltr'>Karoli,</span> <span class='ocrx_word' id='word_1_89' title='bbox 1134 1516 1270 1548; x_wconf 84' lang='lat' dir='ltr'>salveris</span> <span class='ocrx_word' id='word_1_90' title='bbox 1295 1527 1432 1550; x_wconf 85' lang='lat' dir='ltr'>amoena</span> 
     </span>
     <span class='ocr_line' id='line_1_19' title="bbox 706 1567 1374 1611; baseline 0.001 -12"><span class='ocrx_word' id='word_1_91' title='bbox 706 1568 853 1600; x_wconf 88' lang='lat' dir='ltr'>Plurima</span> <span class='ocrx_word' id='word_1_92' title='bbox 876 1578 935 1610; x_wconf 88' lang='lat' dir='ltr'>per</span> <span class='ocrx_word' id='word_1_93' title='bbox 958 1567 1058 1600; x_wconf 83' lang='lat' dir='ltr'>saecli</span> <span class='ocrx_word' id='word_1_94' title='bbox 1082 1568 1246 1600; x_wconf 87' lang='lat' dir='ltr'>curricula</span> <span class='ocrx_word' id='word_1_95' title='bbox 1267 1569 1374 1611; x_wconf 87' lang='lat' dir='ltr'>rapidi</span> 
     </span>
     <span class='ocr_line' id='line_1_20' title="bbox 663 1619 1514 1662; baseline 0.001 -10"><span class='ocrx_word' id='word_1_96' title='bbox 663 1619 717 1652; x_wconf 89' lang='lat' dir='ltr'>Ad</span> <span class='ocrx_word' id='word_1_97' title='bbox 742 1620 842 1652; x_wconf 88' lang='lat' dir='ltr'>decus</span> <span class='ocrx_word' id='word_1_98' title='bbox 866 1619 1018 1659; x_wconf 87' lang='lat' dir='ltr'>eclesiae,</span> <span class='ocrx_word' id='word_1_99' title='bbox 1042 1620 1142 1651; x_wconf 87' lang='lat' dir='ltr'>vestri</span> <span class='ocrx_word' id='word_1_100' title='bbox 1166 1620 1323 1662; x_wconf 83' lang='lat' dir='ltr'>genitoris</span> <span class='ocrx_word' id='word_1_101' title='bbox 1346 1621 1514 1661; x_wconf 88' lang='lat' dir='ltr'>honorem,</span> 
     </span>
     <span class='ocr_line' id='line_1_21' title="bbox 705 1671 1329 1709; baseline 0 -5"><span class='ocrx_word' id='word_1_102' title='bbox 705 1672 769 1709; x_wconf 84' lang='lat' dir='ltr'>Qui</span> <span class='ocrx_word' id='word_1_103' title='bbox 793 1682 849 1704; x_wconf 88' lang='lat' dir='ltr'>vos</span> <span class='ocrx_word' id='word_1_104' title='bbox 873 1672 906 1703; x_wconf 91' lang='lat' dir='ltr'>in</span> <span class='ocrx_word' id='word_1_105' title='bbox 930 1674 1017 1704; x_wconf 84' lang='lat' dir='ltr'>sorte</span> <span class='ocrx_word' id='word_1_106' title='bbox 1041 1671 1118 1704; x_wconf 82' lang='lat' dir='ltr'>fecit</span> <span class='ocrx_word' id='word_1_107' title='bbox 1142 1672 1250 1704; x_wconf 87' lang='lat' dir='ltr'>inesse</span> <span class='ocrx_word' id='word_1_108' title='bbox 1276 1672 1329 1705; x_wconf 85' lang='lat' dir='ltr'>dei</span> 
     </span>
     <span class='ocr_line' id='line_1_22' title="bbox 612 1723 1463 1767; baseline 0.001 -11"><span class='ocrx_word' id='word_1_109' title='bbox 612 1731 622 1749; x_wconf 83' lang='lat'>⁵</span> <span class='ocrx_word' id='word_1_110' title='bbox 659 1723 709 1756; x_wconf 91' lang='lat' dir='ltr'>Ac</span> <span class='ocrx_word' id='word_1_111' title='bbox 733 1724 841 1756; x_wconf 87' lang='lat' dir='ltr'>ovium</span> <span class='ocrx_word' id='word_1_112' title='bbox 867 1723 988 1756; x_wconf 83' lang='lat' dir='ltr'>Christi</span> <span class='ocrx_word' id='word_1_113' title='bbox 1012 1727 1176 1767; x_wconf 83' lang='lat' dir='ltr'>pastorem</span> <span class='ocrx_word' id='word_1_114' title='bbox 1200 1724 1297 1767; x_wconf 86' lang='lat' dir='ltr'>digne</span> <span class='ocrx_word' id='word_1_115' title='bbox 1320 1725 1354 1756; x_wconf 93' lang='lat' dir='ltr'>in</span> <span class='ocrx_word' id='word_1_116' title='bbox 1378 1725 1463 1758; x_wconf 86' lang='lat' dir='ltr'>ovile</span> 
     </span>
     <span class='ocr_line' id='line_1_23' title="bbox 704 1776 1423 1820; baseline 0 -11"><span class='ocrx_word' id='word_1_117' title='bbox 704 1776 828 1809; x_wconf 87' lang='lat' dir='ltr'>Adfore</span> <span class='ocrx_word' id='word_1_118' title='bbox 852 1777 1029 1819; x_wconf 86' lang='lat' dir='ltr'>degentum</span> <span class='ocrx_word' id='word_1_119' title='bbox 1054 1777 1304 1820; x_wconf 83' lang='lat' dir='ltr'>praecipuisque</span> <span class='ocrx_word' id='word_1_120' title='bbox 1329 1778 1423 1818; x_wconf 88' lang='lat' dir='ltr'>locis.</span> 
     </span>
     <span class='ocr_line' id='line_1_24' title="bbox 661 1828 1523 1870; baseline 0.002 -10"><span class='ocrx_word' id='word_1_121' title='bbox 661 1828 700 1860; x_wconf 93' lang='lat' dir='ltr'>In</span> <span class='ocrx_word' id='word_1_122' title='bbox 724 1828 841 1870; x_wconf 88' lang='lat' dir='ltr'>quibus</span> <span class='ocrx_word' id='word_1_123' title='bbox 866 1828 1008 1869; x_wconf 80' lang='lat' dir='ltr'>assidue,</span> <span class='ocrx_word' id='word_1_124' title='bbox 1032 1828 1149 1861; x_wconf 79' lang='lat' dir='ltr'>fratres</span> <span class='ocrx_word' id='word_1_125' title='bbox 1174 1828 1231 1860; x_wconf 88' lang='lat' dir='ltr'>sed</span> <span class='ocrx_word' id='word_1_126' title='bbox 1254 1830 1397 1862; x_wconf 86' lang='lat' dir='ltr'>maxime</span> <span class='ocrx_word' id='word_1_127' title='bbox 1420 1830 1523 1862; x_wconf 89' lang='lat' dir='ltr'>nostri</span> 
     </span>
     <span class='ocr_line' id='line_1_25' title="bbox 703 1880 1493 1925; baseline 0.003 -13"><span class='ocrx_word' id='word_1_128' title='bbox 703 1880 768 1912; x_wconf 90' lang='lat' dir='ltr'>Pro</span> <span class='ocrx_word' id='word_1_129' title='bbox 792 1883 902 1913; x_wconf 85' lang='lat' dir='ltr'>vestra</span> <span class='ocrx_word' id='word_1_130' title='bbox 924 1881 1091 1913; x_wconf 89' lang='lat' dir='ltr'>dominum</span> <span class='ocrx_word' id='word_1_131' title='bbox 1114 1882 1335 1924; x_wconf 86' lang='lat' dir='ltr'>prosperitate</span> <span class='ocrx_word' id='word_1_132' title='bbox 1358 1885 1493 1925; x_wconf 84' lang='lat' dir='ltr'>rogant:</span> 
     </span>
     <span class='ocr_line' id='line_1_26' title="bbox 662 1932 1512 1976; baseline 0.002 -12"><span class='ocrx_word' id='word_1_133' title='bbox 662 1932 706 1964; x_wconf 88' lang='lat' dir='ltr'>Et</span> <span class='ocrx_word' id='word_1_134' title='bbox 728 1932 856 1972; x_wconf 89' lang='lat' dir='ltr'>merito,</span> <span class='ocrx_word' id='word_1_135' title='bbox 881 1932 1004 1964; x_wconf 85' lang='lat' dir='ltr'>eximia</span> <span class='ocrx_word' id='word_1_136' title='bbox 1028 1933 1181 1974; x_wconf 87' lang='lat' dir='ltr'>quoniam</span> <span class='ocrx_word' id='word_1_137' title='bbox 1204 1933 1376 1976; x_wconf 88' lang='lat' dir='ltr'>promissio</span> <span class='ocrx_word' id='word_1_138' title='bbox 1401 1936 1512 1966; x_wconf 86' lang='lat' dir='ltr'>vestra</span> 
     </span>
     <span class='ocr_line' id='line_1_27' title="bbox 601 1985 1400 2028; baseline 0.001 -11"><span class='ocrx_word' id='word_1_139' title='bbox 601 1993 625 2012; x_wconf 91' lang='lat'>10</span> <span class='ocrx_word' id='word_1_140' title='bbox 704 1985 774 2018; x_wconf 89' lang='lat' dir='ltr'>Nos</span> <span class='ocrx_word' id='word_1_141' title='bbox 798 1996 878 2028; x_wconf 88' lang='lat' dir='ltr'>erga</span> <span class='ocrx_word' id='word_1_142' title='bbox 900 1985 1050 2018; x_wconf 85' lang='lat' dir='ltr'>hilariter</span> <span class='ocrx_word' id='word_1_143' title='bbox 1073 1985 1257 2018; x_wconf 82' lang='lat' dir='ltr'>accelerata</span> <span class='ocrx_word' id='word_1_144' title='bbox 1279 1989 1400 2018; x_wconf 86' lang='lat' dir='ltr'>manet.</span> 
     </span>
     <span class='ocr_line' id='line_1_28' title="bbox 661 2036 1381 2080; baseline 0 -10"><span class='ocrx_word' id='word_1_145' title='bbox 661 2037 758 2070; x_wconf 86' lang='lat' dir='ltr'>Felix</span> <span class='ocrx_word' id='word_1_146' title='bbox 781 2037 838 2069; x_wconf 84' lang='lat' dir='ltr'>illa</span> <span class='ocrx_word' id='word_1_147' title='bbox 860 2036 943 2078; x_wconf 87' lang='lat' dir='ltr'>dies,</span> <span class='ocrx_word' id='word_1_148' title='bbox 967 2037 1063 2070; x_wconf 90' lang='lat' dir='ltr'>nobis</span> <span class='ocrx_word' id='word_1_149' title='bbox 1085 2038 1119 2070; x_wconf 92' lang='lat' dir='ltr'>in</span> <span class='ocrx_word' id='word_1_150' title='bbox 1143 2048 1208 2080; x_wconf 85' lang='lat' dir='ltr'>qua</span> <span class='ocrx_word' id='word_1_151' title='bbox 1232 2038 1381 2070; x_wconf 85' lang='lat' dir='ltr'>reboavit</span> 
     </span>
     <span class='ocr_line' id='line_1_29' title="bbox 707 2089 1494 2132; baseline 0.001 -11"><span class='ocrx_word' id='word_1_152' title='bbox 707 2089 797 2122; x_wconf 84' lang='lat' dir='ltr'>Vox:</span> <span class='ocrx_word' id='word_1_153' title='bbox 823 2089 954 2122; x_wconf 76' lang='lat' dir='ltr'>‘Vester</span> <span class='ocrx_word' id='word_1_154' title='bbox 976 2089 1064 2132; x_wconf 87' lang='lat' dir='ltr'>regis</span> <span class='ocrx_word' id='word_1_155' title='bbox 1087 2093 1200 2132; x_wconf 86' lang='lat' dir='ltr'>pastor</span> <span class='ocrx_word' id='word_1_156' title='bbox 1222 2090 1318 2122; x_wconf 86' lang='lat' dir='ltr'>adest</span> <span class='ocrx_word' id='word_1_157' title='bbox 1342 2089 1494 2132; x_wconf 85' lang='lat' dir='ltr'>genitus.&#39;</span> 
     </span>
     <span class='ocr_line' id='line_1_30' title="bbox 664 2140 1661 2185; baseline 0 -12"><span class='ocrx_word' id='word_1_158' title='bbox 664 2142 736 2174; x_wconf 88' lang='lat' dir='ltr'>Iam</span> <span class='ocrx_word' id='word_1_159' title='bbox 760 2141 836 2184; x_wconf 86' lang='lat' dir='ltr'>quia</span> <span class='ocrx_word' id='word_1_160' title='bbox 859 2141 998 2174; x_wconf 90' lang='lat' dir='ltr'>domnus</span> <span class='ocrx_word' id='word_1_161' title='bbox 1021 2141 1118 2174; x_wconf 86' lang='lat' dir='ltr'>abest</span> <span class='ocrx_word' id='word_1_162' title='bbox 1140 2141 1296 2185; x_wconf 89' lang='lat' dir='ltr'>Welpho,</span> <span class='ocrx_word' id='word_1_163' title='bbox 1321 2141 1542 2174; x_wconf 85' lang='lat' dir='ltr'>memorabilis</span> <span class='ocrx_word' id='word_1_164' title='bbox 1567 2140 1661 2180; x_wconf 82' lang='lat' dir='ltr'>abba,</span> 
     </span>
     <span class='ocr_line' id='line_1_31' title="bbox 707 2193 1571 2236; baseline -0.001 -11"><span class='ocrx_word' id='word_1_165' title='bbox 707 2193 772 2230; x_wconf 85' lang='lat' dir='ltr'>Qui</span> <span class='ocrx_word' id='word_1_166' title='bbox 795 2193 958 2236; x_wconf 88' lang='lat' dir='ltr'>quondam</span> <span class='ocrx_word' id='word_1_167' title='bbox 981 2196 1128 2226; x_wconf 89' lang='lat' dir='ltr'>nostrum</span> <span class='ocrx_word' id='word_1_168' title='bbox 1151 2194 1239 2226; x_wconf 87' lang='lat' dir='ltr'>rexit</span> <span class='ocrx_word' id='word_1_169' title='bbox 1262 2193 1402 2226; x_wconf 82' lang='lat' dir='ltr'>amando</span> <span class='ocrx_word' id='word_1_170' title='bbox 1426 2204 1571 2236; x_wconf 84' lang='lat' dir='ltr'>gregem,</span> 
     </span>
     <span class='ocr_line' id='line_1_32' title="bbox 602 2245 1601 2289; baseline -0.001 -12"><span class='ocrx_word' id='word_1_171' title='bbox 602 2252 626 2271; x_wconf 78' lang='lat'>1⁵</span> <span class='ocrx_word' id='word_1_172' title='bbox 663 2245 702 2277; x_wconf 92' lang='lat' dir='ltr'>In</span> <span class='ocrx_word' id='word_1_173' title='bbox 724 2245 819 2277; x_wconf 86' lang='lat' dir='ltr'>vobis</span> <span class='ocrx_word' id='word_1_174' title='bbox 844 2245 1004 2288; x_wconf 88' lang='lat' dir='ltr'>siquidem</span> <span class='ocrx_word' id='word_1_175' title='bbox 1027 2256 1113 2278; x_wconf 88' lang='lat' dir='ltr'>nunc</span> <span class='ocrx_word' id='word_1_176' title='bbox 1137 2248 1202 2278; x_wconf 86' lang='lat' dir='ltr'>stat</span> <span class='ocrx_word' id='word_1_177' title='bbox 1225 2256 1300 2289; x_wconf 83' lang='lat' dir='ltr'>spes</span> <span class='ocrx_word' id='word_1_178' title='bbox 1325 2245 1468 2277; x_wconf 80' lang='lat' dir='ltr'>maxima</span> <span class='ocrx_word' id='word_1_179' title='bbox 1490 2248 1601 2277; x_wconf 83' lang='lat' dir='ltr'>nostra</span> 
     </span>
     <span class='ocr_line' id='line_1_33' title="bbox 708 2297 1472 2340; baseline 0.001 -11"><span class='ocrx_word' id='word_1_180' title='bbox 708 2297 791 2330; x_wconf 89' lang='lat' dir='ltr'>Post</span> <span class='ocrx_word' id='word_1_181' title='bbox 815 2298 897 2329; x_wconf 87' lang='lat' dir='ltr'>caeli</span> <span class='ocrx_word' id='word_1_182' title='bbox 921 2297 1097 2337; x_wconf 86' lang='lat' dir='ltr'>dominum,</span> <span class='ocrx_word' id='word_1_183' title='bbox 1123 2308 1141 2330; x_wconf 95' lang='lat' dir='ltr'>o</span> <span class='ocrx_word' id='word_1_184' title='bbox 1158 2297 1267 2330; x_wconf 45' lang='lat' dir='ltr'>*decus</span> <span class='ocrx_word' id='word_1_185' title='bbox 1293 2298 1472 2340; x_wconf 84' lang='lat' dir='ltr'>egregium.</span> 
     </span>
    </p>
   </div>
   <div class='ocr_carea' id='block_1_8' title="bbox 840 2367 1849 2385">
    <p class='ocr_par' dir='ltr' id='par_1_9' title="bbox 840 2367 1849 2385">
     <span class='ocr_line' id='line_1_34' title="bbox 840 2367 1849 2385; baseline 0 0"><span class='ocrx_word' id='word_1_186' title='bbox 840 2367 1849 2385; x_wconf 95' lang='lat' dir='ltr'> </span> 
     </span>
    </p>
   </div>
   <div class='ocr_carea' id='block_1_9' title="bbox 403 2413 1954 2503">
    <p class='ocr_par' dir='ltr' id='par_1_10' title="bbox 403 2413 1954 2503">
     <span class='ocr_line' id='line_1_35' title="bbox 403 2413 1954 2461; baseline -0.002 -8"><span class='ocrx_word' id='word_1_187' title='bbox 403 2427 488 2460; x_wconf 67' lang='lat' dir='ltr'>[cum</span> <span class='ocrx_word' id='word_1_188' title='bbox 502 2428 677 2453; x_wconf 84' lang='lat' dir='ltr'>CVIVSDAM</span> <span class='ocrx_word' id='word_1_189' title='bbox 689 2432 752 2453; x_wconf 75' lang='lat' dir='ltr'>nota</span> <span class='ocrx_word' id='word_1_190' title='bbox 769 2427 913 2453; x_wconf 76' lang='grc' dir='ltr'><strong><em>Ἰῖνοηίωηα</em></strong></span> <span class='ocrx_word' id='word_1_191' title='bbox 923 2426 978 2460; x_wconf 68' lang='lat' dir='ltr'>(sed</span> <span class='ocrx_word' id='word_1_192' title='bbox 987 2431 1082 2460; x_wconf 77' lang='lat' dir='ltr'>puncto</span> <span class='ocrx_word' id='word_1_193' title='bbox 1095 2428 1186 2453; x_wconf 71' lang='lat' dir='ltr'>omisso</span> <span class='ocrx_word' id='word_1_194' title='bbox 1199 2431 1227 2453; x_wconf 75' lang='lat' dir='ltr'>at</span> <span class='ocrx_word' id='word_1_195' title='bbox 1237 2413 1343 2460; x_wconf 73' lang='lat' dir='ltr'>proprie</span> <span class='ocrx_word' id='word_1_196' title='bbox 1355 2427 1387 2453; x_wconf 76' lang='grc' dir='ltr'>εἰε</span> <span class='ocrx_word' id='word_1_197' title='bbox 1399 2426 1485 2461; x_wconf 82' lang='lat' dir='ltr'>cuius)</span> <span class='ocrx_word' id='word_1_198' title='bbox 1495 2427 1521 2452; x_wconf 89' lang='lat' dir='ltr'><em>B</em></span> <span class='ocrx_word' id='word_1_199' title='bbox 1589 2427 1606 2453; x_wconf 91' lang='lat'>5</span> <span class='ocrx_word' id='word_1_200' title='bbox 1616 2431 1678 2453; x_wconf 78' lang='lat' dir='ltr'>tune</span> <span class='ocrx_word' id='word_1_201' title='bbox 1690 2427 1734 2452; x_wconf 81' lang='lat' dir='ltr'>dat</span> <span class='ocrx_word' id='word_1_202' title='bbox 1742 2426 1768 2451; x_wconf 91' lang='lat' dir='ltr'><em>B</em></span> <span class='ocrx_word' id='word_1_203' title='bbox 1779 2435 1846 2452; x_wconf 82' lang='lat' dir='ltr'>corr.</span> <span class='ocrx_word' id='word_1_204' title='bbox 1855 2425 1954 2451; x_wconf 63' lang='lat' dir='ltr'>Baetem.</span> 
     </span>
     <span class='ocr_line' id='line_1_36' title="bbox 403 2470 664 2503; baseline 0 -7"><span class='ocrx_word' id='word_1_205' title='bbox 403 2470 486 2503; x_wconf 67' lang='lat' dir='ltr'>[cm]</span> <span class='ocrx_word' id='word_1_206' title='bbox 506 2470 522 2496; x_wconf 88' lang='lat'><strong>3</strong></span> <span class='ocrx_word' id='word_1_207' title='bbox 539 2470 621 2496; x_wconf 72' lang='lat' dir='ltr'>*libra</span> <span class='ocrx_word' id='word_1_208' title='bbox 638 2471 664 2495; x_wconf 87' lang='lat' dir='ltr'><em>B</em></span> 
     </span>
    </p>
   </div>
   <div class='ocr_carea' id='block_1_10' title="bbox 403 2512 1186 2550">
    <p class='ocr_par' dir='ltr' id='par_1_11' title="bbox 403 2512 1186 2550">
     <span class='ocr_line' id='line_1_37' title="bbox 403 2512 1186 2550; baseline -0.001 -11"><span class='ocrx_word' id='word_1_209' title='bbox 403 2513 474 2546; x_wconf 90' lang='lat' dir='ltr'>[CV.]</span> <span class='ocrx_word' id='word_1_210' title='bbox 493 2514 510 2539; x_wconf 81' lang='lat'><strong>2</strong></span> <span class='ocrx_word' id='word_1_211' title='bbox 528 2514 611 2550; x_wconf 48' lang='lat' dir='ltr'>seculi</span> <span class='ocrx_word' id='word_1_212' title='bbox 628 2514 654 2539; x_wconf 94' lang='lat' dir='ltr'><em>B</em></span> <span class='ocrx_word' id='word_1_213' title='bbox 706 2513 809 2547; x_wconf 72' lang='lat' dir='ltr'>*cupidi</span> <span class='ocrx_word' id='word_1_214' title='bbox 827 2513 852 2538; x_wconf 92' lang='lat' dir='ltr'><em>B</em></span> <span class='ocrx_word' id='word_1_215' title='bbox 956 2512 973 2538; x_wconf 84' lang='lat'>4</span> <span class='ocrx_word' id='word_1_216' title='bbox 991 2514 1055 2539; x_wconf 84' lang='lat' dir='ltr'>forte</span> <span class='ocrx_word' id='word_1_217' title='bbox 1074 2522 1141 2539; x_wconf 83' lang='lat' dir='ltr'>corr.</span> <span class='ocrx_word' id='word_1_218' title='bbox 1160 2513 1186 2538; x_wconf 93' lang='lat' dir='ltr'><em>B</em></span> 
     </span>
    </p>
   </div>
   <div class='ocr_carea' id='block_1_11' title="bbox 300 2595 1956 2684">
    <p class='ocr_par' dir='ltr' id='par_1_12' title="bbox 300 2595 1956 2684">
     <span class='ocr_line' id='line_1_38' title="bbox 405 2595 1956 2634; baseline -0.002 -8"><span class='ocrx_word' id='word_1_219' title='bbox 405 2599 496 2634; x_wconf 84' lang='lat' dir='ltr'>[CUL]</span> <span class='ocrx_word' id='word_1_220' title='bbox 519 2598 638 2626; x_wconf 75' lang='lat' dir='ltr'>Teatsini</span> <span class='ocrx_word' id='word_1_221' title='bbox 664 2607 761 2625; x_wconf 75' lang='lat' dir='ltr'>nomen</span> <span class='ocrx_word' id='word_1_222' title='bbox 786 2598 856 2626; x_wconf 76' lang='lat' dir='ltr'>inter</span> <span class='ocrx_word' id='word_1_223' title='bbox 882 2598 1004 2626; x_wconf 85' lang='lat' dir='ltr'>militum</span> <span class='ocrx_word' id='word_1_224' title='bbox 1022 2598 1192 2626; x_wconf 85' lang='lat' dir='ltr'>monasterio</span> <span class='ocrx_word' id='word_1_225' title='bbox 1211 2598 1236 2625; x_wconf 90' lang='lat' dir='ltr'>S.</span> <span class='ocrx_word' id='word_1_226' title='bbox 1258 2597 1383 2625; x_wconf 82' lang='lat' dir='ltr'>Rieharii</span> <span class='ocrx_word' id='word_1_227' title='bbox 1401 2597 1599 2626; x_wconf 68' lang='lat' dir='ltr'>tamulantium</span> <span class='ocrx_word' id='word_1_228' title='bbox 1623 2597 1656 2624; x_wconf 85' lang='lat' dir='ltr'>ab</span> <span class='ocrx_word' id='word_1_229' title='bbox 1682 2597 1815 2630; x_wconf 80' lang='lat' dir='ltr'>Hariulfo</span> <span class='ocrx_word' id='word_1_230' title='bbox 1831 2604 1845 2623; x_wconf 82' lang='lat' dir='ltr'>e</span> <span class='ocrx_word' id='word_1_231' title='bbox 1861 2595 1956 2623; x_wconf 64' lang='lat' dir='ltr'>olum-ta</span> 
     </span>
     <span class='ocr_line' id='line_1_39' title="bbox 300 2650 1301 2684; baseline -0.001 -6"><span class='ocrx_word' id='word_1_232' title='bbox 300 2660 325 2678; x_wconf 87' lang='lat' dir='ltr'>a.</span> <span class='ocrx_word' id='word_1_233' title='bbox 344 2652 393 2678; x_wconf 85' lang='lat'>831</span> <span class='ocrx_word' id='word_1_234' title='bbox 413 2650 527 2683; x_wconf 77' lang='lat' dir='ltr'>refertar</span> <span class='ocrx_word' id='word_1_235' title='bbox 546 2650 641 2678; x_wconf 72' lang='lat' dir='ltr'>Clvrtm.</span> <span class='ocrx_word' id='word_1_236' title='bbox 662 2651 734 2678; x_wconf 79' lang='lat' dir='ltr'>Cent.</span> <span class='ocrx_word' id='word_1_237' title='bbox 755 2651 810 2684; x_wconf 89' lang='lat' dir='ltr'>III,</span> <span class='ocrx_word' id='word_1_238' title='bbox 825 2652 850 2678; x_wconf 89' lang='lat'>3.</span> <span class='ocrx_word' id='word_1_239' title='bbox 955 2652 971 2678; x_wconf 89' lang='lat'><strong>5</strong></span> <span class='ocrx_word' id='word_1_240' title='bbox 989 2651 1038 2684; x_wconf 81' lang='lat' dir='ltr'>cfr.</span> <span class='ocrx_word' id='word_1_241' title='bbox 1056 2659 1076 2678; x_wconf 84' lang='lat' dir='ltr'>c.</span> <span class='ocrx_word' id='word_1_242' title='bbox 1096 2650 1247 2684; x_wconf 87' lang='lat' dir='ltr'>LXXIII,</span> <span class='ocrx_word' id='word_1_243' title='bbox 1259 2650 1301 2677; x_wconf 79' lang='lat'>27.</span> 
     </span>
    </p>
   </div>
   <div class='ocr_carea' id='block_1_12' title="bbox 406 2701 1495 2738">
    <p class='ocr_par' dir='ltr' id='par_1_13' title="bbox 406 2701 1495 2738">
     <span class='ocr_line' id='line_1_40' title="bbox 406 2701 1495 2738; baseline -0.001 -8"><span class='ocrx_word' id='word_1_244' title='bbox 406 2703 498 2737; x_wconf 68' lang='lat' dir='ltr'>[CIV]</span> <span class='ocrx_word' id='word_1_245' title='bbox 518 2703 623 2730; x_wconf 84' lang='lat' dir='ltr'>Parvus</span> <span class='ocrx_word' id='word_1_246' title='bbox 640 2703 687 2737; x_wconf 77' lang='lat' dir='ltr'>qui</span> <span class='ocrx_word' id='word_1_247' title='bbox 706 2712 823 2738; x_wconf 76' lang='lat' dir='ltr'>parvum</span> <span class='ocrx_word' id='word_1_248' title='bbox 841 2712 941 2730; x_wconf 91' lang='lat' dir='ltr'>munus</span> <span class='ocrx_word' id='word_1_249' title='bbox 959 2702 1058 2738; x_wconf 83' lang='lat' dir='ltr'>dirigit</span> <span class='ocrx_word' id='word_1_250' title='bbox 1076 2711 1133 2730; x_wconf 78' lang='lat' dir='ltr'>mm</span> <span class='ocrx_word' id='word_1_251' title='bbox 1146 2705 1233 2737; x_wconf 73' lang='lat' dir='ltr'>potest</span> <span class='ocrx_word' id='word_1_252' title='bbox 1251 2710 1307 2729; x_wconf 78' lang='lat' dir='ltr'>mm</span> <span class='ocrx_word' id='word_1_253' title='bbox 1324 2710 1376 2729; x_wconf 80' lang='lat' dir='ltr'>esse</span> <span class='ocrx_word' id='word_1_254' title='bbox 1394 2701 1495 2729; x_wconf 68' lang='lat' dir='ltr'>Micon.</span> 
     </span>
    </p>
   </div>
   <div class='ocr_carea' id='block_1_13' title="bbox 301 2750 1956 2840">
    <p class='ocr_par' dir='ltr' id='par_1_14' title="bbox 301 2750 1956 2840">
     <span class='ocr_line' id='line_1_41' title="bbox 406 2750 1956 2789; baseline -0.002 -8"><span class='ocrx_word' id='word_1_255' title='bbox 406 2754 482 2789; x_wconf 83' lang='lat' dir='ltr'>[CV.]</span> <span class='ocrx_word' id='word_1_256' title='bbox 510 2754 556 2780; x_wconf 79' lang='lat' dir='ltr'>Ad</span> <span class='ocrx_word' id='word_1_257' title='bbox 585 2755 848 2781; x_wconf 76' lang='lat' dir='ltr'>Karlomannam</span> <span class='ocrx_word' id='word_1_258' title='bbox 874 2754 1020 2781; x_wconf 80' lang='lat' dir='ltr'>abbatem</span> <span class='ocrx_word' id='word_1_259' title='bbox 1046 2754 1096 2788; x_wconf 78' lang='lat' dir='ltr'>cfr.</span> <span class='ocrx_word' id='word_1_260' title='bbox 1114 2762 1198 2788; x_wconf 69' lang='lat' dir='ltr'>supra</span> <span class='ocrx_word' id='word_1_261' title='bbox 1211 2762 1240 2788; x_wconf 80' lang='lat' dir='ltr'>p.</span> <span class='ocrx_word' id='word_1_262' title='bbox 1259 2754 1318 2781; x_wconf 78' lang='lat'>269.</span> <span class='ocrx_word' id='word_1_263' title='bbox 1425 2754 1457 2781; x_wconf 90' lang='grc'>13</span> <span class='ocrx_word' id='word_1_264' title='bbox 1482 2753 1592 2787; x_wconf 74' lang='lat' dir='ltr'>Welpho</span> <span class='ocrx_word' id='word_1_265' title='bbox 1614 2753 1693 2780; x_wconf 81' lang='lat' dir='ltr'>abbas</span> <span class='ocrx_word' id='word_1_266' title='bbox 1710 2761 1729 2779; x_wconf 88' lang='lat' dir='ltr'>a</span> <span class='ocrx_word' id='word_1_267' title='bbox 1747 2751 1852 2779; x_wconf 77' lang='lat' dir='ltr'>Karolo</span> <span class='ocrx_word' id='word_1_268' title='bbox 1876 2750 1956 2778; x_wconf 72' lang='lat' dir='ltr'>calm</span> 
     </span>
     <span class='ocr_line' id='line_1_42' title="bbox 301 2806 1496 2840; baseline 0 -8"><span class='ocrx_word' id='word_1_269' title='bbox 301 2807 390 2833; x_wconf 54' lang='lat' dir='ltr'>*iussas</span> <span class='ocrx_word' id='word_1_270' title='bbox 408 2806 540 2832; x_wconf 75' lang='lat' dir='ltr'>abbatiam</span> <span class='ocrx_word' id='word_1_271' title='bbox 558 2807 584 2833; x_wconf 79' lang='lat' dir='ltr'>S.</span> <span class='ocrx_word' id='word_1_272' title='bbox 604 2806 726 2833; x_wconf 71' lang='lat' dir='ltr'>Richarii</span> <span class='ocrx_word' id='word_1_273' title='bbox 744 2806 833 2834; x_wconf 83' lang='lat' dir='ltr'>cedere</span> <span class='ocrx_word' id='word_1_274' title='bbox 850 2806 942 2833; x_wconf 65' lang='lat' dir='ltr'>debuit</span> <span class='ocrx_word' id='word_1_275' title='bbox 962 2806 1158 2840; x_wconf 72' lang='lat' dir='ltr'>Karlamamw,</span> <span class='ocrx_word' id='word_1_276' title='bbox 1177 2806 1225 2839; x_wconf 78' lang='lat' dir='ltr'>cfr.</span> <span class='ocrx_word' id='word_1_277' title='bbox 1244 2813 1329 2840; x_wconf 76' lang='lat' dir='ltr'>supra</span> <span class='ocrx_word' id='word_1_278' title='bbox 1343 2813 1371 2839; x_wconf 76' lang='lat'>11-</span> <span class='ocrx_word' id='word_1_279' title='bbox 1390 2806 1440 2832; x_wconf 78' lang='lat'>267</span> <span class='ocrx_word' id='word_1_280' title='bbox 1458 2814 1496 2840; x_wconf 78' lang='lat' dir='ltr'>sq.</span> 
     </span>
    </p>
   </div>
  </div>
 </body>
</html>
