2138 3106
314 190 374 220 360
917 188 1083 214 CARMINA
1104 187 1365 215 CENTULENSIA.

1083 334 1197 366 CLVI.

1035 398 1050 433 1
1078 397 1109 433 T
1135 397 1163 446 Ε
1190 397 1237 434 M.

677 471 740 503 Hie
765 472 902 503 hominis
926 482 1046 514 peoora
1069 471 1199 514 fugiunt
1222 472 1313 503 varia
1335 472 1507 511 feritatem,

721 523 838 555 Mortis
862 524 968 555 vicina
992 535 1033 556 ne
1057 523 1174 556 fierent
1196 523 1337 565 gelidae.

1072 729 1205 761 CLVII.

857 794 922 830 AD
951 793 1182 838 QVENDAM
1209 793 1418 830 INFIDVM.

679 868 785 911 Saepe
809 869 889 900 mihi
912 870 1023 912 plures
1049 869 1248 908 cecinerunt,
1273 867 1359 910 quod
1382 868 1479 899 modo
1503 872 1628 911 aperte,

720 921 846 960 Frater,
871 932 1043 963 cognosco,
1068 919 1220 952 credulus
1246 920 1305 962 (et)
1330 930 1455 952 maneo.

678 973 749 1004 Iam
773 973 849 1015 quia
871 973 1044 1015 postposui
1067 975 1208 1013 nostros,
1233 972 1338 1004 solum
1362 972 1422 1004 tibi
1445 972 1591 1011 adhaesi‚

723 1024 778 1056 Me
803 1028 917 1056 contra
941 1024 1061 1057 ideirco
1086 1025 1132 1056 sic
1155 1024 1299 1067 loqueris
1322 1024 1459 1056 merito?

628 1088 639 1107 5
676 1076 829 1118 Frigidus
854 1088 890 1109 es
914 1077 1059 1117 nimium,
1085 1076 1162 1108 salis
1186 1079 1220 1108 et
1243 1076 1324 1115 sine,
1349 1075 1457 1117 eredo,
1482 1087 1613 1118 sapore:

722 1129 905 1171 Propterea
927 1129 988 1160 fari
1011 1131 1044 1161 te
1068 1128 1207 1171 nequius
1231 1127 1350 1160 decuit.

1063 1335 1215 1368 CLVIII.

1015 1400 1081 1436 AD
1109 1399 1271 1436 ALIVM.

680 1475 791 1515 Sume⁷
814 1478 919 1518 pater,
943 1475 1094 1508 manibus
1118 1475 1257 1518 placidis
1282 1475 1379 1507 simul
1401 1478 1500 1517 atque
1525 1475 1671 1514 sacratis,

679 1527 804 1559 Parvus
829 1531 862 1559 et
885 1528 1024 1570 exiguus
1047 1538 1183 1570 parvum
1206 1527 1293 1570 quod
1316 1527 1429 1560 defero
1453 1537 1583 1558 munus.

678 1579 761 1619 Hoc,
785 1580 868 1619 volo,
891 1590 932 1611 ne
955 1590 1091 1620 renuas,
1124 1579 1182 1611 sed
1206 1582 1239 1612 et
1262 1579 1343 1611 illud
1366 1582 1402 1611 tu
1425 1589 1554 1621 quoque
1580 1589 1705 1610 sumes:

678 1630 764 1663 Nam
787 1631 815 1663 si
837 1631 905 1663 vita
928 1642 1037 1664 comes
1060 1631 1167 1671 fuerit,
1191 1634 1266 1674 post
1287 1631 1382 1674 plura
1404 1630 1545 1673 parabo3

629 1695 641 1713 s
677 1682 844 1715 Interdum
867 1683 971 1716 libeat
993 1683 1062 1723 tibi,
1086 1684 1207 1726 flagito,
1232 1693 1349 1715 munus
1372 1683 1478 1715 amici.

678 1735 834 1767 Rethoris
858 1735 1046 1778 exemplum
1067 1733 1200 1778 placeat
1223 1745 1405 1768 memorare
1430 1734 1580 1767 Catonis:

679 1786 809 1819 ‘Munus
831 1797 1029 1830 perparvum
1054 1787 1170 1819 tribuit
1193 1798 1267 1819 eum
1291 1798 1418 1830 pauper
1440 1787 1574 1827 amicus,

681 1838 781 1871 Sume
804 1839 910 1871 libens
934 1840 1054 1879 animo,
1077 1842 1187 1882 grates
1211 1832 1377 1882 libeatque
1400 1838 1546 1871 referre?

679 1891 839 1923 Versibus
863 1901 906 1923 ex
928 1891 1039 1934 parvis
1062 1892 1200 1923 multum
1223 1891 1283 1923 tibi
1306 1891 1433 1934 flagitat
1455 1902 1555 1922 unus:

615 1956 640 1974 10
675 1942 723 1975 Ut
744 1944 856 1976 valeas
882 1943 1023 1983 Christo,
1047 1944 1161 1986 vigeas
1185 1955 1244 1987 per
1267 1944 1400 1976 saecula
1421 1943 1534 1983 multa,

680 1995 733 2026 Ad
756 1998 828 2038 post
852 2006 925 2028 eum
950 1996 1070 2028 sanetis
1096 2007 1215 2038 regnes
1239 1996 1310 2028 sine
1334 1996 1398 2028 fine
1421 1996 1548 2028 beatus.

679 2047 753 2079 Hoc
776 2047 877 2080 faeiat
899 2048 1032 2090 genitus
1055 2049 1145 2080 nullo
1169 2048 1210 2081 de
1235 2049 1360 2081 semine
1383 2048 1491 2080 nobis:

680 2099 829 2132 Oernuus
853 2102 951 2142 atque
974 2100 1130 2143 frequens
1154 2101 1230 2132 totis
1252 2100 1312 2132 hoe
1335 2099 1460 2132 viribus
1484 2110 1556 2132 oro.

679 2151 816 2183 Rustica
839 2162 924 2183 nune
948 2152 1078 2184 veniam
1101 2152 1223 2195 rogitat
1245 2163 1375 2195 quoque
1399 2152 1510 2184 fistula
1532 2154 1656 2190 nostra,

615 2217 639 2236 ιε.
676 2203 747 2236 Nee
769 2203 876 2235 minus
901 2207 935 2236 et
956 2204 1055 2236 finem
1078 2205 1162 2247 petit
1183 2216 1222 2237 ac
1247 2205 1308 2236 sibi
1332 2204 1462 2247 quaerit
1484 2203 1619 2243 habere,

680 2255 810 2287 Ludere
833 2266 917 2297 quae
941 2258 1067 2296 temtat,
1091 2256 1229 2299 pedibus
1254 2256 1325 2288 sine
1349 2266 1480 2288 currere
1502 2256 1632 2287 frustra.

681 2306 841 2339 Versibus
865 2307 1016 2350 insipidis
1039 2307 1246 2351 peragrando
1269 2318 1367 2351 parce
1391 2308 1570 2350 benignum

681 2359 842 2391 Pei-lectis
866 2360 998 2402 placeat
1021 2359 1169 2392 Vulcano
1193 2359 1323 2392 tradere
1348 2359 1473 2392 claudo.

417 2504 536 2539 [CLVlm
554 2506 571 2531 2
592 2505 641 2539 (et)
661 2506 759 2532 Bethm.

418 2547 549 2582 [CLvl11.]
568 2551 678 2575 ALIVM
697 2554 759 2575 nota
781 2550 868 2576 Τίνοη.
887 2550 931 2576 sed
949 2551 1024 2576 titula
1042 2560 1089 2576 om.
1109 2550 1135 2576 B
1231 2550 1247 2576 3
1266 2550 1374 2577 *rennes
1394 2551 1419 2576 B
1509 2550 1526 2576 5
1543 2550 1665 2576 *Interim
1683 2549 1708 2575 B
1796 2549 1829 2575 12
1845 2547 1967 2583 s(emine)

315 2591 383 2616 uirili
402 2592 429 2616 in
447 2601 528 2625 mary.
547 2593 572 2618 B
678 2593 709 2619 16
728 2592 795 2626 *quo
813 2593 839 2618 B

420 2677 532 2712 [CLVI]
553 2677 638 2705 Cuius
655 2678 788 2705 hominis?

420 2729 707 2765 [CLVII.—CLXXI.]
726 2730 774 2757 Aa
789 2731 915 2763 fratres
933 2734 960 2758 et
978 2731 1167 2766 discipulos
1183 2731 1332 2758 carmina
1348 2730 1556 2758 salutatoria
1573 2730 1742 2757 iocularia
1754 2729 1918 2764 precaria.

419 2780 560 2816 [CLVIII]
579 2782 596 2808 4
613 2782 660 2814 cfr.
678 2790 698 2809 c.
715 2782 828 2816 XXIV,
841 2784 866 2810 8.
936 2784 952 2810 6
972 2783 1027 2810 Cat.
1047 2783 1107 2811 dist.
1126 2784 1152 2817 I,
1165 2784 1199 2810 20
1217 2784 1277 2817 (Bs.
1298 2783 1394 2810 PLM.
1414 2783 1472 2816 III,
1484 2783 1546 2816 219)
1565 2782 1705 2817 Exiguum
1721 2791 1821 2809 munus
1839 2790 1903 2809 eum
1920 2782 1970 2809 dat

316 2831 368 2858 tibi
388 2840 495 2866 pauper
512 2833 624 2866 amicus,
644 2833 772 2868 Accipite
794 2835 883 2862 laetus
902 2835 1024 2870 (placide
1042 2836 1098 2869 al.),
1117 2836 1198 2870 plene
1218 2837 1246 2863 et
1264 2835 1378 2862 laudare
1396 2836 1544 2862 memento.
1650 2835 1682 2861 18
1699 2835 1747 2867 cfr.
1767 2834 1829 2868 GH,
1845 2834 1885 2861 14.
