2138 3106
340 169 401 198 370
1020 163 1200 191 DIALOGUS
1219 163 1305 190 AGII.

296 290 298 293 .
341 252 490 284 traditur.
542 252 677 291 Scripsit
705 251 836 282 codicem
867 250 1015 282 Andreas
1044 250 1140 282 abbas
1171 250 1205 282 S.
1236 250 1405 282 Michaelis
1434 249 1708 289 Barrzberqensi31,
1739 249 1868 280 contulit
1901 247 1990 279 nobis

346 304 381 335 V.
410 304 442 336 C.
469 303 634 334 Leitscleuli
660 302 839 344 praefectus
861 302 1106 342 Bamberqensis
1136 301 1350 342 bybliothecae.
1399 301 1482 342 Quos
1503 302 1632 340 praeter
1655 310 1724 332 eum
1746 299 1892 332 Perteius
1915 301 1988 336 tum,

342 366 408 388 cum
427 355 525 386 edidit
540 355 617 394 Aqii
632 354 789 393 opuscula,
805 354 920 385 codices
935 354 1113 385 numeravit
1129 353 1329 392 adhibendos,
1344 363 1382 384 coe
1399 354 1440 384 iis
1454 353 1598 391 alterum,
1614 352 1670 392 qui
1685 354 1730 384 est
1743 350 1989 384 Bruxellensis2

340 407 620 439 Bollandistarum
647 406 732 436 8960
764 415 842 438 saec.
868 405 994 443 XVIL,
1023 406 1088 445 ipse
1117 405 1273 436 intellexit
1295 405 1539 445 Bamberqensis
1566 413 1630 436 esse
1655 403 1883 444 apoqraphum,
1910 403 1990 434 idem

339 458 447 490 cadere
475 458 511 488 in
539 458 686 495 alterum,
718 457 773 496 qui
801 459 845 488 est
877 456 1152 495 OchsenbusanuS,
1172 467 1216 488 -se
1246 457 1335 496 apud
1357 456 1487 488 Pezium
1517 457 1552 487 in
1584 456 1746 487 Thesauro
1773 455 1991 487 anecdotorum

339 510 506 542 novissim
530 509 551 540 I
569 519 640 549 paq.
658 508 847 540 LXXXIV
868 509 975 549 leqisse
997 519 1060 540 non
1084 509 1255 540 meminit³.
1280 527 1320 531 -—
1349 508 1463 540 Edidit
1485 508 1602 549 Aqium
1625 518 1640 539 e
1663 507 1743 539 libro
1765 506 1991 548 Bamberqensi

342 561 488 593 Perta-ius
504 560 564 593 SS.
582 560 638 591 IV
651 562 712 591 166
727 570 812 591 anno
829 562 922 599 1841,
943 571 981 592 ear
999 560 1239 593 Oebsenbusano
1255 559 1370 592 Peeius
1386 560 1405 592 l.
1423 570 1447 591 c.
1454 562 1543 600 part.
1559 559 1623 591 III
1627 569 1702 600 paq.
1719 561 1781 590 311
1797 568 1882 590 anno
1898 559 1991 597 1721,

338 624 353 645 e
379 613 468 644 Peeii
499 615 578 644 tomo
607 613 699 652 ‘typis
728 612 792 644 iam
816 613 957 644 eaccuso’⁴¹
980 612 1138 644 Iohannes
1164 612 1318 653 Georqius
1341 611 1464 643 Eceard
1490 613 1525 643 in
1554 611 1697 643 Veterum
1725 612 1991 648 monumentorum

339 664 549 705 quaternione
578 674 649 704 paq.
681 665 722 695 13
752 664 882 704 Lipsiae
915 666 1013 704 1720,
1045 665 1116 695 item
1146 674 1184 696 ete
1212 664 1312 696 eodem
1339 663 1488 705 Miqnius
1515 663 1674 704 Patroloq.
1703 663 1757 695 lat.
1791 661 1998 695 CXXXVII

341 727 414 757 paq.
439 717 524 747 1183
546 715 687 747 Parisiis
710 717 803 748 1853.

442 769 473 800 2.
496 768 700 799 Hatlmmoda
717 768 827 807 prima
850 768 1033 799 monasterii
1059 767 1342 800 Gandesbemensis
1364 767 1523 799 abbatissa
1545 777 1576 799 a.
1599 766 1629 799 d.
1653 766 1722 798 III.
1744 766 1822 799 Kal.
1837 765 1911 798 Dee.
1928 766 1991 797 874

337 822 460 852 mortua
480 822 525 851 est
538 831 548 858 ,·
576 830 631 852 nec
657 820 754 852 multo
771 822 845 860 post
858 820 870 839 ⁵
893 820 958 851 vita
981 820 1208 860 epicediumquc
1237 820 1303 851 eius
1330 819 1447 859 scripta
1474 819 1514 850 ab
1537 819 1619 860 Aqio
1641 818 1813 857 saeerdote‚·
1841 817 1897 858 qui
1919 818 1990 858 quis

338 872 452 914 suerit,
471 872 641 914 fatendum
665 874 709 903 est
731 871 775 903 ad
796 874 911 903 certum
934 881 999 903 non
1015 881 1108 912 posse
1130 872 1241 912 rediqi.
1281 871 1471 911 Suspicatur
1485 870 1631 902 Pertzius
1645 880 1714 902 eum
1732 869 1870 912 fratrem
1887 868 1992 912 fuisse

338 923 567 962 Hatbumodae,
590 923 725 955 filiolum
742 924 835 955 illum
853 923 981 964 Isudolfi
997 924 1116 955 comitis
1131 924 1254 961 seilicet,
1279 924 1368 955 euius
1389 923 1503 954 mentio
1524 931 1616 954 versu
1632 922 1693 953 555
1708 921 1839 963 Dialoqi
1860 922 1993 960 inesset,·

339 986 437 1016 neque
459 975 569 1014 habeo,
600 985 657 1007 cur
679 975 730 1007 illi
751 975 897 1017 refraqer
920 975 1126 1007 coniecturam
1150 975 1317 1007 dumtaoeat
1339 975 1538 1016 proponenti.
1581 973 1784 1006 Domicilium
1813 975 1841 1005 et
1862 975 1991 1005 matrem

337 1027 529 1065 studiorum,
563 1029 599 1058 ut
626 1027 705 1059 milii
733 1027 855 1067 quidem
885 1027 1023 1065 videtur,
1056 1027 1165 1059 babuit
1193 1027 1311 1068 Ayius,
1339 1026 1559 1058 Hatbumodae
1581 1026 1644 1057 sive
1662 1024 1768 1067 frater
1789 1026 1852 1057 sive
1874 1025 1994 1058 amicus

337 1081 420 1118 crat,
450 1078 572 1110 Novam
609 1078 783 1117 Corbeiam,
812 1079 867 1110 ubi
896 1081 960 1110 tam
981 1089 1082 1119 prope
1108 1079 1147 1110 ab
1175 1090 1212 1111 ea
1239 1079 1368 1118 abesset,
1397 1081 1432 1110 ut
1460 1078 1582 1110 visendi
1610 1087 1705 1110 eausa
1731 1077 1993 1110 Gandeshemiam

338 1133 443 1171 posset
464 1131 676 1170 frequentare.
720 1130 828 1170 Neque
850 1131 915 1162 alio
937 1131 1026 1162 illius
1048 1131 1184 1172 reqionis
1214 1131 1277 1163 loco
1305 1132 1428 1162 tantum
1455 1130 1490 1162 id
1512 1130 1660 1170 temporis
1681 1130 1790 1162 literae
1809 1128 1962 1169 florebant
1971 1129 1992 1166 ⁸,

338 1184 373 1213 ut
392 1183 601 1222 producerent
622 1182 730 1223 Aqios.
776 1182 869 1214 Illud
890 1183 985 1214 etiam
1008 1182 1132 1220 accedit,
1156 1183 1239 1223 quod
1261 1183 1294 1214 in·
1317 1182 1453 1223 Dialoqo
1475 1181 1630 1214 Radberti
1652 1181 1819 1214 Paschasii
1839 1181 1991 1222 quoqam

339 1236 446 1274 aperte
468 1234 658 1266 imitandam
681 1234 742 1266 sibi
760 1235 968 1274 proponebat,
999 1245 1078 1275 quae
1099 1235 1189 1266 valde
1213 1235 1320 1266 dubito
1345 1245 1423 1266 num
1451 1234 1485 1265 in
1509 1234 1654 1266 Saxonia
1676 1233 1847 1265 innotuerit
1864 1234 1992 1274 praeter

336 1286 459 1318 Novam
485 1286 666 1321 Corbeiam:
695 1289 731 1318 ut
762 1287 845 1318 enim
867 1286 1048 1319 Radbertus
1076 1298 1144 1319 eum
1171 1287 1355 1319 Adalhardi
1383 1286 1456 1318 Vita
1489 1285 1700 1318 indissolubili
1730 1295 1815 1317 nexu
1841 1285 1993 1326 quoyam

338 1339 520 1377 coniunoeit,
549 1339 596 1370 ita
625 1349 692 1370 eum
721 1338 940 1371 Hathumodae
976 1338 1050 1371 Vita
1080 1339 1183 1380 Aqius
1206 1339 1387 1380 Dialoyum.
1435 1340 1535 1380 Quam
1562 1337 1598 1370 ob
1625 1347 1753 1369 eausam
1774 1337 1902 1377 opinari
1923 1337 1994 1369 lieet

338 1390 459 1431 Aqium
475 1391 603 1422 eundem
622 1400 685 1422 esse
700 1393 792 1430 atque
807 1391 951 1432 Ayicum,
975 1402 1064 1431 quem
1078 1391 1165 1423 intra
1181 1402 1211 1423 a.
1227 1392 1291 1423 826
1306 1393 1335 1422 et
1350 1391 1414 1422 856
1429 1391 1464 1422 in
1480 1390 1587 1422 Novae
1606 1390 1752 1422 Corbeiae
1770 1389 1992 1421 monasterium

336 1444 492 1483 receptum
515 1452 579 1474 esse
597 1442 742 1485 fratrum
769 1442 1000 1475 Corbeiensium
1023 1443 1183 1484 cataloqus
1205 1443 1326 1475 indicat
1337 1444 1357 1475 ⁷.

443 1496 474 1526 3.
512 1494 574 1535 Qui
595 1494 831 1526 Hatliumodam
862 1497 926 1527 tam
955 1495 1028 1527 benc
1057 1495 1230 1533 cecinisset,
1261 1497 1376 1527 certum
1406 1497 1474 1526 erat
1505 1505 1574 1526 eum
1601 1504 1657 1526 nec
1673 1495 1768 1536 prius
1790 1494 1915 1527 siluisse
1935 1503 1992 1526 nee

336 1548 407 1586 post
436 1547 618 1578 conticuisse
648 1547 714 1578 nisi
744 1547 887 1579 invitum.
942 1548 1054 1587 Itaque
1087 1557 1163 1579 num
1194 1547 1262 1579 alia
1289 1549 1419 1587 praeter
1446 1547 1501 1579 hoc
1526 1547 1632 1589 felicis
1663 1546 1784 1588 ingenii
1809 1546 1991 1578 documenta

337 1601 514 1637 exstarent,
544 1598 653 1630 merito
675 1609 696 1630 a
717 1599 933 1640 qrammaticis
955 1599 1173 1639 quaerebatur.
1218 1599 1267 1631 Ae
1290 1599 1436 1631 Perteius
1462 1599 1586 1640 quidem
1612 1608 1688 1631 sane
1709 1598 1771 1631 sibi
1786 1598 1993 1640 persuaserat

336 1653 461 1691 poetam
484 1661 573 1691 quem
595 1653 706 1682 vocant
721 1650 880 1683 Saxonem
895 1651 935 1683 ab
951 1651 1034 1691 Aqio
1056 1661 1120 1683 non
1143 1651 1300 1683 diversum
1315 1661 1387 1690 esse,
1411 1651 1465 1683 sed
1485 1653 1671 1692 arqumenta
1692 1650 1810 1682 adtulit
1829 1651 1886 1682 aut
1899 1649 1992 1686 nulla

337 1706 394 1735 aut
416 1714 495 1743 quae
518 1702 602 1734 nihil
617 1702 802 1742 probarent.
841 1702 991 1734 Attamen
1006 1713 1075 1734 eum
1097 1712 1162 1734 non
1183 1712 1306 1735 errasse
1319 1703 1434 1742 paucis
1449 1702 1589 1743 equidem
1604 1701 1827 1741 demonstrabo,
1849 1694 1992 1742 quamvis

337 1765 401 1787 non
424 1755 543 1787 directa
565 1755 618 1786 via
637 1754 835 1795 proyrediar.

446 1807 628 1847 Numquam
654 1806 757 1846 poesis
784 1806 1013 1846 epitaphiorum
1037 1818 1058 1838 a
1080 1806 1237 1838 Romanis
1258 1806 1378 1838 tradita
1399 1806 1573 1846 eoespiravit
1594 1805 1749 1846 multoque
1770 1806 1871 1847 rnayis
1885 1805 1994 1845 primo

337 1860 437 1891 medio
460 1869 534 1891 aevo
563 1860 758 1890 mortuorum
784 1868 881 1890 eausa
910 1858 1054 1890 earmina
1081 1858 1300 1899 panqebantur
1327 1867 1422 1899 quam
1452 1858 1609 1890 vivorum:
1636 1857 1815 1890 clamabant
1840 1857 1993 1890 nimirum

338 1911 459 1952 lapides
477 1914 570 1952 atque
587 1910 733 1949 homines,
756 1911 879 1942 auxilio
894 1911 1086 1952 sylloqarum
1101 1911 1372 1951 epiqraphicarum
1395 1911 1455 1949 usi,
1478 1910 1719 1942 aemulabantur
1734 1912 1879 1942 aeternae
1901 1910 1990 1942 urbis

338 1964 485 2004 sepulcra
515 1964 608 1995 etiam
643 1964 711 1995 arte
736 1963 937 2003 praestantia
948 1963 970 1995 ⁸.
1016 1963 1080 1995 Sed
1105 1963 1237 1995 mortuis
1268 1963 1328 1994 rite
1354 1963 1484 2002 sepultis
1512 1964 1605 1994 erant
1630 1962 1810 2004 superstites
1837 1964 1867 1994 et
1893 1962 1992 2003 digni,

338 2026 471 2056 quorum
501 2015 622 2047 dolores
651 2016 846 2053 levarentur,
881 2017 911 2046 et
939 2013 994 2046 hoc
1021 2014 1212 2046 vehementer
1236 2015 1427 2055 flaqitantes.
1481 2015 1548 2055 Quo
1576 2023 1703 2046 munere
1730 2014 1786 2054 qui
1817 2013 1890 2046 bene
1920 2024 1992 2054 per-

339 2068 543 2110 funqeretur,
571 2067 700 2108 primus
733 2067 769 2098 in
803 2066 946 2098 Francia
980 2067 1126 2098 inventus
1157 2068 1201 2098 est
1234 2066 1409 2098 Venantius
1437 2065 1637 2097 Fortunatus
1645 2066 1667 2097 ⁹.
1717 2066 1753 2098 Is
1785 2076 1869 2106 cum,
1904 2066 1993 2098 maius

338 2120 538 2160 potissimum
553 2119 691 2160 vestiqiis
705 2119 872 2157 insisteret,
891 2119 925 2150 in
942 2118 1098 2150 Romanis
1114 2118 1215 2150 literis
1230 2118 1506 2159 circumspeseisset,
1522 2117 1628 2149 ducem
1643 2118 1772 2150 sortitus
1786 2120 1831 2150 est
1847 2117 1994 2150 Ovidium

341 2171 461 2203 Tibulli
485 2173 611 2203 mortem
634 2171 752 2211 eqreqie
767 2171 1018 2211 planyentemw.
1064 2170 1118 2202 Ad
1144 2169 1289 2202 Ovidium
1317 2172 1420 2202 autem
1443 2171 1591 2210 quoniam
1616 2169 1829 2211 Hieronymus
1850 2169 1992 2202 adsume-

342 2224 437 2255 batur
462 2223 631 2256 Tullianae
654 2223 875 2256 consolationis
898 2223 1092 2263 compilator,
1117 2223 1242 2265 factum
1264 2225 1325 2261 est,
1355 2225 1391 2254 ut
1418 2222 1603 2255 Christiana
1630 2222 1770 2262 epicedia
1791 2224 1992 2262 sequerentur

338 2286 540 2317 paqanorum
557 2275 814 2316 philosophorum
833 2277 999 2317 praecepta
1023 2275 1215 2307 consolandi.
1259 2275 1302 2306 In
1331 2275 1385 2307 hoe
1411 2275 1494 2306 enim
1521 2276 1704 2315 arqumento
1730 2274 1830 2306 solent
1854 2274 1992 2306 versari:

338 2329 420 2368 quod
441 2328 616 2367 occubuisti,
639 2338 703 2360 non
725 2330 770 2360 est
793 2327 974 2366 dolendum,
998 2337 1073 2359 nam
1096 2328 1124 2359 si
1146 2327 1194 2359 vel
1211 2327 1279 2367 piis
1295 2326 1355 2368 fas
1377 2329 1422 2358 est
1445 2327 1526 2358 mori
1548 2329 1613 2358 tam
1636 2326 1671 2358 in
1693 2328 1791 2358 vetere
1813 2327 1992 2358 testamento

448 2458 473 2490 1)
492 2457 597 2484 Lorenz
609 2457 810 2485 Deutschlands
828 2458 1082 2493 Gesehiehtsquellen
1091 2460 1101 2475 ³
1114 2459 1192 2486 1153.
1263 2459 1290 2491 2)
1305 2457 1361 2491 CYr.
1375 2457 1482 2485 Archiv.
1495 2460 1578 2485 nostr.
1598 2458 1676 2485 VIII
1681 2461 1736 2485 523.
1807 2458 1835 2492 3)
1846 2457 1890 2484 Ne
1901 2465 1992 2484 corum

341 2508 448 2542 quidem
470 2517 567 2535 memor
590 2512 661 2543 erat,
690 2518 759 2544 quae
784 2511 840 2544 ipse
858 2511 889 2537 in
914 2510 1071 2544 Liutbirqae
1097 2510 1165 2536 vitae
1192 2509 1244 2536 SS.
1269 2509 1319 2536 IV
1329 2513 1375 2537 158
1398 2512 1564 2543 mfflosuerat.
1669 2510 1697 2542 4)
1723 2509 1780 2543 Gsr.
1802 2509 1911 2536 Pezium
1930 2510 1948 2536 l.
1970 2517 1990 2536 c.

338 2569 400 2595 paq.
421 2560 600 2588 LXXXIII.
681 2563 708 2595 5)
729 2562 785 2595 C'fr.
805 2562 884 2589 Pei-te
903 2563 918 2589 l.
938 2570 957 2589 c.
972 2570 1035 2597 paq.
1055 2566 1100 2590 165
1109 2570 1161 2596 sqq.
1240 2562 1267 2596 6)
1285 2561 1495 2596 Lamesfflinyae
1512 2562 1613 2597 Ayium
1630 2562 1714 2595 fuisse
1729 2561 1887 2589 monachum
1904 2564 1993 2589 tenuere

339 2612 435 2639 statuit
458 2613 590 2646 Perteius,
617 2622 670 2647 quo
692 2614 747 2641 loco
769 2614 909 2640 dubitatur
934 2622 1001 2640 num
1023 2614 1068 2640 ido
1090 2617 1200 2648 tempore
1223 2614 1308 2647 fuerit
1332 2614 1522 2640 monasterium
1545 2617 1582 2647 et,
1606 2614 1709 2641 etiamsi
1730 2614 1800 2647 fuit,
1823 2621 1890 2640 imm
1906 2614 1991 2648 suen-it

341 2665 536 2691 monachorum.
643 2665 669 2699 7)
690 2664 748 2699 Cfr.
769 2665 817 2692 SS.
836 2665 926 2692 XIII
935 2668 996 2699 275,-
1015 2665 1130 2699 praeivit
1147 2665 1178 2692 im
1195 2665 1245 2692 hac
1262 2668 1342 2699 parte
1359 2665 1525 2692 coniecturae
1546 2666 1642 2692 Peeius
1659 2666 1676 2692 l.
1695 2674 1717 2693 e.
1732 2674 1795 2700 paq.
1815 2665 1990 2693 LXXXIV.

340 2716 367 2750 8)
390 2716 443 2748 Cfr.
465 2725 534 2750 quae
560 2717 618 2743 dimi
636 2717 850 2751 Abhandlunqen
872 2717 896 2743 d.
917 2717 954 2744 K.
973 2717 1058 2752 bayer.
1078 2717 1220 2744 Academie
1239 2717 1261 2743 I.
1282 2716 1320 2744 Ol.
1347 2719 1407 2743 tom.
1429 2717 1510 2743 XIX
1521 2721 1537 2743 2
1558 2725 1619 2752 pay.
1639 2720 1780 2745 310—312.
1884 2718 1912 2752 9)
1933 2717 1989 2751 Gsr.

339 2767 372 2795 de
391 2767 470 2794 Rossi
482 2769 603 2802 Inscript.
620 2768 719 2796 Christ.
739 2769 776 2795 II
786 2774 798 2795 1
813 2777 877 2804 paq.
899 2768 1007 2795 XLIX
1024 2771 1048 2796 et
1061 2769 1171 2804 passim.
1247 2769 1290 2804 10)
1310 2769 1403 2796 Amor.
1423 2769 1477 2796 m
1486 2773 1514 2803 9;
1532 2769 1583 2803 cfr.
1603 2770 1674 2803 Alfr.
1695 2769 1793 2798 Gerace
1811 2770 1842 2796 in
1860 2770 1988 2799 Romus·-

339 2820 408 2846 sium
427 2820 553 2847 tirocinio
567 2821 721 2856 philoloqico
740 2821 866 2848 Berolini
887 2825 951 2849 1883
965 2829 1027 2855 paq.
1045 2825 1087 2848 65.
