2040 2996
447 685 1545 769 BIBLIOTHECARUM

173 810 323 887 ET
390 805 1298 917 PSALTERIORUM
1354 806 1820 889 VERSUS.

280 973 464 1031 Quantum
480 984 584 1016 ‘tituli'
600 984 786 1024 prodessent
800 984 844 1015 cul
857 984 1024 1016 historiam
1037 985 1121 1015 artis
1136 985 1195 1016 rite
1210 984 1486 1025 reclinteyrandam
1499 984 1661 1016 Antonius
1672 984 1823 1025 Sprinyer

172 1048 275 1078 nuper
305 1048 363 1069 nos
393 1037 499 1069 docuit
519 1035 773 1077 (Westdcutsche
796 1035 980 1076 Zeitschrift
1008 1036 1031 1076 f.
1059 1035 1168 1067 Gesch.
1192 1047 1224 1067 u.
1248 1036 1358 1067 Kunst
1387 1035 1475 1067 Trcv.
1500 1037 1583 1066 1884
1599 1047 1635 1076 p.
1657 1038 1721 1068 ‚214
1743 1039 1822 1078 sqq.)

171 1100 270 1130 neque
298 1089 444 1130 inyratus
470 1090 547 1120 essct
574 1087 661 1119 labor
687 1098 738 1118 eos
765 1098 870 1119 omnes
891 1087 1003 1119 eclemli
1025 1088 1139 1128 quibus
1157 1098 1320 1119 sacrorum
1342 1087 1492 1119 librorum
1515 1088 1680 1119 donatores
1702 1089 1821 1120 scribae

173 1141 327 1181 imayines
341 1142 544 1178 enarrantur,
567 1140 692 1171 etiamsi
705 1158 746 1163 —
761 1140 797 1171 id
822 1140 906 1180 quod
927 1143 972 1171 est
979 1139 1166 1180 plerumque
1182 1158 1223 1162 -—
1238 1139 1301 1179 ipsi
1323 1138 1397 1170 libri
1411 1139 1559 1178 hodieque
1574 1141 1691 1171 extant.
1733 1141 1822 1180 Quod

172 1192 250 1233 ἂρα-ς
270 1192 346 1223 huic
365 1192 451 1232 (meri
466 1191 686 1231 praescriptae
703 1191 858 1230 vetabant,
880 1202 919 1223 ne
934 1202 997 1231 pro
1013 1191 1182 1223 Karolinis
1197 1190 1385 1230 temporibus
1399 1191 1487 1230 ficret
1502 1191 1644 1222 omnibus
1659 1191 1820 1222 adunatis.

173 1243 236 1275 Sed
262 1243 323 1275 alii
351 1246 389 1275 ut
415 1243 472 1283 qui
501 1243 545 1274 ad
573 1243 707 1275 Alcuim'
734 1245 763 1274 et
793 1243 958 1282 Theodulfi
986 1243 1178 1275 recensiones
1199 1243 1361 1282 pertinent
1388 1253 1487 1282 supra
1517 1254 1538 1274 a
1567 1242 1766 1275 Duemmlero
1793 1246 1822 1275 ct

171 1305 220 1327 me
240 1295 309 1326 suis
331 1295 447 1335 quique
469 1294 544 1326 locis
566 1295 643 1326 editi
663 1297 756 1333 sunt,
772 1295 897 1334 partim
919 1294 970 1326 hic
992 1295 1139 1332 eduntur,
1162 1293 1222 1325 alii
1243 1294 1279 1325 in
1300 1294 1402 1326 altera
1425 1294 1522 1325 huius
1542 1293 1710 1326 voluminis
1726 1297 1821 1334 parte

170 1349 349 1387 sequentur,
372 1357 468 1387 quam
491 1346 589 1378 laetor
610 1357 632 1378 a
654 1346 808 1378 Harstero
830 1347 991 1378 recenseri.

276 1398 345 1430 Hoc
359 1398 423 1430 loco
439 1398 569 1430 exhimii
585 1399 618 1430 in
632 1409 688 1430 sea:
702 1398 891 1430 bibliothecis
907 1417 948 1422 —
963 1398 1000 1429 de
1013 1408 1074 1438 quo
1089 1397 1212 1429 nomine
1227 1397 1334 1437 confer
1348 1407 1434 1428 nunc
1449 1397 1527 1428 Birt
1541 1397 1571 1428 d.
1588 1397 1695 1429 antike
1710 1397 1820 1429 Buch-

171 1459 270 1481 wesen
285 1461 322 1490 p.
346 1452 409 1481 116
432 1467 473 1473 —
488 1449 713 1490 psalteriisque
734 1450 957 1481 inveniuntur:

274 1502 302 1533 Ι.
326 1502 362 1534 in
384 1501 501 1534 Karoli
527 1501 616 1534 Calvi
637 1501 791 1542 psalterio
817 1513 903 1533 nunc
930 1501 995 1533 cod.
1019 1501 1172 1534 Parisino
1194 1501 1263 1533 bibl.
1292 1503 1359 1532 nat.
1383 1501 1468 1532 1152
1494 1499 1628 1540 (Delisle
1653 1500 1679 1532 le
1701 1502 1823 1533 cabinet

170 1553 243 1592 III,
266 1554 345 1591 320)
372 1554 460 1584 intra
482 1554 547 1584 842
575 1556 604 1584 et
626 1555 703 1591 846,
737 1553 821 1594 quod
848 1553 872 1593 f.
898 1555 960 1584 170
993 1553 1028 1585 in
1058 1553 1207 1585 laetaniis
1236 1552 1335 1584 solius
1357 1552 1604 1584 Hirmindrudis
1631 1553 1746 1584 mentio
1775 1554 1822 1592 fit,

170 1605 288 1645 scripto
309 1605 348 1637 ab
370 1605 474 1637 eodem
495 1605 525 1636 si
547 1608 627 1637 recte
648 1605 855 1645 suspicantur
870 1605 1051 1636 Liuthardo
1073 1599 1133 1645 qui
1152 1607 1295 1637 nostrum
1317 1605 1451 1636 codicem
1472 1614 1605 1635 aureum
1623 1604 1729 1644 (infra
1743 1605 1768 1636 Ι
1772 1605 1823 1645 V.)

173 1667 242 1688 una
269 1667 341 1688 cum
368 1657 471 1697 fratre
499 1657 636 1696 scripsit.
689 1656 804 1688 Versus
832 1657 871 1688 ab
892 1656 1031 1688 Henrico
1053 1656 1174 1688 Barbet
1200 1656 1238 1688 de
1260 1656 1342 1696 Iouy
1368 1655 1468 1686 notice
1494 1655 1548 1686 des
1574 1655 1745 1695 antiquite's
1767 1659 1821 1688 etc.

173 1711 353 1748 composant
379 1708 407 1740 le
428 1709 530 1740 muse'e
551 1708 605 1740 des
626 1709 810 1740 souverains
826 1708 924 1740 Paris
940 1709 1024 1739 1866
1040 1719 1076 1747 p.
1094 1708 1134 1739 15
1157 1718 1220 1748 sqq.
1243 1709 1273 1738 et
1295 1717 1316 1739 a
1333 1706 1487 1746 Leopoldo
1503 1706 1621 1738 Delisle
1642 1707 1719 1738 editi
1738 1710 1822 1746 sunt,

174 1759 289 1791 iterum
304 1770 367 1800 pro
388 1770 436 1791 me
458 1760 634 1791 examinati
656 1770 678 1791 a
699 1759 862 1791 Molinier.

276 1811 324 1842 11.
347 1811 384 1843 in
405 1810 578 1843 enchiridio
599 1811 822 1850 precationum
843 1811 928 1851 quod
950 1811 1095 1842 Karolus
1121 1810 1237 1843 Calvus
1262 1810 1323 1842 sibi
1349 1810 1483 1850 conponi
1505 1810 1599 1842 iussit
1621 1810 1687 1842 iam
1701 1821 1824 1851 parens

172 1862 280 1902 factus
301 1865 330 1894 et
351 1862 422 1894 m‘va
446 1873 544 1894 uxore
571 1862 610 1904 (f.
631 1863 675 1894 21
697 1862 800 1895 libera
822 1873 889 1903 me,
918 1863 1171 1895 clementissima
1194 1863 1338 1902 trinitas,
1366 1873 1431 1894 una
1455 1873 1528 1893 cum
1552 1863 1688 1904 coniuge
1711 1866 1823 1894 nostra

173 1913 393 1946 Yrmendrudi
417 1925 455 1946 ac
477 1914 588 1946 liberis
611 1913 747 1957 nostris)
770 1914 791 1946 i.
808 1925 832 1946 e.
850 1918 924 1954 post
944 1916 1008 1945 846
1018 1915 1028 1934 ²
1051 1917 1080 1946 et
1101 1916 1175 1945 ante
1190 1915 1271 1952 862;
1293 1913 1387 1945 codex
1409 1916 1454 1944 est
1476 1924 1535 1954 req.
1552 1913 1633 1945 Bav.
1657 1914 1822 1945 thensauri

173 1964 216 1997 B.
240 1967 282 1996 63
303 1965 360 2006 (E.
387 1965 425 1997 de
447 1965 586 1997 Schauss
608 1965 737 2006 cataloq.
761 1966 890 1998 Monac.
915 1967 998 1997 1879
1019 1977 1054 2006 p.
1072 1967 1160 2007 134).
1209 1964 1275 2005 Gfr.
1303 1964 1496 1996 Gulielmum
1518 1965 1628 2006 Meyer
1650 1965 1742 1997 ueber
1764 1965 1823 1996 clas

177 2015 351 2049 Gebetbuch
373 2016 460 2048 Karl
487 2017 541 2048 des
562 2017 691 2049 Kahlen
719 2017 929 2058 Siteunqsber.
957 2018 987 2049 cl.
1017 2018 1045 2049 k.
1075 2017 1161 2058 bayr.
1185 2017 1290 2048 Alcad.
1319 2017 1349 2048 d.
1373 2016 1466 2048 Wiss.
1491 2015 1580 2047 1883
1602 2027 1639 2056 p.
1662 2018 1725 2048 424
1747 2027 1821 2056 sqq..

276 2068 344 2100 ΠΙ.
367 2069 403 2100 in
423 2067 527 2100 bibliis
548 2068 669 2100 Karolo
690 2067 783 2101 Calvo
805 2079 826 2100 a
843 2068 975 2101 Viviano
997 2068 1106 2100 abbate
1127 2068 1311 2100 monasterii
1332 2068 1463 2099 maioris
1485 2067 1564 2099 laico
1586 2070 1616 2099 et
1637 2068 1820 2099 monachis²

174 2118 286 2152 oblatis
306 2130 391 2152 anno
411 2120 442 2152 si
463 2123 548 2152 recta
570 2123 616 2152 est
637 2121 817 2153 coniectura
837 2121 910 2161 (cfr.
926 2121 1080 2153 Boehmer
1099 2131 1159 2160 req.
1175 2121 1273 2158 1616)
1289 2120 1352 2151 850
1369 2120 1445 2151 dum
1465 2119 1501 2150 in
1518 2118 1682 2150 Turonum
1697 2119 1822 2150 civitate

174 2173 333 2210 versatum
354 2171 412 2211 qui
432 2171 527 2203 codex
548 2182 634 2203 nunc
655 2174 701 2203 est
717 2171 890 2204 Parisinus
913 2171 1110 2203 bibliothecae
1132 2170 1306 2203 nationalis
1329 2170 1384 2203 lat.
1402 2173 1420 2201 1
1443 2170 1577 2211 (Delisle
1599 2169 1626 2202 le
1648 2170 1770 2201 cabinet
1791 2170 1821 2201 d.

175 2233 333 2255 manuscr.
349 2223 415 2261 HI,
430 2224 494 2254 234
509 2225 600 2263 sqq).
644 2223 778 2259 Alcuini
799 2223 972 2264 ercemplum
991 2223 1075 2263 quod
1095 2225 1125 2254 et
1150 2223 1251 2262 ipsum
1273 2233 1311 2253 ex
1327 2221 1504 2254 Turonensi
1518 2221 1684 2261 scriptorio
1699 2221 1823 2261 prodiit

175 2273 290 2316 (Ralm
304 2274 495 2314 psalterium
516 2285 650 2307 aureum
673 2275 875 2316 Sanyallense
893 2274 1033 2315 Sanyall.
1050 2276 1135 2306 1878
1150 2285 1186 2314 p.
1204 2276 1224 2305 7
1238 2275 1318 2314 sqq.)
1341 2274 1513 2313 exprimere
1534 2273 1658 2304 videtur
1672 2272 1823 2313 (Corssen

175 2326 263 2366 epist.
285 2325 330 2358 ad
354 2325 425 2358 Gal.
448 2325 556 2359 Berol.
575 2327 659 2358 1885
675 2337 711 2367 p.
729 2328 748 2358 9
770 2338 814 2367 sq.
839 2327 1036 2358 Ianitscheck
1058 2326 1278 2366 Strassburyer
1299 2325 1467 2366 Festqruss
1489 2324 1594 2356 Berol.
1612 2325 1696 2355 1885
1711 2335 1747 2364 p.
1763 2326 1822 2361 28)

174 2387 273 2418 neque
287 2379 393 2409 tamen
407 2379 473 2409 tam
486 2377 621 2418 fideliter
634 2389 730 2419 quam
743 2378 956 2410 Lmulinensis
970 2378 1047 2410 liber
1058 2377 1250 2409 Alcuiniani
1263 2387 1383 2408 merwm
1398 2376 1599 2418 apoyrasphon
1611 2376 1824 2417 (Ianitscheck

279 2479 306 2512 1)
323 2479 422 2506 Karou
441 2479 493 2512 filii
509 2479 656 2507 Ludmm'oo
676 2479 789 2506 minores
810 2479 919 2514 quando
936 2480 997 2506 nati
1017 2479 1085 2512 sint,
1111 2479 1247 2506 nescimus.
1334 2479 1360 2512 2)
1379 2478 1460 2505 Alius
1477 2478 1619 2505 monasteri
1636 2478 1743 2505 maum‘s
1760 2480 1823 2504 twnc

175 2530 318 2558 mor-adm
336 2530 415 2558 huia
431 2539 506 2558 manc
517 2531 674 2558 Modoetina
692 2532 813 2559 exaravit
831 2534 861 2558 ut
875 2531 987 2558 Gor-seen
1005 2532 1021 2558 l.
1033 2540 1054 2559 c.
1068 2540 1096 2565 p.
1108 2535 1139 2558 10
1150 2534 1215 2558 recte
1225 2531 1340 2558 coniecit.
1369 2530 1422 2565 Qui
1440 2530 1505 2557 idem
1517 2538 1606 2557 versus
1617 2530 1697 2557 rudes
1708 2529 1821 2563 rettulit,

175 2582 223 2616 qm·
240 2582 278 2609 ibi
294 2585 360 2610 stmt
376 2582 404 2608 in
423 2582 492 2616 fine.-

586 2617 642 2644 Ηοε
661 2617 775 2644 taudem
793 2617 926 2652 d(omini)
947 2617 1119 2652 oa(rax)avit
1138 2617 1252 2644 dextera.
1270 2617 1364 2648 libros,

586 2659 712 2694 Exiguus
730 2660 839 2688 Christo
858 2660 974 2687 devotus
994 2660 1114 2687 famulus
1133 2660 1206 2686 almo

587 2703 773 2739 Amal(ricu)s
791 2713 877 2731 ovans
895 2705 980 2738 atque
999 2704 1045 2730 hic
1063 2712 1113 2730 sua.
1131 2703 1190 2730 otia
1208 2703 1300 2737 fregit.

175 2762 198 2781 v.
216 2758 230 2781 1
246 2754 362 2788 numam·
379 2762 429 2788 ⁶9⁰,
448 2762 471 2781 v.
490 2757 508 2782 3
526 2754 637 2782 Gor-soen
654 2756 710 2782 coll.
732 2756 826 2782 Mam.
843 2756 938 2782 annal.
957 2756 1024 2782 Ben.
1044 2755 1086 2787 H,
1107 2758 1162 2782 746.

279 2803 382 2828 Pom-An
400 2810 483 2828 ιΑτικι
501 2810 560 2829 av!
579 2804 703 2830 Cmoum
722 2806 768 2830 111.
1583 2802 1614 2828 31
