<?xml version="1.0" encoding="UTF-8"?>
<!DOCTYPE html PUBLIC "-//W3C//DTD XHTML 1.0 Transitional//EN"
    "http://www.w3.org/TR/xhtml1/DTD/xhtml1-transitional.dtd">
<html xmlns="http://www.w3.org/1999/xhtml" xml:lang="en" lang="en">
 <head>
  <title>
</title>
<meta http-equiv="Content-Type" content="text/html;charset=utf-8" />
  <meta name='ocr-system' content='tesseract 3.04.00' />
  <meta name='ocr-capabilities' content='ocr_page ocr_carea ocr_par ocr_line ocrx_word'/>
</head>
<body>
  <div class='ocr_page' id='page_1' title='image "./monumentagerma03geseuoft/monumentagerma03geseuoft_0109.png"; bbox 0 0 2040 2996; ppageno 0'>
   <div class='ocr_carea' id='block_1_1' title="bbox 585 41 596 57">
    <p class='ocr_par' dir='ltr' id='par_1_1' title="bbox 585 41 596 57">
     <span class='ocr_line' id='line_1_1' title="bbox 585 41 596 57; baseline 0 0"><span class='ocrx_word' id='word_1_1' title='bbox 585 41 596 57; x_wconf 64' lang='grc' dir='ltr'>ἱ</span> 
     </span>
    </p>
   </div>
   <div class='ocr_carea' id='block_1_2' title="bbox 478 143 1799 180">
    <p class='ocr_par' dir='ltr' id='par_1_2' title="bbox 478 143 1799 180">
     <span class='ocr_line' id='line_1_2' title="bbox 478 143 1799 180; baseline 0.004 -10"><span class='ocrx_word' id='word_1_2' title='bbox 478 143 686 171; x_wconf 82' lang='lat' dir='ltr'>PASSIONUM</span> <span class='ocrx_word' id='word_1_3' title='bbox 704 143 758 171; x_wconf 90' lang='lat' dir='ltr'><strong>BB.</strong></span> <span class='ocrx_word' id='word_1_4' title='bbox 776 143 918 170; x_wconf 77' lang='lat' dir='ltr'>IULIANI</span> <span class='ocrx_word' id='word_1_5' title='bbox 936 143 984 170; x_wconf 83' lang='grc' dir='ltr'><strong>ΕΤ</strong></span> <span class='ocrx_word' id='word_1_6' title='bbox 1004 143 1188 171; x_wconf 87' lang='lat' dir='ltr'><strong>SOCIORUM</strong></span> <span class='ocrx_word' id='word_1_7' title='bbox 1203 145 1286 172; x_wconf 85' lang='lat' dir='ltr'>EIUS</span> <span class='ocrx_word' id='word_1_8' title='bbox 1305 146 1415 173; x_wconf 83' lang='lat' dir='ltr'>LIBER</span> <span class='ocrx_word' id='word_1_9' title='bbox 1433 147 1468 175; x_wconf 92' lang='grc' dir='ltr'><strong>ΙΙ.</strong></span> <span class='ocrx_word' id='word_1_10' title='bbox 1757 150 1799 180; x_wconf 88' lang='grc'><strong>93</strong></span> 
     </span>
    </p>
   </div>
   <div class='ocr_carea' id='block_1_3' title="bbox 146 229 1496 1936">
    <p class='ocr_par' dir='ltr' id='par_1_3' title="bbox 146 229 1496 1936">
     <span class='ocr_line' id='line_1_3' title="bbox 150 229 1411 273; baseline 0.005 -14"><span class='ocrx_word' id='word_1_11' title='bbox 150 238 174 260; x_wconf 89' lang='lat' dir='ltr'><strong>c.</strong></span> <span class='ocrx_word' id='word_1_12' title='bbox 192 238 243 260; x_wconf 83' lang='lat' dir='ltr'><strong>vn.</strong></span> <span class='ocrx_word' id='word_1_13' title='bbox 519 229 616 267; x_wconf 81' lang='lat' dir='ltr'><strong>‘Quid</strong></span> <span class='ocrx_word' id='word_1_14' title='bbox 638 229 774 273; x_wconf 87' lang='lat' dir='ltr'><strong>prodest</strong></span> <span class='ocrx_word' id='word_1_15' title='bbox 798 229 908 263; x_wconf 85' lang='lat' dir='ltr'><strong>coeco⁷</strong></span> <span class='ocrx_word' id='word_1_16' title='bbox 931 229 1077 262; x_wconf 86' lang='lat' dir='ltr'><strong>Iulianus</strong></span> <span class='ocrx_word' id='word_1_17' title='bbox 1101 231 1189 262; x_wconf 84' lang='lat' dir='ltr'><strong>‘solis</strong></span> <span class='ocrx_word' id='word_1_18' title='bbox 1213 231 1346 264; x_wconf 88' lang='lat' dir='ltr'><strong>obortus</strong></span> <span class='ocrx_word' id='word_1_19' title='bbox 1355 232 1379 264; x_wconf 83' lang='lat'><strong>?&#39;</strong></span> <span class='ocrx_word' id='word_1_20' title='bbox 1403 242 1411 250; x_wconf 78' lang='lat'><strong><em>¹</em></strong></span> 
     </span>
     <span class='ocr_line' id='line_1_4' title="bbox 433 282 1492 326; baseline 0.003 -12"><span class='ocrx_word' id='word_1_21' title='bbox 433 290 458 308; x_wconf 80' lang='lat'><strong>⁶⁵</strong></span> <span class='ocrx_word' id='word_1_22' title='bbox 515 282 670 316; x_wconf 79' lang='lat' dir='ltr'><strong>Praesul:</strong></span> <span class='ocrx_word' id='word_1_23' title='bbox 694 282 774 313; x_wconf 87' lang='lat' dir='ltr'><strong>‘Iam</strong></span> <span class='ocrx_word' id='word_1_24' title='bbox 798 292 937 324; x_wconf 77' lang='lat' dir='ltr'>parcens</span> <span class='ocrx_word' id='word_1_25' title='bbox 961 282 1071 314; x_wconf 84' lang='lat' dir='ltr'><strong>verbis</strong></span> <span class='ocrx_word' id='word_1_26' title='bbox 1095 283 1182 315; x_wconf 89' lang='lat' dir='ltr'><strong>hunc</strong></span> <span class='ocrx_word' id='word_1_27' title='bbox 1205 294 1341 326; x_wconf 76' lang='lat' dir='ltr'>surgere</span> <span class='ocrx_word' id='word_1_28' title='bbox 1365 285 1492 326; x_wconf 83' lang='lat' dir='ltr'><strong>manda,</strong></span> 
     </span>
     <span class='ocr_line' id='line_1_5' title="bbox 517 333 1408 378; baseline 0.004 -14"><span class='ocrx_word' id='word_1_29' title='bbox 517 333 563 365; x_wconf 88' lang='lat' dir='ltr'><strong>Ut</strong></span> <span class='ocrx_word' id='word_1_30' title='bbox 585 333 724 374; x_wconf 83' lang='lat' dir='ltr'><strong>videam,</strong></span> <span class='ocrx_word' id='word_1_31' title='bbox 748 333 855 376; x_wconf 87' lang='lat' dir='ltr'><strong>possis</strong></span> <span class='ocrx_word' id='word_1_32' title='bbox 879 334 907 365; x_wconf 91' lang='lat' dir='ltr'><strong>si</strong></span> <span class='ocrx_word' id='word_1_33' title='bbox 930 333 1007 375; x_wconf 89' lang='lat' dir='ltr'><strong>quid</strong></span> <span class='ocrx_word' id='word_1_34' title='bbox 1030 337 1206 377; x_wconf 81' lang='lat' dir='ltr'><strong>vesterque</strong></span> <span class='ocrx_word' id='word_1_35' title='bbox 1230 335 1408 378; x_wconf 86' lang='lat' dir='ltr'><strong>magister’.</strong></span> 
     </span>
     <span class='ocr_line' id='line_1_6' title="bbox 516 384 1435 430; baseline 0.004 -14"><span class='ocrx_word' id='word_1_36' title='bbox 516 385 600 417; x_wconf 82' lang='lat' dir='ltr'><strong>‘Non</strong></span> <span class='ocrx_word' id='word_1_37' title='bbox 623 395 680 417; x_wconf 84' lang='lat' dir='ltr'><strong>vos</strong></span> <span class='ocrx_word' id='word_1_38' title='bbox 703 395 778 417; x_wconf 89' lang='lat' dir='ltr'><strong>esse</strong></span> <span class='ocrx_word' id='word_1_39' title='bbox 801 384 943 427; x_wconf 85' lang='lat' dir='ltr'><strong>quidem’</strong></span> <span class='ocrx_word' id='word_1_40' title='bbox 966 385 1117 418; x_wconf 87' lang='lat' dir='ltr'><strong>Iulianus</strong></span> <span class='ocrx_word' id='word_1_41' title='bbox 1141 390 1287 420; x_wconf 86' lang='lat' dir='ltr'><strong>‘cernere</strong></span> <span class='ocrx_word' id='word_1_42' title='bbox 1311 388 1435 430; x_wconf 75' lang='lat' dir='ltr'><strong>dignos,</strong></span> 
     </span>
     <span class='ocr_line' id='line_1_7' title="bbox 515 436 1481 481; baseline 0.004 -13"><span class='ocrx_word' id='word_1_43' title='bbox 515 436 615 468; x_wconf 89' lang='lat' dir='ltr'><strong>Haud</strong></span> <span class='ocrx_word' id='word_1_44' title='bbox 637 436 782 477; x_wconf 83' lang='lat' dir='ltr'><strong>dubium,</strong></span> <span class='ocrx_word' id='word_1_45' title='bbox 805 436 927 469; x_wconf 89' lang='lat' dir='ltr'><strong>domini</strong></span> <span class='ocrx_word' id='word_1_46' title='bbox 950 438 1120 475; x_wconf 86' lang='lat' dir='ltr'><strong>virtutem;</strong></span> <span class='ocrx_word' id='word_1_47' title='bbox 1143 441 1293 481; x_wconf 83' lang='lat' dir='ltr'><strong>tempora</strong></span> <span class='ocrx_word' id='word_1_48' title='bbox 1316 440 1373 472; x_wconf 85' lang='lat' dir='ltr'><strong>sed</strong></span> <span class='ocrx_word' id='word_1_49' title='bbox 1397 451 1481 472; x_wconf 91' lang='lat' dir='ltr'><strong>nunc</strong></span> 
     </span>
     <span class='ocr_line' id='line_1_8' title="bbox 515 488 1320 532; baseline 0.002 -12"><span class='ocrx_word' id='word_1_50' title='bbox 515 488 654 529; x_wconf 81' lang='lat' dir='ltr'><strong>Instant,</strong></span> <span class='ocrx_word' id='word_1_51' title='bbox 677 491 713 520; x_wconf 91' lang='lat' dir='ltr'><strong>ut</strong></span> <span class='ocrx_word' id='word_1_52' title='bbox 735 489 824 530; x_wconf 88' lang='lat' dir='ltr'><strong>regis</strong></span> <span class='ocrx_word' id='word_1_53' title='bbox 847 489 952 521; x_wconf 80' lang='lat' dir='ltr'>nostri</span> <span class='ocrx_word' id='word_1_54' title='bbox 975 489 1149 521; x_wconf 82' lang='lat' dir='ltr'><strong>manifesta</strong></span> <span class='ocrx_word' id='word_1_55' title='bbox 1172 493 1320 532; x_wconf 81' lang='lat' dir='ltr'><strong>patescat</strong></span> 
     </span>
     <span class='ocr_line' id='line_1_9' title="bbox 433 540 1358 585; baseline 0.003 -13"><span class='ocrx_word' id='word_1_56' title='bbox 433 547 458 566; x_wconf 72' lang='lat'><strong>⁷⁰</strong></span> <span class='ocrx_word' id='word_1_57' title='bbox 515 540 637 582; x_wconf 82' lang='lat' dir='ltr'><strong>Gloria,</strong></span> <span class='ocrx_word' id='word_1_58' title='bbox 661 551 703 572; x_wconf 92' lang='lat' dir='ltr'><strong>ne</strong></span> <span class='ocrx_word' id='word_1_59' title='bbox 725 540 815 572; x_wconf 86' lang='lat' dir='ltr'><strong>dicas</strong></span> <span class='ocrx_word' id='word_1_60' title='bbox 840 540 1006 572; x_wconf 83' lang='lat' dir='ltr'><strong>Christum</strong></span> <span class='ocrx_word' id='word_1_61' title='bbox 1029 551 1095 572; x_wconf 92' lang='lat' dir='ltr'><strong>non</strong></span> <span class='ocrx_word' id='word_1_62' title='bbox 1118 542 1226 573; x_wconf 84' lang='lat' dir='ltr'><strong>omnia</strong></span> <span class='ocrx_word' id='word_1_63' title='bbox 1248 553 1358 585; x_wconf 89' lang='lat' dir='ltr'><strong>posse.</strong></span> 
     </span>
     <span class='ocr_line' id='line_1_10' title="bbox 514 592 1465 636; baseline 0.003 -12"><span class='ocrx_word' id='word_1_64' title='bbox 514 592 621 625; x_wconf 83' lang='lat' dir='ltr'><strong>Credo</strong></span> <span class='ocrx_word' id='word_1_65' title='bbox 645 592 812 635; x_wconf 82' lang='lat' dir='ltr'><strong>equidem:</strong></span> <span class='ocrx_word' id='word_1_66' title='bbox 836 593 999 635; x_wconf 76' lang='lat' dir='ltr'><strong>prestabit</strong></span> <span class='ocrx_word' id='word_1_67' title='bbox 1022 593 1109 624; x_wconf 90' lang='lat' dir='ltr'><strong>enim</strong></span> <span class='ocrx_word' id='word_1_68' title='bbox 1133 593 1336 635; x_wconf 86' lang='lat' dir='ltr'><strong>largissimus</strong></span> <span class='ocrx_word' id='word_1_69' title='bbox 1358 605 1465 636; x_wconf 84' lang='lat' dir='ltr'><strong>omne,</strong></span> 
     </span>
     <span class='ocr_line' id='line_1_11' title="bbox 515 644 1496 691; baseline 0.004 -14"><span class='ocrx_word' id='word_1_70' title='bbox 515 644 610 681; x_wconf 86' lang='lat' dir='ltr'><strong>Quod</strong></span> <span class='ocrx_word' id='word_1_71' title='bbox 633 648 724 678; x_wconf 90' lang='lat' dir='ltr'><strong>recte</strong></span> <span class='ocrx_word' id='word_1_72' title='bbox 745 646 898 688; x_wconf 61' lang='lat' dir='ltr'><strong>petimus3</strong></span> <span class='ocrx_word' id='word_1_73' title='bbox 921 646 1147 689; x_wconf 89' lang='lat' dir='ltr'><strong>promissaque</strong></span> <span class='ocrx_word' id='word_1_74' title='bbox 1171 657 1307 679; x_wconf 90' lang='lat' dir='ltr'><strong>munera</strong></span> <span class='ocrx_word' id='word_1_75' title='bbox 1330 650 1496 691; x_wconf 87' lang='lat' dir='ltr'><strong>complens</strong></span> 
     </span>
     <span class='ocr_line' id='line_1_12' title="bbox 514 697 1336 732; baseline 0.002 -3"><span class='ocrx_word' id='word_1_76' title='bbox 514 697 589 729; x_wconf 83' lang='lat' dir='ltr'><strong>Non</strong></span> <span class='ocrx_word' id='word_1_77' title='bbox 612 708 665 729; x_wconf 88' lang='lat' dir='ltr'><strong>me</strong></span> <span class='ocrx_word' id='word_1_78' title='bbox 689 697 852 729; x_wconf 76' lang='lat' dir='ltr'><strong>fraudabit</strong></span> <span class='ocrx_word' id='word_1_79' title='bbox 874 697 1028 730; x_wconf 87' lang='lat' dir='ltr'><strong>defuncto</strong></span> <span class='ocrx_word' id='word_1_80' title='bbox 1051 697 1190 730; x_wconf 84' lang='lat' dir='ltr'><strong>reddere</strong></span> <span class='ocrx_word' id='word_1_81' title='bbox 1215 699 1336 732; x_wconf 84' lang='lat' dir='ltr'><strong>vitam&#39;.</strong></span> 
     </span>
     <span class='ocr_line' id='line_1_13' title="bbox 514 750 1316 784; baseline 0.002 -2"><span class='ocrx_word' id='word_1_82' title='bbox 514 750 594 782; x_wconf 88' lang='lat' dir='ltr'><strong>Post</strong></span> <span class='ocrx_word' id='word_1_83' title='bbox 617 751 731 782; x_wconf 86' lang='lat' dir='ltr'><strong>oculos</strong></span> <span class='ocrx_word' id='word_1_84' title='bbox 755 751 848 782; x_wconf 88' lang='lat' dir='ltr'><strong>caelo</strong></span> <span class='ocrx_word' id='word_1_85' title='bbox 873 750 988 783; x_wconf 82' lang='lat' dir='ltr'><strong>defixit</strong></span> <span class='ocrx_word' id='word_1_86' title='bbox 1012 754 1158 783; x_wconf 84' lang='lat' dir='ltr'><strong>sanctus:</strong></span> <span class='ocrx_word' id='word_1_87' title='bbox 1183 755 1216 783; x_wconf 90' lang='lat' dir='ltr'><strong>et</strong></span> <span class='ocrx_word' id='word_1_88' title='bbox 1239 762 1316 784; x_wconf 88' lang='lat' dir='ltr'><strong>ecce</strong></span> 
     </span>
     <span class='ocr_line' id='line_1_14' title="bbox 432 801 1305 845; baseline 0.001 -11"><span class='ocrx_word' id='word_1_89' title='bbox 432 809 458 828; x_wconf 81' lang='lat'><strong>⁷⁵</strong></span> <span class='ocrx_word' id='word_1_90' title='bbox 515 801 627 834; x_wconf 89' lang='lat' dir='ltr'><strong>Horae</strong></span> <span class='ocrx_word' id='word_1_91' title='bbox 650 812 710 845; x_wconf 90' lang='lat' dir='ltr'><strong>per</strong></span> <span class='ocrx_word' id='word_1_92' title='bbox 732 802 878 845; x_wconf 82' lang='lat' dir='ltr'><strong>spacium</strong></span> <span class='ocrx_word' id='word_1_93' title='bbox 901 803 997 834; x_wconf 86' lang='lat' dir='ltr'><strong>niveo</strong></span> <span class='ocrx_word' id='word_1_94' title='bbox 1021 802 1226 845; x_wconf 83' lang='lat' dir='ltr'><strong>resplenduit</strong></span> <span class='ocrx_word' id='word_1_95' title='bbox 1249 814 1305 835; x_wconf 92' lang='lat' dir='ltr'><strong>ore</strong></span> 
     </span>
     <span class='ocr_line' id='line_1_15' title="bbox 514 853 1385 897; baseline 0 -11"><span class='ocrx_word' id='word_1_96' title='bbox 514 853 558 886; x_wconf 88' lang='lat' dir='ltr'><strong>Et</strong></span> <span class='ocrx_word' id='word_1_97' title='bbox 581 864 690 886; x_wconf 87' lang='lat' dir='ltr'><strong>coram</strong></span> <span class='ocrx_word' id='word_1_98' title='bbox 713 853 830 896; x_wconf 84' lang='lat' dir='ltr'><strong>positis</strong></span> <span class='ocrx_word' id='word_1_99' title='bbox 853 854 1004 897; x_wconf 79' lang='lat' dir='ltr'><strong>precibus</strong></span> <span class='ocrx_word' id='word_1_100' title='bbox 1027 854 1078 886; x_wconf 90' lang='lat' dir='ltr'><strong>his</strong></span> <span class='ocrx_word' id='word_1_101' title='bbox 1101 855 1237 886; x_wconf 80' lang='lat' dir='ltr'><strong>aethera</strong></span> <span class='ocrx_word' id='word_1_102' title='bbox 1260 855 1385 897; x_wconf 85' lang='lat' dir='ltr'><strong>pulsat:</strong></span> 
     </span>
     <span class='ocr_line' id='line_1_16' title="bbox 148 904 1306 947; baseline 0.001 -11"><span class='ocrx_word' id='word_1_103' title='bbox 148 909 173 932; x_wconf 80' lang='lat'><strong>0-</strong></span> <span class='ocrx_word' id='word_1_104' title='bbox 188 909 250 931; x_wconf 89' lang='lat' dir='ltr'><strong>vu1.</strong></span> <span class='ocrx_word' id='word_1_105' title='bbox 310 920 313 923; x_wconf 43' lang='lat' dir='ltr'>v</span> <span class='ocrx_word' id='word_1_106' title='bbox 514 905 554 937; x_wconf 75' lang='lat' dir='ltr'><strong>‘O</strong></span> <span class='ocrx_word' id='word_1_107' title='bbox 579 905 671 945; x_wconf 73' lang='lat' dir='ltr'><strong>deus,</strong></span> <span class='ocrx_word' id='word_1_108' title='bbox 694 904 822 937; x_wconf 88' lang='lat' dir='ltr'><strong>aeterni</strong></span> <span class='ocrx_word' id='word_1_109' title='bbox 844 905 1003 947; x_wconf 83' lang='lat' dir='ltr'><strong>genitoris</strong></span> <span class='ocrx_word' id='word_1_110' title='bbox 1026 906 1140 947; x_wconf 77' lang='lat' dir='ltr'><strong>gloria,</strong></span> <span class='ocrx_word' id='word_1_111' title='bbox 1165 905 1306 946; x_wconf 88' lang='lat' dir='ltr'><strong>Christe,</strong></span> 
     </span>
     <span class='ocr_line' id='line_1_17' title="bbox 512 956 1269 1000; baseline 0 -11"><span class='ocrx_word' id='word_1_112' title='bbox 512 957 671 999; x_wconf 85' lang='lat' dir='ltr'><strong>Aequalis</strong></span> <span class='ocrx_word' id='word_1_113' title='bbox 695 956 780 999; x_wconf 86' lang='lat' dir='ltr'><strong>patri</strong></span> <span class='ocrx_word' id='word_1_114' title='bbox 803 956 891 996; x_wconf 90' lang='lat' dir='ltr'><strong>Iesu,</strong></span> <span class='ocrx_word' id='word_1_115' title='bbox 915 957 987 989; x_wconf 86' lang='lat' dir='ltr'><strong>sine</strong></span> <span class='ocrx_word' id='word_1_116' title='bbox 1010 960 1158 1000; x_wconf 87' lang='lat' dir='ltr'><strong>tempore</strong></span> <span class='ocrx_word' id='word_1_117' title='bbox 1182 961 1269 997; x_wconf 84' lang='lat' dir='ltr'><strong>nate,</strong></span> 
     </span>
     <span class='ocr_line' id='line_1_18' title="bbox 513 1008 1467 1053; baseline 0.003 -13"><span class='ocrx_word' id='word_1_118' title='bbox 513 1008 619 1046; x_wconf 88' lang='lat' dir='ltr'><strong>Quem</strong></span> <span class='ocrx_word' id='word_1_119' title='bbox 641 1009 767 1052; x_wconf 82' lang='lat' dir='ltr'><strong>placuit</strong></span> <span class='ocrx_word' id='word_1_120' title='bbox 790 1008 954 1040; x_wconf 88' lang='lat' dir='ltr'><strong>hominem</strong></span> <span class='ocrx_word' id='word_1_121' title='bbox 976 1009 1066 1041; x_wconf 90' lang='lat' dir='ltr'><strong>nasci</strong></span> <span class='ocrx_word' id='word_1_122' title='bbox 1090 1013 1166 1052; x_wconf 89' lang='lat' dir='ltr'><strong>post</strong></span> <span class='ocrx_word' id='word_1_123' title='bbox 1188 1013 1335 1053; x_wconf 87' lang='lat' dir='ltr'><strong>tempora</strong></span> <span class='ocrx_word' id='word_1_124' title='bbox 1358 1011 1467 1052; x_wconf 75' lang='lat' dir='ltr'><strong>longa,</strong></span> 
     </span>
     <span class='ocr_line' id='line_1_19' title="bbox 434 1059 1484 1105; baseline 0.002 -13"><span class='ocrx_word' id='word_1_125' title='bbox 434 1068 459 1087; x_wconf 80' lang='lat'><strong>⁸⁰</strong></span> <span class='ocrx_word' id='word_1_126' title='bbox 517 1059 623 1097; x_wconf 87' lang='lat' dir='ltr'><strong>Quem</strong></span> <span class='ocrx_word' id='word_1_127' title='bbox 647 1071 812 1103; x_wconf 87' lang='lat' dir='ltr'><strong>pregnans</strong></span> <span class='ocrx_word' id='word_1_128' title='bbox 835 1061 951 1102; x_wconf 88' lang='lat' dir='ltr'><strong>genuit</strong></span> <span class='ocrx_word' id='word_1_129' title='bbox 973 1061 1114 1093; x_wconf 88' lang='lat' dir='ltr'><strong>hominis</strong></span> <span class='ocrx_word' id='word_1_130' title='bbox 1139 1062 1210 1093; x_wconf 90' lang='lat' dir='ltr'><strong>sine</strong></span> <span class='ocrx_word' id='word_1_131' title='bbox 1235 1063 1358 1094; x_wconf 90' lang='lat' dir='ltr'><strong>semine</strong></span> <span class='ocrx_word' id='word_1_132' title='bbox 1382 1063 1484 1105; x_wconf 86' lang='lat' dir='ltr'><strong>virgo,</strong></span> 
     </span>
     <span class='ocr_line' id='line_1_20' title="bbox 512 1112 1444 1157; baseline 0.002 -13"><span class='ocrx_word' id='word_1_133' title='bbox 512 1112 566 1144; x_wconf 76' lang='lat' dir='ltr'><strong>Me</strong></span> <span class='ocrx_word' id='word_1_134' title='bbox 588 1123 675 1144; x_wconf 90' lang='lat' dir='ltr'><strong>nunc</strong></span> <span class='ocrx_word' id='word_1_135' title='bbox 699 1112 903 1157; x_wconf 77' lang='lat' dir='ltr'><strong>desuperis,</strong></span> <span class='ocrx_word' id='word_1_136' title='bbox 928 1122 1040 1154; x_wconf 86' lang='lat' dir='ltr'><strong>regum</strong></span> <span class='ocrx_word' id='word_1_137' title='bbox 1063 1123 1133 1151; x_wconf 74' lang='lat' dir='ltr'><strong>rex,</strong></span> <span class='ocrx_word' id='word_1_138' title='bbox 1158 1114 1279 1156; x_wconf 82' lang='lat' dir='ltr'><strong>aspice,</strong></span> <span class='ocrx_word' id='word_1_139' title='bbox 1304 1114 1444 1154; x_wconf 81' lang='lat' dir='ltr'><strong>Christe,</strong></span> 
     </span>
     <span class='ocr_line' id='line_1_21' title="bbox 514 1165 1412 1210; baseline 0.001 -12"><span class='ocrx_word' id='word_1_140' title='bbox 514 1165 777 1208; x_wconf 86' lang='lat' dir='ltr'><strong>Credentumque</strong></span> <span class='ocrx_word' id='word_1_141' title='bbox 799 1165 896 1197; x_wconf 86' lang='lat' dir='ltr'><strong>fidem</strong></span> <span class='ocrx_word' id='word_1_142' title='bbox 920 1166 1080 1198; x_wconf 86' lang='lat' dir='ltr'><strong>roborans</strong></span> <span class='ocrx_word' id='word_1_143' title='bbox 1105 1167 1248 1199; x_wconf 81' lang='lat' dir='ltr'><strong>concede</strong></span> <span class='ocrx_word' id='word_1_144' title='bbox 1273 1168 1412 1210; x_wconf 84' lang='lat' dir='ltr'><strong>roganti,</strong></span> 
     </span>
     <span class='ocr_line' id='line_1_22' title="bbox 512 1216 1341 1259; baseline 0.004 -11"><span class='ocrx_word' id='word_1_145' title='bbox 512 1217 577 1254; x_wconf 82' lang='lat' dir='ltr'><strong>Qui</strong></span> <span class='ocrx_word' id='word_1_146' title='bbox 599 1217 695 1249; x_wconf 89' lang='lat' dir='ltr'><strong>terris</strong></span> <span class='ocrx_word' id='word_1_147' title='bbox 717 1217 844 1259; x_wconf 86' lang='lat' dir='ltr'><strong>positus</strong></span> <span class='ocrx_word' id='word_1_148' title='bbox 867 1216 1017 1249; x_wconf 84' lang='lat' dir='ltr'><strong>homines</strong></span> <span class='ocrx_word' id='word_1_149' title='bbox 1042 1228 1062 1248; x_wconf 83' lang='lat' dir='ltr'><strong>a</strong></span> <span class='ocrx_word' id='word_1_150' title='bbox 1084 1222 1188 1250; x_wconf 88' lang='lat' dir='ltr'><strong>morte</strong></span> <span class='ocrx_word' id='word_1_151' title='bbox 1212 1219 1341 1258; x_wconf 77' lang='lat' dir='ltr'><strong>levasti,</strong></span> 
     </span>
     <span class='ocr_line' id='line_1_23' title="bbox 512 1268 1392 1312; baseline 0.002 -12"><span class='ocrx_word' id='word_1_152' title='bbox 512 1269 564 1301; x_wconf 89' lang='lat' dir='ltr'><strong>De</strong></span> <span class='ocrx_word' id='word_1_153' title='bbox 588 1269 688 1301; x_wconf 84' lang='lat' dir='ltr'><strong>caelis</strong></span> <span class='ocrx_word' id='word_1_154' title='bbox 711 1268 817 1307; x_wconf 80' lang='lat' dir='ltr'><strong>modo,</strong></span> <span class='ocrx_word' id='word_1_155' title='bbox 841 1268 989 1301; x_wconf 84' lang='lat' dir='ltr'><strong>viventes</strong></span> <span class='ocrx_word' id='word_1_156' title='bbox 1013 1279 1054 1301; x_wconf 90' lang='lat' dir='ltr'><strong>ne</strong></span> <span class='ocrx_word' id='word_1_157' title='bbox 1078 1273 1183 1302; x_wconf 90' lang='lat' dir='ltr'><strong>morte</strong></span> <span class='ocrx_word' id='word_1_158' title='bbox 1207 1274 1392 1312; x_wconf 86' lang='lat' dir='ltr'><strong>graventur,</strong></span> 
     </span>
     <span class='ocr_line' id='line_1_24' title="bbox 429 1320 1341 1364; baseline 0.003 -12"><span class='ocrx_word' id='word_1_159' title='bbox 429 1329 455 1347; x_wconf 78' lang='lat'><strong>⁸⁵</strong></span> <span class='ocrx_word' id='word_1_160' title='bbox 511 1320 557 1353; x_wconf 90' lang='lat' dir='ltr'><strong>Ut</strong></span> <span class='ocrx_word' id='word_1_161' title='bbox 579 1320 695 1352; x_wconf 86' lang='lat' dir='ltr'><strong>iubeas</strong></span> <span class='ocrx_word' id='word_1_162' title='bbox 717 1321 814 1352; x_wconf 89' lang='lat' dir='ltr'><strong>istum</strong></span> <span class='ocrx_word' id='word_1_163' title='bbox 838 1320 1027 1353; x_wconf 74' lang='lat' dir='ltr'><strong>defnmctum</strong></span> <span class='ocrx_word' id='word_1_164' title='bbox 1051 1332 1187 1364; x_wconf 81' lang='lat' dir='ltr'><strong>surgere</strong></span> <span class='ocrx_word' id='word_1_165' title='bbox 1211 1321 1341 1355; x_wconf 73' lang='lat' dir='ltr'><strong>vivum&#39;.</strong></span> 
     </span>
     <span class='ocr_line' id='line_1_25' title="bbox 511 1372 1298 1415; baseline 0.003 -11"><span class='ocrx_word' id='word_1_166' title='bbox 511 1373 605 1405; x_wconf 86' lang='lat' dir='ltr'><strong>Haec</strong></span> <span class='ocrx_word' id='word_1_167' title='bbox 629 1372 741 1405; x_wconf 86' lang='lat' dir='ltr'><strong>dicens</strong></span> <span class='ocrx_word' id='word_1_168' title='bbox 765 1383 884 1415; x_wconf 88' lang='lat' dir='ltr'><strong>corpus</strong></span> <span class='ocrx_word' id='word_1_169' title='bbox 907 1373 994 1405; x_wconf 87' lang='lat' dir='ltr'><strong>claro</strong></span> <span class='ocrx_word' id='word_1_170' title='bbox 1018 1373 1063 1405; x_wconf 91' lang='lat' dir='ltr'><strong>sic</strong></span> <span class='ocrx_word' id='word_1_171' title='bbox 1088 1377 1204 1406; x_wconf 84' lang='lat' dir='ltr'><strong>evocat</strong></span> <span class='ocrx_word' id='word_1_172' title='bbox 1227 1385 1298 1406; x_wconf 87' lang='lat' dir='ltr'><strong>ore:</strong></span> 
     </span>
     <span class='ocr_line' id='line_1_26' title="bbox 146 1424 1327 1465; baseline 0.001 -8"><span class='ocrx_word' id='word_1_173' title='bbox 146 1435 260 1459; x_wconf 87' lang='lat' dir='ltr'><strong>c.vm1.</strong></span> <span class='ocrx_word' id='word_1_174' title='bbox 512 1424 626 1457; x_wconf 82' lang='lat' dir='ltr'><strong>‘Arida</strong></span> <span class='ocrx_word' id='word_1_175' title='bbox 648 1428 747 1464; x_wconf 84' lang='lat' dir='ltr'><strong>terra,</strong></span> <span class='ocrx_word' id='word_1_176' title='bbox 770 1424 832 1457; x_wconf 90' lang='lat' dir='ltr'><strong>tibi</strong></span> <span class='ocrx_word' id='word_1_177' title='bbox 855 1424 896 1456; x_wconf 89' lang='lat' dir='ltr'><strong>de</strong></span> <span class='ocrx_word' id='word_1_178' title='bbox 919 1426 1052 1457; x_wconf 88' lang='lat' dir='ltr'><strong>nomine</strong></span> <span class='ocrx_word' id='word_1_179' title='bbox 1075 1425 1150 1458; x_wconf 91' lang='lat' dir='ltr'><strong>dico</strong></span> <span class='ocrx_word' id='word_1_180' title='bbox 1174 1427 1327 1465; x_wconf 84' lang='lat' dir='ltr'><strong>tonantis,</strong></span> 
     </span>
     <span class='ocr_line' id='line_1_27' title="bbox 511 1476 1195 1519; baseline 0.001 -11"><span class='ocrx_word' id='word_1_181' title='bbox 511 1476 653 1519; x_wconf 88' lang='lat' dir='ltr'><strong>Imperio</strong></span> <span class='ocrx_word' id='word_1_182' title='bbox 677 1476 769 1508; x_wconf 87' lang='lat' dir='ltr'><strong>cuius</strong></span> <span class='ocrx_word' id='word_1_183' title='bbox 793 1477 935 1508; x_wconf 85' lang='lat' dir='ltr'><strong>surrexit</strong></span> <span class='ocrx_word' id='word_1_184' title='bbox 958 1477 1195 1519; x_wconf 84' lang='lat' dir='ltr'><strong>quatriduanus</strong></span> 
     </span>
     <span class='ocr_line' id='line_1_28' title="bbox 509 1529 1323 1572; baseline 0.002 -12"><span class='ocrx_word' id='word_1_185' title='bbox 509 1529 665 1566; x_wconf 83' lang='lat' dir='ltr'><strong>Lazarus,</strong></span> <span class='ocrx_word' id='word_1_186' title='bbox 689 1529 792 1571; x_wconf 93' lang='lat' dir='ltr'><strong>ipsius</strong></span> <span class='ocrx_word' id='word_1_187' title='bbox 814 1529 949 1561; x_wconf 80' lang='lat' dir='ltr'><strong>“vivens</strong></span> <span class='ocrx_word' id='word_1_188' title='bbox 972 1540 992 1561; x_wconf 88' lang='lat' dir='ltr'><strong>a</strong></span> <span class='ocrx_word' id='word_1_189' title='bbox 1014 1533 1120 1561; x_wconf 91' lang='lat' dir='ltr'><strong>morte</strong></span> <span class='ocrx_word' id='word_1_190' title='bbox 1144 1529 1323 1572; x_wconf 79' lang='lat' dir='ltr'><strong>resurgc”&#39;.</strong></span> 
     </span>
     <span class='ocr_line' id='line_1_29' title="bbox 429 1580 1266 1626; baseline 0.004 -14"><span class='ocrx_word' id='word_1_191' title='bbox 429 1588 456 1607; x_wconf 74' lang='lat'><strong>⁹⁰</strong></span> <span class='ocrx_word' id='word_1_192' title='bbox 513 1580 586 1618; x_wconf 90' lang='lat' dir='ltr'><strong>Quo</strong></span> <span class='ocrx_word' id='word_1_193' title='bbox 610 1581 696 1613; x_wconf 90' lang='lat' dir='ltr'><strong>dicto</strong></span> <span class='ocrx_word' id='word_1_194' title='bbox 719 1581 824 1624; x_wconf 84' lang='lat' dir='ltr'><strong>surgit</strong></span> <span class='ocrx_word' id='word_1_195' title='bbox 846 1582 939 1614; x_wconf 84' lang='lat' dir='ltr'><strong>vivus</strong></span> <span class='ocrx_word' id='word_1_196' title='bbox 962 1583 1083 1614; x_wconf 87' lang='lat' dir='ltr'><strong>virtute</strong></span> <span class='ocrx_word' id='word_1_197' title='bbox 1107 1583 1266 1626; x_wconf 81' lang='lat' dir='ltr'><strong>magistri,</strong></span> 
     </span>
     <span class='ocr_line' id='line_1_30' title="bbox 510 1633 1355 1676; baseline 0.002 -11"><span class='ocrx_word' id='word_1_198' title='bbox 510 1633 663 1665; x_wconf 84' lang='lat' dir='ltr'><strong>Protinus</strong></span> <span class='ocrx_word' id='word_1_199' title='bbox 686 1636 721 1665; x_wconf 87' lang='lat' dir='ltr'><strong>et</strong></span> <span class='ocrx_word' id='word_1_200' title='bbox 743 1643 862 1676; x_wconf 86' lang='lat' dir='ltr'><strong>magna</strong></span> <span class='ocrx_word' id='word_1_201' title='bbox 885 1634 995 1676; x_wconf 81' lang='lat' dir='ltr'><strong>coepit</strong></span> <span class='ocrx_word' id='word_1_202' title='bbox 1018 1634 1100 1666; x_wconf 87' lang='lat' dir='ltr'><strong>haec</strong></span> <span class='ocrx_word' id='word_1_203' title='bbox 1123 1634 1233 1667; x_wconf 82' lang='lat' dir='ltr'><strong>dicere</strong></span> <span class='ocrx_word' id='word_1_204' title='bbox 1256 1645 1355 1668; x_wconf 83' lang='lat' dir='ltr'><strong>voce:</strong></span> 
     </span>
     <span class='ocr_line' id='line_1_31' title="bbox 510 1684 1351 1729; baseline 0.002 -12"><span class='ocrx_word' id='word_1_205' title='bbox 510 1685 550 1717; x_wconf 91' lang='lat' dir='ltr'><strong>‘O</strong></span> <span class='ocrx_word' id='word_1_206' title='bbox 573 1695 671 1727; x_wconf 87' lang='lat' dir='ltr'><strong>quam</strong></span> <span class='ocrx_word' id='word_1_207' title='bbox 694 1684 794 1728; x_wconf 79' lang='lat' dir='ltr'><strong>digna</strong></span> <span class='ocrx_word' id='word_1_208' title='bbox 816 1685 878 1717; x_wconf 88' lang='lat' dir='ltr'><strong>deo</strong></span> <span class='ocrx_word' id='word_1_209' title='bbox 902 1685 1022 1717; x_wconf 90' lang='lat' dir='ltr'><strong>Iuliani</strong></span> <span class='ocrx_word' id='word_1_210' title='bbox 1046 1686 1146 1718; x_wconf 87' lang='lat' dir='ltr'><strong>verba</strong></span> <span class='ocrx_word' id='word_1_211' title='bbox 1170 1687 1351 1729; x_wconf 81' lang='lat' dir='ltr'><strong>precantis:</strong></span> 
     </span>
     <span class='ocr_line' id='line_1_32' title="bbox 509 1736 1332 1779; baseline 0.002 -10"><span class='ocrx_word' id='word_1_212' title='bbox 509 1736 538 1769; x_wconf 95' lang='lat' dir='ltr'>O</span> <span class='ocrx_word' id='word_1_213' title='bbox 561 1747 658 1779; x_wconf 82' lang='lat' dir='ltr'><strong>quam</strong></span> <span class='ocrx_word' id='word_1_214' title='bbox 681 1737 848 1779; x_wconf 83' lang='lat' dir='ltr'><strong>virgineae</strong></span> <span class='ocrx_word' id='word_1_215' title='bbox 872 1737 969 1769; x_wconf 83' lang='lat' dir='ltr'><strong>facile</strong></span> <span class='ocrx_word' id='word_1_216' title='bbox 993 1737 1216 1770; x_wconf 82' lang='lat' dir='ltr'><strong>conscendere</strong></span> <span class='ocrx_word' id='word_1_217' title='bbox 1240 1739 1332 1771; x_wconf 85' lang='lat' dir='ltr'><strong>caelo</strong></span> 
     </span>
     <span class='ocr_line' id='line_1_33' title="bbox 508 1788 1380 1833; baseline 0.002 -13"><span class='ocrx_word' id='word_1_218' title='bbox 508 1788 691 1831; x_wconf 84' lang='lat' dir='ltr'><strong>Audirique</strong></span> <span class='ocrx_word' id='word_1_219' title='bbox 714 1788 825 1820; x_wconf 88' lang='lat' dir='ltr'><strong>valent</strong></span> <span class='ocrx_word' id='word_1_220' title='bbox 847 1792 959 1821; x_wconf 84' lang='lat' dir='ltr'><strong>castae</strong></span> <span class='ocrx_word' id='word_1_221' title='bbox 985 1800 1085 1833; x_wconf 91' lang='lat' dir='ltr'><strong>super</strong></span> <span class='ocrx_word' id='word_1_222' title='bbox 1107 1789 1244 1822; x_wconf 83' lang='lat' dir='ltr'><strong>aethera</strong></span> <span class='ocrx_word' id='word_1_223' title='bbox 1267 1801 1380 1828; x_wconf 87' lang='lat' dir='ltr'><strong>voces;</strong></span> 
     </span>
     <span class='ocr_line' id='line_1_34' title="bbox 427 1840 1258 1884; baseline 0.004 -13"><span class='ocrx_word' id='word_1_224' title='bbox 427 1847 452 1867; x_wconf 73' lang='lat'><strong>⁹⁵</strong></span> <span class='ocrx_word' id='word_1_225' title='bbox 511 1840 540 1872; x_wconf 94' lang='grc' dir='ltr'>Ο</span> <span class='ocrx_word' id='word_1_226' title='bbox 564 1841 694 1883; x_wconf 87' lang='lat' dir='ltr'><strong>quantis</strong></span> <span class='ocrx_word' id='word_1_227' title='bbox 716 1840 843 1873; x_wconf 89' lang='lat' dir='ltr'><strong>meritis</strong></span> <span class='ocrx_word' id='word_1_228' title='bbox 866 1840 985 1873; x_wconf 86' lang='lat' dir='ltr'><strong>Iuliani</strong></span> <span class='ocrx_word' id='word_1_229' title='bbox 1008 1842 1075 1873; x_wconf 85' lang='lat' dir='ltr'><strong>vita</strong></span> <span class='ocrx_word' id='word_1_230' title='bbox 1099 1842 1258 1884; x_wconf 81' lang='lat' dir='ltr'><strong>refulget:</strong></span> 
     </span>
     <span class='ocr_line' id='line_1_35' title="bbox 509 1892 1281 1936; baseline 0.003 -12"><span class='ocrx_word' id='word_1_231' title='bbox 509 1892 539 1925; x_wconf 91' lang='grc' dir='ltr'>Ο</span> <span class='ocrx_word' id='word_1_232' title='bbox 562 1893 710 1933; x_wconf 89' lang='lat' dir='ltr'><strong>multum,</strong></span> <span class='ocrx_word' id='word_1_233' title='bbox 733 1892 873 1933; x_wconf 87' lang='lat' dir='ltr'><strong>Iuliane,</strong></span> <span class='ocrx_word' id='word_1_234' title='bbox 897 1893 972 1936; x_wconf 89' lang='lat' dir='ltr'><strong>polo</strong></span> <span class='ocrx_word' id='word_1_235' title='bbox 996 1897 1148 1936; x_wconf 89' lang='lat' dir='ltr'><strong>terraque</strong></span> <span class='ocrx_word' id='word_1_236' title='bbox 1172 1894 1281 1934; x_wconf 84' lang='lat' dir='ltr'><strong>beate,</strong></span> 
     </span>
    </p>
   </div>
   <div class='ocr_carea' id='block_1_4' title="bbox 144 1979 1795 2531">
    <p class='ocr_par' dir='ltr' id='par_1_4' title="bbox 144 1979 1795 2531">
     <span class='ocr_line' id='line_1_36' title="bbox 144 1979 1795 2017; baseline 0.002 -10"><span class='ocrx_word' id='word_1_237' title='bbox 144 1980 283 2007; x_wconf 73' lang='lat' dir='ltr'><strong>oxorimr‘e&#39;</strong></span> <span class='ocrx_word' id='word_1_238' title='bbox 318 1980 461 2006; x_wconf 71' lang='lat' dir='ltr'><strong>Martianus</strong></span> <span class='ocrx_word' id='word_1_239' title='bbox 479 1987 581 2014; x_wconf 72' lang='lat' dir='ltr'><strong>praeses</strong></span> <span class='ocrx_word' id='word_1_240' title='bbox 597 1979 674 2005; x_wconf 76' lang='lat' dir='ltr'><strong>dixit:</strong></span> <span class='ocrx_word' id='word_1_241' title='bbox 699 1979 758 2005; x_wconf 75' lang='lat' dir='ltr'><strong>&#39;Hic</strong></span> <span class='ocrx_word' id='word_1_242' title='bbox 774 1988 844 2005; x_wconf 86' lang='lat' dir='ltr'><strong>nunc</strong></span> <span class='ocrx_word' id='word_1_243' title='bbox 863 1988 937 2013; x_wconf 78' lang='lat' dir='ltr'><strong>parce</strong></span> <span class='ocrx_word' id='word_1_244' title='bbox 956 1981 1050 2006; x_wconf 76' lang='lat' dir='ltr'><strong>fabulis</strong></span> <span class='ocrx_word' id='word_1_245' title='bbox 1067 1985 1104 2013; x_wconf 80' lang='lat' dir='ltr'><strong>st,</strong></span> <span class='ocrx_word' id='word_1_246' title='bbox 1129 1981 1150 2006; x_wconf 84' lang='lat' dir='ltr'><strong>si</strong></span> <span class='ocrx_word' id='word_1_247' title='bbox 1172 1981 1270 2014; x_wconf 80' lang='lat' dir='ltr'><strong>aliquid</strong></span> <span class='ocrx_word' id='word_1_248' title='bbox 1289 1982 1421 2015; x_wconf 80' lang='lat' dir='ltr'><strong>praevales</strong></span> <span class='ocrx_word' id='word_1_249' title='bbox 1438 1987 1484 2009; x_wconf 83' lang='lat' dir='ltr'><strong>aut</strong></span> <span class='ocrx_word' id='word_1_250' title='bbox 1501 1984 1564 2010; x_wconf 89' lang='lat' dir='ltr'><strong>deus</strong></span> <span class='ocrx_word' id='word_1_251' title='bbox 1581 1989 1649 2017; x_wconf 81' lang='lat' dir='ltr'><strong>tuus,</strong></span> <span class='ocrx_word' id='word_1_252' title='bbox 1670 1985 1747 2017; x_wconf 86' lang='lat' dir='ltr'><strong>hunc,</strong></span> <span class='ocrx_word' id='word_1_253' title='bbox 1765 1988 1795 2010; x_wconf 81' lang='lat' dir='ltr'><strong>ut</strong></span> 
     </span>
     <span class='ocr_line' id='line_1_37' title="bbox 145 2021 1794 2060; baseline 0.002 -10"><span class='ocrx_word' id='word_1_254' title='bbox 145 2024 266 2057; x_wconf 72' lang='lat' dir='ltr'><strong>superius</strong></span> <span class='ocrx_word' id='word_1_255' title='bbox 282 2023 345 2056; x_wconf 70' lang='lat' dir='ltr'><strong>dixi,</strong></span> <span class='ocrx_word' id='word_1_256' title='bbox 362 2027 491 2049; x_wconf 79' lang='lat' dir='ltr'><strong>mortuum</strong></span> <span class='ocrx_word' id='word_1_257' title='bbox 509 2021 622 2048; x_wconf 75' lang='lat' dir='ltr'><strong>suscita&#39;.</strong></span> <span class='ocrx_word' id='word_1_258' title='bbox 658 2023 687 2048; x_wconf 79' lang='grc' dir='ltr'><strong>Β.</strong></span> <span class='ocrx_word' id='word_1_259' title='bbox 708 2023 727 2047; x_wconf 88' lang='lat'><strong>1.</strong></span> <span class='ocrx_word' id='word_1_260' title='bbox 746 2023 823 2048; x_wconf 79' lang='lat' dir='ltr'><strong>dixit:</strong></span> <span class='ocrx_word' id='word_1_261' title='bbox 847 2022 928 2048; x_wconf 87' lang='lat' dir='ltr'><strong>‘Licet</strong></span> <span class='ocrx_word' id='word_1_262' title='bbox 945 2023 1087 2049; x_wconf 75' lang='lat' dir='ltr'><strong>infedelitas</strong></span> <span class='ocrx_word' id='word_1_263' title='bbox 1106 2028 1191 2050; x_wconf 82' lang='lat' dir='ltr'><strong>vestra</strong></span> <span class='ocrx_word' id='word_1_264' title='bbox 1213 2025 1261 2050; x_wconf 85' lang='lat' dir='ltr'><strong>hoc</strong></span> <span class='ocrx_word' id='word_1_265' title='bbox 1279 2034 1331 2050; x_wconf 90' lang='lat' dir='ltr'><strong>non</strong></span> <span class='ocrx_word' id='word_1_266' title='bbox 1349 2030 1476 2051; x_wconf 86' lang='lat' dir='ltr'><strong>mereatur</strong></span> <span class='ocrx_word' id='word_1_267' title='bbox 1493 2035 1509 2052; x_wconf 81' lang='lat' dir='ltr'><strong>a</strong></span> <span class='ocrx_word' id='word_1_268' title='bbox 1526 2028 1640 2060; x_wconf 82' lang='lat' dir='ltr'><strong>domiuo,</strong></span> <span class='ocrx_word' id='word_1_269' title='bbox 1658 2029 1713 2060; x_wconf 80' lang='lat' dir='ltr'><strong>sed,</strong></span> <span class='ocrx_word' id='word_1_270' title='bbox 1732 2029 1794 2060; x_wconf 83' lang='lat' dir='ltr'><strong>quia</strong></span> 
     </span>
     <span class='ocr_line' id='line_1_38' title="bbox 145 2066 1794 2103; baseline 0.001 -9"><span class='ocrx_word' id='word_1_271' title='bbox 145 2070 245 2101; x_wconf 71' lang='lat' dir='ltr'><strong>tempu·</strong></span> <span class='ocrx_word' id='word_1_272' title='bbox 267 2071 319 2100; x_wconf 77' lang='lat' dir='ltr'><strong>est,</strong></span> <span class='ocrx_word' id='word_1_273' title='bbox 346 2071 376 2093; x_wconf 82' lang='lat' dir='ltr'><strong>nt</strong></span> <span class='ocrx_word' id='word_1_274' title='bbox 400 2067 482 2093; x_wconf 80' lang='lat' dir='ltr'><strong>virtus</strong></span> <span class='ocrx_word' id='word_1_275' title='bbox 504 2066 600 2092; x_wconf 85' lang='lat' dir='ltr'><strong>domini</strong></span> <span class='ocrx_word' id='word_1_276' title='bbox 623 2066 704 2092; x_wconf 78' lang='lat' dir='ltr'><strong>nostri</strong></span> <span class='ocrx_word' id='word_1_277' title='bbox 727 2066 905 2092; x_wconf 72' lang='lat' dir='ltr'><strong>manifestetur</strong></span> <span class='ocrx_word' id='word_1_278' title='bbox 927 2067 968 2092; x_wconf 85' lang='lat' dir='ltr'><strong>vel</strong></span> <span class='ocrx_word' id='word_1_279' title='bbox 993 2075 1026 2092; x_wconf 81' lang='lat' dir='ltr'><strong>ne</strong></span> <span class='ocrx_word' id='word_1_280' title='bbox 1050 2067 1098 2093; x_wconf 85' lang='lat' dir='ltr'><strong>hoc</strong></span> <span class='ocrx_word' id='word_1_281' title='bbox 1119 2068 1275 2100; x_wconf 84' lang='lat' dir='ltr'><strong>impossibile</strong></span> <span class='ocrx_word' id='word_1_282' title='bbox 1299 2072 1385 2102; x_wconf 66' lang='lat' dir='ltr'><strong>putes,</strong></span> <span class='ocrx_word' id='word_1_283' title='bbox 1410 2069 1511 2095; x_wconf 81' lang='lat' dir='ltr'><strong>fidelem</strong></span> <span class='ocrx_word' id='word_1_284' title='bbox 1534 2071 1686 2103; x_wconf 87' lang='lat' dir='ltr'><strong>promissum</strong></span> <span class='ocrx_word' id='word_1_285' title='bbox 1710 2071 1794 2096; x_wconf 82' lang='lat' dir='ltr'><strong>habeo</strong></span> 
     </span>
     <span class='ocr_line' id='line_1_39' title="bbox 144 2110 1792 2145; baseline 0.002 -10"><span class='ocrx_word' id='word_1_286' title='bbox 144 2110 240 2136; x_wconf 73' lang='lat' dir='ltr'><strong>domini</strong></span> <span class='ocrx_word' id='word_1_287' title='bbox 258 2111 308 2136; x_wconf 80' lang='lat' dir='ltr'><strong>mei</strong></span> <span class='ocrx_word' id='word_1_288' title='bbox 325 2110 440 2142; x_wconf 77' lang='lat' dir='ltr'><strong>credens,</strong></span> <span class='ocrx_word' id='word_1_289' title='bbox 458 2110 527 2143; x_wconf 79' lang='lat' dir='ltr'><strong>quia,</strong></span> <span class='ocrx_word' id='word_1_290' title='bbox 545 2110 668 2143; x_wconf 75' lang='lat' dir='ltr'><strong>quioquid</strong></span> <span class='ocrx_word' id='word_1_291' title='bbox 685 2118 743 2135; x_wconf 84' lang='lat' dir='ltr'><strong>eum</strong></span> <span class='ocrx_word' id='word_1_292' title='bbox 762 2114 831 2143; x_wconf 75' lang='lat' dir='ltr'><strong>peto,</strong></span> <span class='ocrx_word' id='word_1_293' title='bbox 847 2119 899 2135; x_wconf 89' lang='lat' dir='ltr'><strong>non</strong></span> <span class='ocrx_word' id='word_1_294' title='bbox 918 2118 959 2136; x_wconf 87' lang='lat' dir='ltr'><strong>me</strong></span> <span class='ocrx_word' id='word_1_295' title='bbox 977 2110 1121 2135; x_wconf 79' lang='lat' dir='ltr'><strong>fraudabit&#39;.</strong></span> <span class='ocrx_word' id='word_1_296' title='bbox 1158 2112 1233 2136; x_wconf 82' lang='lat' dir='ltr'><strong>Tunc</strong></span> <span class='ocrx_word' id='word_1_297' title='bbox 1245 2112 1270 2136; x_wconf 82' lang='lat' dir='ltr'><strong>S.</strong></span> <span class='ocrx_word' id='word_1_298' title='bbox 1284 2112 1302 2137; x_wconf 88' lang='lat'><strong>1.</strong></span> <span class='ocrx_word' id='word_1_299' title='bbox 1317 2113 1450 2137; x_wconf 81' lang='lat' dir='ltr'><strong>oculorum</strong></span> <span class='ocrx_word' id='word_1_300' title='bbox 1467 2113 1633 2138; x_wconf 76' lang='lat' dir='ltr'><strong>intentionem</strong></span> <span class='ocrx_word' id='word_1_301' title='bbox 1646 2114 1745 2145; x_wconf 89' lang='lat' dir='ltr'><strong>(oculos</strong></span> <span class='ocrx_word' id='word_1_302' title='bbox 1758 2113 1792 2145; x_wconf 90' lang='lat' dir='ltr'><strong>B)</strong></span> 
     </span>
     <span class='ocr_line' id='line_1_40' title="bbox 144 2153 1793 2187; baseline 0.002 -9"><span class='ocrx_word' id='word_1_303' title='bbox 144 2153 172 2178; x_wconf 81' lang='lat' dir='ltr'><strong>in</strong></span> <span class='ocrx_word' id='word_1_304' title='bbox 190 2153 290 2179; x_wconf 70' lang='lat' dir='ltr'><strong>melum</strong></span> <span class='ocrx_word' id='word_1_305' title='bbox 307 2153 434 2187; x_wconf 78' lang='lat' dir='ltr'><strong>defigens:</strong></span> <span class='ocrx_word' id='word_1_306' title='bbox 456 2154 510 2179; x_wconf 74' lang='lat' dir='ltr'><strong>fere</strong></span> <span class='ocrx_word' id='word_1_307' title='bbox 526 2153 604 2178; x_wconf 74' lang='lat' dir='ltr'><strong>horae</strong></span> <span class='ocrx_word' id='word_1_308' title='bbox 621 2153 708 2186; x_wconf 72' lang='lat' dir='ltr'><strong>spacio</strong></span> <span class='ocrx_word' id='word_1_309' title='bbox 726 2153 859 2178; x_wconf 77' lang='lat' dir='ltr'><strong>immutata</strong></span> <span class='ocrx_word' id='word_1_310' title='bbox 881 2157 920 2178; x_wconf 84' lang='lat' dir='ltr'><strong>est</strong></span> <span class='ocrx_word' id='word_1_311' title='bbox 944 2154 1022 2178; x_wconf 80' lang='lat' dir='ltr'><strong>facies</strong></span> <span class='ocrx_word' id='word_1_312' title='bbox 1039 2154 1094 2178; x_wconf 82' lang='lat' dir='ltr'><strong>eius</strong></span> <span class='ocrx_word' id='word_1_313' title='bbox 1117 2157 1143 2179; x_wconf 85' lang='lat' dir='ltr'><strong>et</strong></span> <span class='ocrx_word' id='word_1_314' title='bbox 1161 2155 1227 2179; x_wconf 68' lang='lat' dir='ltr'><strong>facta</strong></span> <span class='ocrx_word' id='word_1_315' title='bbox 1248 2157 1278 2179; x_wconf 82' lang='lat' dir='ltr'><strong>ut</strong></span> <span class='ocrx_word' id='word_1_316' title='bbox 1299 2155 1344 2179; x_wconf 90' lang='lat' dir='ltr'><strong>nix</strong></span> <span class='ocrx_word' id='word_1_317' title='bbox 1366 2159 1391 2180; x_wconf 89' lang='lat' dir='ltr'><strong>et</strong></span> <span class='ocrx_word' id='word_1_318' title='bbox 1409 2155 1449 2180; x_wconf 85' lang='lat' dir='ltr'><strong>his</strong></span> <span class='ocrx_word' id='word_1_319' title='bbox 1467 2156 1552 2180; x_wconf 86' lang='lat' dir='ltr'><strong>verbis</strong></span> <span class='ocrx_word' id='word_1_320' title='bbox 1570 2164 1655 2181; x_wconf 85' lang='lat' dir='ltr'><strong>coram</strong></span> <span class='ocrx_word' id='word_1_321' title='bbox 1673 2157 1793 2182; x_wconf 88' lang='lat' dir='ltr'><strong>omnibus</strong></span> 
     </span>
     <span class='ocr_line' id='line_1_41' title="bbox 144 2195 1793 2232; baseline 0.002 -11"><span class='ocrx_word' id='word_1_322' title='bbox 144 2195 292 2222; x_wconf 76' lang='lat' dir='ltr'><strong>videntibus</strong></span> <span class='ocrx_word' id='word_1_323' title='bbox 307 2196 375 2222; x_wconf 72' lang='lat' dir='ltr'><strong>fudit</strong></span> <span class='ocrx_word' id='word_1_324' title='bbox 392 2197 532 2222; x_wconf 76' lang='lat' dir='ltr'><strong>orationem</strong></span> <span class='ocrx_word' id='word_1_325' title='bbox 550 2196 582 2221; x_wconf 74' lang='lat' dir='ltr'><strong>ad</strong></span> <span class='ocrx_word' id='word_1_326' title='bbox 599 2196 730 2222; x_wconf 85' lang='lat' dir='ltr'><strong>deminum</strong></span> <span class='ocrx_word' id='word_1_327' title='bbox 749 2196 849 2221; x_wconf 84' lang='lat' dir='ltr'><strong>dicens:</strong></span> <span class='ocrx_word' id='word_1_328' title='bbox 875 2195 993 2222; x_wconf 79' lang='lat' dir='ltr'><strong>‘Domine</strong></span> <span class='ocrx_word' id='word_1_329' title='bbox 1013 2197 1082 2229; x_wconf 82' lang='lat' dir='ltr'><strong>lesu,</strong></span> <span class='ocrx_word' id='word_1_330' title='bbox 1105 2197 1149 2229; x_wconf 90' lang='lat' dir='ltr'><strong>qui</strong></span> <span class='ocrx_word' id='word_1_331' title='bbox 1167 2205 1195 2222; x_wconf 82' lang='lat' dir='ltr'><strong>es</strong></span> <span class='ocrx_word' id='word_1_332' title='bbox 1213 2205 1290 2222; x_wconf 83' lang='lat' dir='ltr'><strong>verus</strong></span> <span class='ocrx_word' id='word_1_333' title='bbox 1308 2197 1378 2222; x_wconf 78' lang='lat' dir='ltr'><strong>filius</strong></span> <span class='ocrx_word' id='word_1_334' title='bbox 1396 2197 1448 2229; x_wconf 84' lang='lat' dir='ltr'><strong>dei,</strong></span> <span class='ocrx_word' id='word_1_335' title='bbox 1467 2198 1511 2230; x_wconf 86' lang='lat' dir='ltr'><strong>qui</strong></span> <span class='ocrx_word' id='word_1_336' title='bbox 1529 2198 1556 2223; x_wconf 90' lang='lat' dir='ltr'><strong>in</strong></span> <span class='ocrx_word' id='word_1_337' title='bbox 1575 2199 1699 2232; x_wconf 85' lang='lat' dir='ltr'><strong>principio</strong></span> <span class='ocrx_word' id='word_1_338' title='bbox 1717 2203 1793 2224; x_wconf 81' lang='lat' dir='ltr'><strong>natus</strong></span> 
     </span>
     <span class='ocr_line' id='line_1_42' title="bbox 144 2238 1793 2275; baseline 0.002 -11"><span class='ocrx_word' id='word_1_339' title='bbox 144 2245 174 2264; x_wconf 74' lang='lat' dir='ltr'><strong>e·</strong></span> <span class='ocrx_word' id='word_1_340' title='bbox 189 2238 221 2264; x_wconf 70' lang='lat' dir='ltr'><strong>de</strong></span> <span class='ocrx_word' id='word_1_341' title='bbox 241 2242 313 2271; x_wconf 72' lang='lat' dir='ltr'><strong>patre</strong></span> <span class='ocrx_word' id='word_1_342' title='bbox 334 2239 391 2264; x_wconf 80' lang='lat' dir='ltr'><strong>sine</strong></span> <span class='ocrx_word' id='word_1_343' title='bbox 414 2243 527 2272; x_wconf 73' lang='lat' dir='ltr'><strong>tempore</strong></span> <span class='ocrx_word' id='word_1_344' title='bbox 551 2243 578 2265; x_wconf 82' lang='lat' dir='ltr'><strong>et</strong></span> <span class='ocrx_word' id='word_1_345' title='bbox 600 2239 627 2264; x_wconf 85' lang='lat' dir='ltr'><strong>in</strong></span> <span class='ocrx_word' id='word_1_346' title='bbox 650 2239 789 2266; x_wconf 80' lang='lat' dir='ltr'><strong>novissimo</strong></span> <span class='ocrx_word' id='word_1_347' title='bbox 812 2239 901 2264; x_wconf 85' lang='lat' dir='ltr'><strong>mundi</strong></span> <span class='ocrx_word' id='word_1_348' title='bbox 924 2240 990 2265; x_wconf 83' lang='lat' dir='ltr'><strong>hanc</strong></span> <span class='ocrx_word' id='word_1_349' title='bbox 1014 2248 1117 2265; x_wconf 76' lang='lat' dir='ltr'><strong>carnem</strong></span> <span class='ocrx_word' id='word_1_350' title='bbox 1138 2240 1170 2265; x_wconf 86' lang='lat' dir='ltr'><strong>de</strong></span> <span class='ocrx_word' id='word_1_351' title='bbox 1192 2240 1292 2272; x_wconf 79' lang='lat' dir='ltr'><strong>virgine</strong></span> <span class='ocrx_word' id='word_1_352' title='bbox 1315 2241 1474 2273; x_wconf 83' lang='lat' dir='ltr'><strong>assumpsisti</strong></span> <span class='ocrx_word' id='word_1_353' title='bbox 1497 2241 1552 2266; x_wconf 87' lang='lat' dir='ltr'><strong>sine</strong></span> <span class='ocrx_word' id='word_1_354' title='bbox 1573 2242 1684 2274; x_wconf 86' lang='lat' dir='ltr'><strong>semine,</strong></span> <span class='ocrx_word' id='word_1_355' title='bbox 1708 2242 1793 2275; x_wconf 84' lang='lat' dir='ltr'><strong>aspice</strong></span> 
     </span>
     <span class='ocr_line' id='line_1_43' title="bbox 144 2280 1792 2310; baseline 0.001 -2"><span class='ocrx_word' id='word_1_356' title='bbox 144 2280 172 2306; x_wconf 69' lang='lat' dir='ltr'><strong>in</strong></span> <span class='ocrx_word' id='word_1_357' title='bbox 194 2281 261 2307; x_wconf 69' lang='lat' dir='ltr'><strong>banc</strong></span> <span class='ocrx_word' id='word_1_358' title='bbox 284 2281 373 2308; x_wconf 68' lang='lat' dir='ltr'><strong>horam</strong></span> <span class='ocrx_word' id='word_1_359' title='bbox 395 2282 426 2308; x_wconf 82' lang='lat' dir='ltr'><strong>de</strong></span> <span class='ocrx_word' id='word_1_360' title='bbox 451 2283 572 2308; x_wconf 77' lang='lat' dir='ltr'><strong>sumitate</strong></span> <span class='ocrx_word' id='word_1_361' title='bbox 589 2282 719 2308; x_wconf 71' lang='lat' dir='ltr'><strong>caelorum</strong></span> <span class='ocrx_word' id='word_1_362' title='bbox 744 2286 847 2308; x_wconf 83' lang='lat' dir='ltr'><strong>tuorum</strong></span> <span class='ocrx_word' id='word_1_363' title='bbox 870 2286 896 2308; x_wconf 86' lang='lat' dir='ltr'><strong>et</strong></span> <span class='ocrx_word' id='word_1_364' title='bbox 920 2283 953 2308; x_wconf 77' lang='lat' dir='ltr'><strong>ad</strong></span> <span class='ocrx_word' id='word_1_365' title='bbox 976 2283 1152 2308; x_wconf 79' lang='lat' dir='ltr'><strong>confusionem</strong></span> <span class='ocrx_word' id='word_1_366' title='bbox 1171 2283 1331 2308; x_wconf 88' lang='lat' dir='ltr'><strong>inimicorum</strong></span> <span class='ocrx_word' id='word_1_367' title='bbox 1355 2286 1458 2308; x_wconf 85' lang='lat' dir='ltr'><strong>tuorum</strong></span> <span class='ocrx_word' id='word_1_368' title='bbox 1484 2287 1510 2308; x_wconf 87' lang='lat' dir='ltr'><strong>et</strong></span> <span class='ocrx_word' id='word_1_369' title='bbox 1531 2284 1563 2308; x_wconf 83' lang='lat' dir='ltr'><strong>ad</strong></span> <span class='ocrx_word' id='word_1_370' title='bbox 1581 2284 1792 2310; x_wconf 83' lang='lat' dir='ltr'><strong>corroborandam</strong></span> 
     </span>
     <span class='ocr_line' id='line_1_44' title="bbox 144 2324 1793 2358; baseline 0.001 -8"><span class='ocrx_word' id='word_1_371' title='bbox 144 2324 220 2350; x_wconf 73' lang='lat' dir='ltr'><strong>fidem</strong></span> <span class='ocrx_word' id='word_1_372' title='bbox 241 2324 398 2350; x_wconf 78' lang='lat' dir='ltr'><strong>credentium</strong></span> <span class='ocrx_word' id='word_1_373' title='bbox 425 2326 451 2350; x_wconf 87' lang='lat' dir='ltr'><strong>in</strong></span> <span class='ocrx_word' id='word_1_374' title='bbox 473 2329 499 2351; x_wconf 79' lang='lat' dir='ltr'><strong>te</strong></span> <span class='ocrx_word' id='word_1_375' title='bbox 522 2334 565 2358; x_wconf 66' lang='lat' dir='ltr'><strong>sn,</strong></span> <span class='ocrx_word' id='word_1_376' title='bbox 593 2333 661 2358; x_wconf 76' lang='lat' dir='ltr'><strong>quae</strong></span> <span class='ocrx_word' id='word_1_377' title='bbox 687 2329 807 2358; x_wconf 76' lang='lat' dir='ltr'><strong>operatus</strong></span> <span class='ocrx_word' id='word_1_378' title='bbox 836 2333 863 2351; x_wconf 85' lang='lat' dir='ltr'><strong>es</strong></span> <span class='ocrx_word' id='word_1_379' title='bbox 886 2326 984 2358; x_wconf 83' lang='lat' dir='ltr'><strong>positus</strong></span> <span class='ocrx_word' id='word_1_380' title='bbox 1007 2326 1033 2350; x_wconf 90' lang='lat' dir='ltr'><strong>in</strong></span> <span class='ocrx_word' id='word_1_381' title='bbox 1054 2326 1141 2357; x_wconf 75' lang='lat' dir='ltr'><strong>terris,</strong></span> <span class='ocrx_word' id='word_1_382' title='bbox 1171 2326 1265 2351; x_wconf 83' lang='lat' dir='ltr'><strong>exaudi</strong></span> <span class='ocrx_word' id='word_1_383' title='bbox 1289 2334 1359 2350; x_wconf 90' lang='lat' dir='ltr'><strong>nunc</strong></span> <span class='ocrx_word' id='word_1_384' title='bbox 1381 2326 1407 2351; x_wconf 88' lang='lat' dir='ltr'><strong>in</strong></span> <span class='ocrx_word' id='word_1_385' title='bbox 1431 2326 1472 2357; x_wconf 86' lang='lat' dir='ltr'><strong>(de</strong></span> <span class='ocrx_word' id='word_1_386' title='bbox 1491 2325 1525 2358; x_wconf 91' lang='lat' dir='ltr'><strong>B)</strong></span> <span class='ocrx_word' id='word_1_387' title='bbox 1548 2326 1625 2351; x_wconf 85' lang='lat' dir='ltr'><strong>caelis</strong></span> <span class='ocrx_word' id='word_1_388' title='bbox 1649 2330 1675 2352; x_wconf 89' lang='lat' dir='ltr'><strong>et</strong></span> <span class='ocrx_word' id='word_1_389' title='bbox 1696 2328 1793 2353; x_wconf 78' lang='lat' dir='ltr'><strong>suscita</strong></span> 
     </span>
     <span class='ocr_line' id='line_1_45' title="bbox 145 2367 1792 2402; baseline 0.002 -9"><span class='ocrx_word' id='word_1_390' title='bbox 145 2367 216 2393; x_wconf 82' lang='lat' dir='ltr'><strong>hunc</strong></span> <span class='ocrx_word' id='word_1_391' title='bbox 233 2371 374 2400; x_wconf 83' lang='lat' dir='ltr'><strong>mortuum,</strong></span> <span class='ocrx_word' id='word_1_392' title='bbox 397 2372 428 2394; x_wconf 85' lang='lat' dir='ltr'><strong>ut</strong></span> <span class='ocrx_word' id='word_1_393' title='bbox 443 2369 498 2394; x_wconf 81' lang='lat' dir='ltr'><strong>vivi</strong></span> <span class='ocrx_word' id='word_1_394' title='bbox 519 2377 572 2394; x_wconf 87' lang='lat' dir='ltr'><strong>non</strong></span> <span class='ocrx_word' id='word_1_395' title='bbox 594 2369 748 2400; x_wconf 79' lang='lat' dir='ltr'><strong>moriantur,</strong></span> <span class='ocrx_word' id='word_1_396' title='bbox 771 2369 816 2394; x_wconf 87' lang='lat' dir='ltr'><strong>sed</strong></span> <span class='ocrx_word' id='word_1_397' title='bbox 834 2369 927 2394; x_wconf 79' lang='lat' dir='ltr'><strong>mortui</strong></span> <span class='ocrx_word' id='word_1_398' title='bbox 952 2369 1122 2395; x_wconf 80' lang='lat' dir='ltr'><strong>reviviscant’.</strong></span> <span class='ocrx_word' id='word_1_399' title='bbox 1160 2369 1192 2394; x_wconf 77' lang='lat' dir='ltr'><strong>Bt</strong></span> <span class='ocrx_word' id='word_1_400' title='bbox 1214 2369 1262 2394; x_wconf 87' lang='lat' dir='ltr'><strong>hoc</strong></span> <span class='ocrx_word' id='word_1_401' title='bbox 1285 2369 1372 2394; x_wconf 86' lang='lat' dir='ltr'><strong>dicens</strong></span> <span class='ocrx_word' id='word_1_402' title='bbox 1397 2369 1433 2394; x_wconf 84' lang='lat' dir='ltr'><strong>ait</strong></span> <span class='ocrx_word' id='word_1_403' title='bbox 1454 2369 1485 2394; x_wconf 87' lang='lat' dir='ltr'><strong>ad</strong></span> <span class='ocrx_word' id='word_1_404' title='bbox 1506 2377 1610 2402; x_wconf 80' lang='lat' dir='ltr'><strong>corpus:</strong></span> <span class='ocrx_word' id='word_1_405' title='bbox 1637 2368 1704 2394; x_wconf 87' lang='lat' dir='ltr'><strong>‘Tibi</strong></span> <span class='ocrx_word' id='word_1_406' title='bbox 1728 2370 1792 2402; x_wconf 82' lang='lat' dir='ltr'><strong>dico,</strong></span> 
     </span>
     <span class='ocr_line' id='line_1_46' title="bbox 144 2411 1794 2446; baseline 0.002 -10"><span class='ocrx_word' id='word_1_407' title='bbox 144 2413 213 2436; x_wconf 67' lang='lat' dir='ltr'><strong>turra</strong></span> <span class='ocrx_word' id='word_1_408' title='bbox 229 2411 312 2442; x_wconf 73' lang='lat' dir='ltr'><strong>arida,</strong></span> <span class='ocrx_word' id='word_1_409' title='bbox 336 2411 363 2436; x_wconf 89' lang='lat' dir='ltr'><strong>in</strong></span> <span class='ocrx_word' id='word_1_410' title='bbox 387 2411 469 2444; x_wconf 75' lang='lat' dir='ltr'><strong>ipsius</strong></span> <span class='ocrx_word' id='word_1_411' title='bbox 486 2412 600 2444; x_wconf 82' lang='lat' dir='ltr'><strong>nurnine,</strong></span> <span class='ocrx_word' id='word_1_412' title='bbox 622 2413 666 2445; x_wconf 86' lang='lat' dir='ltr'><strong>qui</strong></span> <span class='ocrx_word' id='word_1_413' title='bbox 684 2413 891 2445; x_wconf 76' lang='lat' dir='ltr'><strong>quadriduanum</strong></span> <span class='ocrx_word' id='word_1_414' title='bbox 910 2413 1035 2438; x_wconf 75' lang='lat' dir='ltr'><strong>Lazarum</strong></span> <span class='ocrx_word' id='word_1_415' title='bbox 1054 2413 1200 2437; x_wconf 80' lang='lat' dir='ltr'><strong>suscitavit:</strong></span> <span class='ocrx_word' id='word_1_416' title='bbox 1228 2413 1282 2445; x_wconf 83' lang='lat' dir='ltr'><strong>ipse</strong></span> <span class='ocrx_word' id='word_1_417' title='bbox 1304 2413 1350 2437; x_wconf 80' lang='lat' dir='ltr'><strong>tibi</strong></span> <span class='ocrx_word' id='word_1_418' title='bbox 1372 2413 1479 2446; x_wconf 82' lang='lat' dir='ltr'><strong>imperat</strong></span> <span class='ocrx_word' id='word_1_419' title='bbox 1500 2412 1598 2446; x_wconf 77' lang='lat' dir='ltr'><strong>“surge</strong></span> <span class='ocrx_word' id='word_1_420' title='bbox 1618 2411 1708 2446; x_wconf 82' lang='lat' dir='ltr'><strong>(super</strong></span> <span class='ocrx_word' id='word_1_421' title='bbox 1725 2417 1750 2439; x_wconf 72' lang='lat' dir='ltr'><strong>te</strong></span> <span class='ocrx_word' id='word_1_422' title='bbox 1768 2418 1794 2439; x_wconf 83' lang='lat' dir='ltr'><strong>et</strong></span> 
     </span>
     <span class='ocr_line' id='line_1_47' title="bbox 145 2451 1792 2489; baseline 0.002 -11"><span class='ocrx_word' id='word_1_423' title='bbox 145 2453 251 2479; x_wconf 76' lang='lat' dir='ltr'><strong>ambula</strong></span> <span class='ocrx_word' id='word_1_424' title='bbox 262 2451 341 2486; x_wconf 84' lang='lat' dir='ltr'>B)”·.</span> <span class='ocrx_word' id='word_1_425' title='bbox 377 2454 410 2479; x_wconf 75' lang='lat' dir='ltr'><strong>Et</strong></span> <span class='ocrx_word' id='word_1_426' title='bbox 421 2461 481 2479; x_wconf 79' lang='lat' dir='ltr'><strong>eum</strong></span> <span class='ocrx_word' id='word_1_427' title='bbox 493 2454 543 2480; x_wconf 88' lang='lat' dir='ltr'><strong>hoc</strong></span> <span class='ocrx_word' id='word_1_428' title='bbox 555 2455 669 2485; x_wconf 78' lang='lat' dir='ltr'><strong>dixisset,</strong></span> <span class='ocrx_word' id='word_1_429' title='bbox 687 2455 808 2487; x_wconf 78' lang='lat' dir='ltr'><strong>sancxit,</strong></span> <span class='ocrx_word' id='word_1_430' title='bbox 827 2456 871 2488; x_wconf 87' lang='lat' dir='ltr'><strong>qui</strong></span> <span class='ocrx_word' id='word_1_431' title='bbox 884 2459 938 2481; x_wconf 81' lang='lat' dir='ltr'><strong>erat</strong></span> <span class='ocrx_word' id='word_1_432' title='bbox 952 2459 1076 2487; x_wconf 82' lang='lat' dir='ltr'><strong>mortuus,</strong></span> <span class='ocrx_word' id='word_1_433' title='bbox 1095 2459 1121 2480; x_wconf 81' lang='lat' dir='ltr'><strong>et</strong></span> <span class='ocrx_word' id='word_1_434' title='bbox 1134 2463 1197 2480; x_wconf 79' lang='lat' dir='ltr'><strong>voce</strong></span> <span class='ocrx_word' id='word_1_435' title='bbox 1209 2463 1303 2488; x_wconf 80' lang='lat' dir='ltr'><strong>magna</strong></span> <span class='ocrx_word' id='word_1_436' title='bbox 1319 2455 1456 2481; x_wconf 77' lang='lat' dir='ltr'><strong>clamabat:</strong></span> <span class='ocrx_word' id='word_1_437' title='bbox 1475 2455 1505 2480; x_wconf 72' lang='grc' dir='ltr'><strong>ί0</strong></span> <span class='ocrx_word' id='word_1_438' title='bbox 1523 2456 1687 2489; x_wconf 77' lang='lat' dir='ltr'><strong>acceptabilis</strong></span> <span class='ocrx_word' id='word_1_439' title='bbox 1705 2457 1792 2489; x_wconf 80' lang='lat' dir='ltr'><strong>oratio,</strong></span> 
     </span>
     <span class='ocr_line' id='line_1_48' title="bbox 146 2496 1791 2531; baseline 0.002 -10"><span class='ocrx_word' id='word_1_440' title='bbox 146 2504 162 2522; x_wconf 90' lang='grc' dir='ltr'><strong>ο</strong></span> <span class='ocrx_word' id='word_1_441' title='bbox 180 2496 342 2522; x_wconf 72' lang='lat' dir='ltr'><strong>immaculata</strong></span> <span class='ocrx_word' id='word_1_442' title='bbox 357 2497 493 2530; x_wconf 73' lang='lat' dir='ltr'><strong>virginitas</strong></span> <span class='ocrx_word' id='word_1_443' title='bbox 510 2506 576 2530; x_wconf 76' lang='lat' dir='ltr'><strong>quae</strong></span> <span class='ocrx_word' id='word_1_444' title='bbox 594 2502 664 2524; x_wconf 72' lang='lat' dir='ltr'><strong>tants</strong></span> <span class='ocrx_word' id='word_1_445' title='bbox 686 2498 822 2531; x_wconf 72' lang='lat' dir='ltr'><strong>(quantum</strong></span> <span class='ocrx_word' id='word_1_446' title='bbox 842 2498 876 2530; x_wconf 85' lang='lat' dir='ltr'><strong>B)</strong></span> <span class='ocrx_word' id='word_1_447' title='bbox 901 2502 1022 2524; x_wconf 81' lang='lat' dir='ltr'><strong>meretur.</strong></span> <span class='ocrx_word' id='word_1_448' title='bbox 1058 2498 1108 2523; x_wconf 86' lang='lat' dir='ltr'><strong>Ubi</strong></span> <span class='ocrx_word' id='word_1_449' title='bbox 1128 2499 1188 2530; x_wconf 88' lang='lat' dir='ltr'><strong>(quo</strong></span> <span class='ocrx_word' id='word_1_450' title='bbox 1207 2497 1289 2531; x_wconf 74' lang='lat' dir='ltr'><strong>Bon.)</strong></span> <span class='ocrx_word' id='word_1_451' title='bbox 1308 2498 1419 2524; x_wconf 80' lang='lat' dir='ltr'><strong>ducebar</strong></span> <span class='ocrx_word' id='word_1_452' title='bbox 1441 2503 1467 2524; x_wconf 82' lang='lat' dir='ltr'><strong>et</strong></span> <span class='ocrx_word' id='word_1_453' title='bbox 1484 2499 1553 2524; x_wconf 84' lang='lat' dir='ltr'><strong>unde</strong></span> <span class='ocrx_word' id='word_1_454' title='bbox 1570 2499 1691 2524; x_wconf 85' lang='lat' dir='ltr'><strong>reductus</strong></span> <span class='ocrx_word' id='word_1_455' title='bbox 1709 2500 1791 2525; x_wconf 51' lang='lat' dir='ltr'><strong>sum?</strong></span> 
     </span>
    </p>
   </div>
   <div class='ocr_carea' id='block_1_5' title="bbox 1158 2566 1677 2571">
    <p class='ocr_par' dir='ltr' id='par_1_5' title="bbox 1158 2566 1677 2571">
     <span class='ocr_line' id='line_1_49' title="bbox 1158 2566 1677 2571; baseline 0 0"><span class='ocrx_word' id='word_1_456' title='bbox 1158 2566 1677 2571; x_wconf 95' lang='lat' dir='ltr'><strong> </strong></span> 
     </span>
    </p>
   </div>
   <div class='ocr_carea' id='block_1_6' title="bbox 145 2615 1794 2695">
    <p class='ocr_par' dir='ltr' id='par_1_6' title="bbox 145 2615 1794 2695">
     <span class='ocr_line' id='line_1_50' title="bbox 248 2615 1794 2652; baseline 0.001 -9"><span class='ocrx_word' id='word_1_457' title='bbox 248 2615 282 2643; x_wconf 78' lang='lat'><strong>65</strong></span> <span class='ocrx_word' id='word_1_458' title='bbox 298 2617 338 2643; x_wconf 70' lang='lat' dir='ltr'><strong>hic</strong></span> <span class='ocrx_word' id='word_1_459' title='bbox 356 2621 379 2643; x_wconf 72' lang='lat' dir='ltr'><strong>et</strong></span> <span class='ocrx_word' id='word_1_460' title='bbox 394 2617 543 2652; x_wconf 72' lang='lat' dir='ltr'><strong>ubicumque</strong></span> <span class='ocrx_word' id='word_1_461' title='bbox 559 2619 587 2643; x_wconf 70' lang='grc' dir='ltr'><strong>ἐπ</strong></span> <span class='ocrx_word' id='word_1_462' title='bbox 601 2627 672 2651; x_wconf 79' lang='lat' dir='ltr'><strong>pan.</strong></span> <span class='ocrx_word' id='word_1_463' title='bbox 686 2618 840 2644; x_wconf 71' lang='lat' dir='ltr'><strong>Marcianus</strong></span> <span class='ocrx_word' id='word_1_464' title='bbox 858 2619 1008 2652; x_wconf 77' lang='lat' dir='ltr'><strong>adpellatwr</strong></span> <span class='ocrx_word' id='word_1_465' title='bbox 1020 2619 1121 2652; x_wconf 81' lang='lat' dir='ltr'><strong>praesul</strong></span> <span class='ocrx_word' id='word_1_466' title='bbox 1134 2618 1312 2651; x_wconf 59' lang='lat' dir='ltr'><strong>cor-nyemlum</strong></span> <span class='ocrx_word' id='word_1_467' title='bbox 1323 2618 1422 2644; x_wconf 75' lang='lat' dir='ltr'><strong>videtur</strong></span> <span class='ocrx_word' id='word_1_468' title='bbox 1432 2626 1534 2652; x_wconf 83' lang='lat' dir='ltr'><strong>praeses</strong></span> <span class='ocrx_word' id='word_1_469' title='bbox 1623 2618 1654 2644; x_wconf 83' lang='lat'><strong>71</strong></span> <span class='ocrx_word' id='word_1_470' title='bbox 1674 2620 1758 2645; x_wconf 84' lang='lat' dir='ltr'><strong>Gredo</strong></span> <span class='ocrx_word' id='word_1_471' title='bbox 1769 2619 1794 2644; x_wconf 90' lang='lat' dir='ltr'><em>P</em></span> 
     </span>
     <span class='ocr_line' id='line_1_51' title="bbox 145 2658 829 2695; baseline 0.001 -9"><span class='ocrx_word' id='word_1_472' title='bbox 145 2658 180 2686; x_wconf 78' lang='lat'><strong>&#39;16</strong></span> <span class='ocrx_word' id='word_1_473' title='bbox 197 2661 251 2686; x_wconf 70' lang='lat' dir='ltr'><strong>&#39;an</strong></span> <span class='ocrx_word' id='word_1_474' title='bbox 266 2668 350 2686; x_wconf 74' lang='lat' dir='ltr'><strong>coram</strong></span> <span class='ocrx_word' id='word_1_475' title='bbox 369 2661 492 2695; x_wconf 68' lang='lat' dir='ltr'><strong>populis?</strong></span> <span class='ocrx_word' id='word_1_476' title='bbox 593 2661 627 2686; x_wconf 74' lang='lat'><strong>84</strong></span> <span class='ocrx_word' id='word_1_477' title='bbox 646 2661 706 2687; x_wconf 80' lang='lat' dir='ltr'><strong>vive</strong></span> <span class='ocrx_word' id='word_1_478' title='bbox 724 2670 791 2687; x_wconf 77' lang='lat' dir='ltr'><strong>corr.</strong></span> <span class='ocrx_word' id='word_1_479' title='bbox 804 2661 829 2687; x_wconf 90' lang='lat' dir='ltr'><em>P</em></span> 
     </span>
    </p>
   </div>
   <div class='ocr_carea' id='block_1_7' title="bbox 145 2735 1791 2823">
    <p class='ocr_par' dir='ltr' id='par_1_7' title="bbox 145 2735 1791 2823">
     <span class='ocr_line' id='line_1_52' title="bbox 249 2735 1791 2772; baseline 0.001 -10"><span class='ocrx_word' id='word_1_480' title='bbox 249 2735 279 2763; x_wconf 79' lang='lat'><strong>71</strong></span> <span class='ocrx_word' id='word_1_481' title='bbox 299 2737 366 2764; x_wconf 71' lang='lat' dir='ltr'><strong>Am</strong></span> <span class='ocrx_word' id='word_1_482' title='bbox 385 2745 406 2763; x_wconf 81' lang='grc' dir='ltr'><strong>ι.</strong></span> <span class='ocrx_word' id='word_1_483' title='bbox 422 2744 447 2770; x_wconf 77' lang='grc'><strong>9.</strong></span> <span class='ocrx_word' id='word_1_484' title='bbox 466 2736 518 2771; x_wconf 87' lang='lat' dir='ltr'><strong>IV,</strong></span> <span class='ocrx_word' id='word_1_485' title='bbox 538 2737 571 2764; x_wconf 79' lang='lat'><strong>12</strong></span> <span class='ocrx_word' id='word_1_486' title='bbox 593 2737 681 2764; x_wconf 85' lang='lat' dir='ltr'><strong>Credo</strong></span> <span class='ocrx_word' id='word_1_487' title='bbox 706 2737 844 2772; x_wconf 86' lang='lat' dir='ltr'><strong>equidem.</strong></span> <span class='ocrx_word' id='word_1_488' title='bbox 949 2738 982 2764; x_wconf 87' lang='grc'><strong>78</strong></span> <span class='ocrx_word' id='word_1_489' title='bbox 1003 2738 1050 2770; x_wconf 77' lang='lat' dir='ltr'><strong>cfr.</strong></span> <span class='ocrx_word' id='word_1_490' title='bbox 1074 2736 1099 2763; x_wconf 79' lang='lat' dir='ltr'><strong>d.</strong></span> <span class='ocrx_word' id='word_1_491' title='bbox 1121 2738 1142 2770; x_wconf 73' lang='lat' dir='ltr'><strong>f.</strong></span> <span class='ocrx_word' id='word_1_492' title='bbox 1168 2745 1188 2763; x_wconf 68' lang='grc' dir='ltr'><strong>ι’.</strong></span> <span class='ocrx_word' id='word_1_493' title='bbox 1213 2737 1271 2763; x_wconf 81' lang='grc'>241.</span> <span class='ocrx_word' id='word_1_494' title='bbox 1376 2737 1410 2764; x_wconf 82' lang='grc'><strong>86</strong></span> <span class='ocrx_word' id='word_1_495' title='bbox 1433 2737 1482 2770; x_wconf 77' lang='lat' dir='ltr'><strong>cfr.</strong></span> <span class='ocrx_word' id='word_1_496' title='bbox 1506 2739 1571 2764; x_wconf 84' lang='lat' dir='ltr'><strong>Aen.</strong></span> <span class='ocrx_word' id='word_1_497' title='bbox 1595 2737 1646 2770; x_wconf 87' lang='lat' dir='ltr'><strong>IV,</strong></span> <span class='ocrx_word' id='word_1_498' title='bbox 1667 2737 1718 2764; x_wconf 78' lang='lat'><strong>242</strong></span> <span class='ocrx_word' id='word_1_499' title='bbox 1742 2738 1791 2764; x_wconf 84' lang='lat' dir='ltr'><strong>has</strong></span> 
     </span>
     <span class='ocr_line' id='line_1_53' title="bbox 145 2786 1791 2823; baseline 0.001 -9"><span class='ocrx_word' id='word_1_500' title='bbox 145 2786 253 2814; x_wconf 78' lang='lat' dir='ltr'><strong>animas</strong></span> <span class='ocrx_word' id='word_1_501' title='bbox 271 2787 320 2814; x_wconf 87' lang='lat' dir='ltr'><strong>ille</strong></span> <span class='ocrx_word' id='word_1_502' title='bbox 339 2789 437 2814; x_wconf 76' lang='lat' dir='ltr'><strong>evocat</strong></span> <span class='ocrx_word' id='word_1_503' title='bbox 455 2788 532 2815; x_wconf 84' lang='lat' dir='ltr'><strong>Orco.</strong></span> <span class='ocrx_word' id='word_1_504' title='bbox 637 2789 672 2815; x_wconf 80' lang='lat'><strong>90</strong></span> <span class='ocrx_word' id='word_1_505' title='bbox 687 2789 734 2822; x_wconf 78' lang='lat' dir='ltr'><strong>cfr.</strong></span> <span class='ocrx_word' id='word_1_506' title='bbox 753 2797 776 2816; x_wconf 83' lang='lat' dir='ltr'><strong>v.</strong></span> <span class='ocrx_word' id='word_1_507' title='bbox 789 2790 831 2816; x_wconf 77' lang='grc'><strong>63.</strong></span> <span class='ocrx_word' id='word_1_508' title='bbox 934 2790 968 2816; x_wconf 82' lang='grc'><strong>92</strong></span> <span class='ocrx_word' id='word_1_509' title='bbox 985 2789 1031 2822; x_wconf 78' lang='lat' dir='ltr'><strong>cfr.</strong></span> <span class='ocrx_word' id='word_1_510' title='bbox 1046 2788 1114 2823; x_wconf 78' lang='lat' dir='ltr'><strong>prol.</strong></span> <span class='ocrx_word' id='word_1_511' title='bbox 1129 2795 1201 2822; x_wconf 64' lang='lat' dir='ltr'><strong>pass.</strong></span> <span class='ocrx_word' id='word_1_512' title='bbox 1221 2788 1261 2814; x_wconf 81' lang='lat'><strong>17.</strong></span> <span class='ocrx_word' id='word_1_513' title='bbox 1367 2788 1400 2815; x_wconf 76' lang='lat'><strong>93</strong></span> <span class='ocrx_word' id='word_1_514' title='bbox 1420 2796 1442 2815; x_wconf 92' lang='lat' dir='ltr'><strong>c.</strong></span> <span class='ocrx_word' id='word_1_515' title='bbox 1455 2787 1531 2814; x_wconf 84' lang='lat' dir='ltr'><strong>caelo</strong></span> <span class='ocrx_word' id='word_1_516' title='bbox 1544 2788 1591 2820; x_wconf 72' lang='lat' dir='ltr'><strong>cfr.</strong></span> <span class='ocrx_word' id='word_1_517' title='bbox 1609 2788 1640 2814; x_wconf 81' lang='lat' dir='ltr'><strong>in</strong></span> <span class='ocrx_word' id='word_1_518' title='bbox 1652 2788 1737 2814; x_wconf 81' lang='lat' dir='ltr'><strong>Mart.</strong></span> <span class='ocrx_word' id='word_1_519' title='bbox 1750 2788 1791 2816; x_wconf 77' lang='lat'><strong>57.</strong></span> 
     </span>
    </p>
   </div>
  </div>
 </body>
</html>
