<?xml version="1.0" encoding="UTF-8"?>
<!DOCTYPE html PUBLIC "-//W3C//DTD XHTML 1.0 Transitional//EN"
    "http://www.w3.org/TR/xhtml1/DTD/xhtml1-transitional.dtd">
<html xmlns="http://www.w3.org/1999/xhtml" xml:lang="en" lang="en">
 <head>
  <title>
</title>
<meta http-equiv="Content-Type" content="text/html;charset=utf-8" />
  <meta name='ocr-system' content='tesseract 3.04.00' />
  <meta name='ocr-capabilities' content='ocr_page ocr_carea ocr_par ocr_line ocrx_word'/>
</head>
<body>
  <div class='ocr_page' id='page_1' title='image "./monumentagerma03geseuoft/monumentagerma03geseuoft_0475.png"; bbox 0 0 2060 3074; ppageno 0'>
   <div class='ocr_carea' id='block_1_1' title="bbox 771 123 1851 156">
    <p class='ocr_par' dir='ltr' id='par_1_1' title="bbox 771 123 1851 156">
     <span class='ocr_line' id='line_1_1' title="bbox 771 123 1851 156; baseline 0.006 -7"><span class='ocrx_word' id='word_1_1' title='bbox 771 123 883 150; x_wconf 83' lang='lat' dir='ltr'>VITAE</span> <span class='ocrx_word' id='word_1_2' title='bbox 902 124 927 150; x_wconf 86' lang='lat' dir='ltr'>S.</span> <span class='ocrx_word' id='word_1_3' title='bbox 946 123 1114 150; x_wconf 81' lang='lat' dir='ltr'>GERMANI</span> <span class='ocrx_word' id='word_1_4' title='bbox 1133 125 1241 151; x_wconf 69' lang='lat' dir='ltr'>LIBER.</span> <span class='ocrx_word' id='word_1_5' title='bbox 1254 125 1288 151; x_wconf 91' lang='lat' dir='ltr'>II.</span> <span class='ocrx_word' id='word_1_6' title='bbox 1789 127 1851 156; x_wconf 86' lang='lat'>459</span> 
     </span>
    </p>
   </div>
   <div class='ocr_carea' id='block_1_2' title="bbox 496 208 1860 2323">
    <p class='ocr_par' dir='ltr' id='par_1_2' title="bbox 496 208 1509 453">
     <span class='ocr_line' id='line_1_2' title="bbox 496 208 1366 253; baseline 0.005 -14"><span class='ocrx_word' id='word_1_7' title='bbox 496 220 535 239; x_wconf 76' lang='lat'>230</span> <span class='ocrx_word' id='word_1_8' title='bbox 571 208 601 239; x_wconf 89' lang='lat' dir='ltr'>A</span> <span class='ocrx_word' id='word_1_9' title='bbox 625 208 697 240; x_wconf 78' lang='lat' dir='ltr'>leva</span> <span class='ocrx_word' id='word_1_10' title='bbox 719 209 752 239; x_wconf 92' lang='lat' dir='ltr'>in</span> <span class='ocrx_word' id='word_1_11' title='bbox 776 208 924 241; x_wconf 80' lang='lat' dir='ltr'><strong>dextram</strong></span> <span class='ocrx_word' id='word_1_12' title='bbox 949 221 1078 252; x_wconf 84' lang='lat' dir='ltr'>semper</span> <span class='ocrx_word' id='word_1_13' title='bbox 1101 211 1239 253; x_wconf 85' lang='lat' dir='ltr'>vestigia</span> <span class='ocrx_word' id='word_1_14' title='bbox 1263 211 1366 251; x_wconf 86' lang='lat' dir='ltr'>duxit,</span> 
     </span>
     <span class='ocr_line' id='line_1_3' title="bbox 572 259 1314 303; baseline 0.007 -13"><span class='ocrx_word' id='word_1_15' title='bbox 572 259 727 301; x_wconf 88' lang='lat' dir='ltr'>Virgineo</span> <span class='ocrx_word' id='word_1_16' title='bbox 750 260 846 302; x_wconf 89' lang='lat' dir='ltr'>plane</span> <span class='ocrx_word' id='word_1_17' title='bbox 870 262 1006 303; x_wconf 86' lang='lat' dir='ltr'>pollebit</span> <span class='ocrx_word' id='word_1_18' title='bbox 1029 266 1200 295; x_wconf 81' lang='lat' dir='ltr'><strong>stemmate</strong></span> <span class='ocrx_word' id='word_1_19' title='bbox 1225 264 1314 302; x_wconf 65' lang='lat' dir='ltr'>felix,</span> 
     </span>
     <span class='ocr_line' id='line_1_4' title="bbox 572 311 1491 358; baseline 0.005 -16"><span class='ocrx_word' id='word_1_20' title='bbox 572 311 762 352; x_wconf 78' lang='lat' dir='ltr'><strong>Virginibus</strong></span> <span class='ocrx_word' id='word_1_21' title='bbox 785 312 878 343; x_wconf 80' lang='lat' dir='ltr'>datus</span> <span class='ocrx_word' id='word_1_22' title='bbox 903 313 958 344; x_wconf 91' lang='lat' dir='ltr'>ille</span> <span class='ocrx_word' id='word_1_23' title='bbox 983 324 1092 345; x_wconf 89' lang='lat' dir='ltr'>comes</span> <span class='ocrx_word' id='word_1_24' title='bbox 1117 325 1302 358; x_wconf 83' lang='lat' dir='ltr'>agnumque</span> <span class='ocrx_word' id='word_1_25' title='bbox 1327 318 1491 357; x_wconf 68' lang='lat' dir='ltr'>sequetur,</span> 
     </span>
     <span class='ocr_line' id='line_1_5' title="bbox 573 362 1509 409; baseline 0.004 -15"><span class='ocrx_word' id='word_1_26' title='bbox 573 362 646 399; x_wconf 80' lang='lat' dir='ltr'>Qua</span> <span class='ocrx_word' id='word_1_27' title='bbox 668 374 815 405; x_wconf 84' lang='lat' dir='ltr'>gressum</span> <span class='ocrx_word' id='word_1_28' title='bbox 838 365 966 397; x_wconf 89' lang='lat' dir='ltr'>tulerit:</span> <span class='ocrx_word' id='word_1_29' title='bbox 991 365 1141 407; x_wconf 90' lang='lat' dir='ltr'>quodque</span> <span class='ocrx_word' id='word_1_30' title='bbox 1166 369 1216 398; x_wconf 84' lang='lat' dir='ltr'>est</span> <span class='ocrx_word' id='word_1_31' title='bbox 1239 367 1348 398; x_wconf 84' lang='lat' dir='ltr'>natale</span> <span class='ocrx_word' id='word_1_32' title='bbox 1372 367 1509 409; x_wconf 72' lang='lat' dir='ltr'>pudicis,</span> 
     </span>
     <span class='ocr_line' id='line_1_6' title="bbox 573 415 1440 453; baseline 0.005 -7"><span class='ocrx_word' id='word_1_33' title='bbox 573 415 732 447; x_wconf 86' lang='lat' dir='ltr'>Concinet</span> <span class='ocrx_word' id='word_1_34' title='bbox 754 416 901 447; x_wconf 74' lang='lat' dir='ltr'>aetheria</span> <span class='ocrx_word' id='word_1_35' title='bbox 926 427 1078 448; x_wconf 90' lang='lat' dir='ltr'>resonum</span> <span class='ocrx_word' id='word_1_36' title='bbox 1102 417 1275 453; x_wconf 87' lang='lat' dir='ltr'>dulcedine</span> <span class='ocrx_word' id='word_1_37' title='bbox 1300 429 1440 450; x_wconf 81' lang='lat' dir='ltr'>carmen.</span> 
     </span>
    </p>

    <p class='ocr_par' dir='ltr' id='par_1_3' title="bbox 497 466 1518 562">
     <span class='ocr_line' id='line_1_7' title="bbox 497 466 1518 509; baseline 0.004 -12"><span class='ocrx_word' id='word_1_38' title='bbox 497 479 534 497; x_wconf 78' lang='lat'>235</span> <span class='ocrx_word' id='word_1_39' title='bbox 572 466 695 499; x_wconf 81' lang='lat' dir='ltr'>Tantus</span> <span class='ocrx_word' id='word_1_40' title='bbox 719 470 754 498; x_wconf 88' lang='lat' dir='ltr'>ut</span> <span class='ocrx_word' id='word_1_41' title='bbox 777 467 803 498; x_wconf 88' lang='lat' dir='ltr'>is</span> <span class='ocrx_word' id='word_1_42' title='bbox 826 467 929 507; x_wconf 74' lang='lat' dir='ltr'>fieret,</span> <span class='ocrx_word' id='word_1_43' title='bbox 953 471 1009 499; x_wconf 81' lang='lat' dir='ltr'>tua</span> <span class='ocrx_word' id='word_1_44' title='bbox 1033 472 1108 499; x_wconf 90' lang='lat' dir='ltr'>sunt</span> <span class='ocrx_word' id='word_1_45' title='bbox 1132 469 1213 500; x_wconf 84' lang='lat' dir='ltr'>haec</span> <span class='ocrx_word' id='word_1_46' title='bbox 1238 470 1356 509; x_wconf 80' lang='lat' dir='ltr'>munia,</span> <span class='ocrx_word' id='word_1_47' title='bbox 1381 469 1518 507; x_wconf 73' lang='lat' dir='ltr'>Christe,</span> 
     </span>
     <span class='ocr_line' id='line_1_8' title="bbox 573 518 1508 562; baseline 0.004 -13"><span class='ocrx_word' id='word_1_48' title='bbox 573 518 645 554; x_wconf 82' lang='lat' dir='ltr'>Quo</span> <span class='ocrx_word' id='word_1_49' title='bbox 670 519 740 550; x_wconf 88' lang='lat' dir='ltr'>sine</span> <span class='ocrx_word' id='word_1_50' title='bbox 764 519 810 550; x_wconf 90' lang='lat' dir='ltr'>nil</span> <span class='ocrx_word' id='word_1_51' title='bbox 832 522 967 557; x_wconf 74' lang='lat' dir='ltr'>rectum,</span> <span class='ocrx_word' id='word_1_52' title='bbox 992 530 1064 551; x_wconf 82' lang='lat' dir='ltr'>cum</span> <span class='ocrx_word' id='word_1_53' title='bbox 1088 531 1152 562; x_wconf 88' lang='lat' dir='ltr'>quo</span> <span class='ocrx_word' id='word_1_54' title='bbox 1177 525 1253 552; x_wconf 86' lang='lat' dir='ltr'>sunt</span> <span class='ocrx_word' id='word_1_55' title='bbox 1277 522 1386 553; x_wconf 78' lang='lat' dir='ltr'>omnia</span> <span class='ocrx_word' id='word_1_56' title='bbox 1409 526 1508 554; x_wconf 83' lang='lat' dir='ltr'>recta.</span> 
     </span>
    </p>

    <p class='ocr_par' dir='ltr' id='par_1_4' title="bbox 573 570 1851 715">
     <span class='ocr_line' id='line_1_9' title="bbox 617 570 1851 615; baseline 0.006 -14"><span class='ocrx_word' id='word_1_57' title='bbox 617 570 690 607; x_wconf 82' lang='lat' dir='ltr'>Qua</span> <span class='ocrx_word' id='word_1_58' title='bbox 712 570 775 601; x_wconf 91' lang='lat' dir='ltr'>duo</span> <span class='ocrx_word' id='word_1_59' title='bbox 799 570 960 602; x_wconf 81' lang='lat' dir='ltr'>caelicolis</span> <span class='ocrx_word' id='word_1_60' title='bbox 983 571 1144 613; x_wconf 82' lang='lat' dir='ltr'>quondam</span> <span class='ocrx_word' id='word_1_61' title='bbox 1168 573 1287 604; x_wconf 85' lang='lat' dir='ltr'>virtute</span> <span class='ocrx_word' id='word_1_62' title='bbox 1311 574 1451 615; x_wconf 80' lang='lat' dir='ltr'><strong>receptis</strong></span> <span class='ocrx_word' id='word_1_63' title='bbox 1594 583 1632 607; x_wconf 77' lang='lat' dir='ltr'>De</span> <span class='ocrx_word' id='word_1_64' title='bbox 1654 584 1718 607; x_wconf 72' lang='lat' dir='ltr'>bono</span> <span class='ocrx_word' id='word_1_65' title='bbox 1741 583 1851 615; x_wconf 72' lang='lat' dir='ltr'>hospita-</span> 
     </span>
     <span class='ocr_line' id='line_1_10' title="bbox 575 622 1766 664; baseline 0.003 -11"><span class='ocrx_word' id='word_1_66' title='bbox 575 622 809 664; x_wconf 81' lang='lat' dir='ltr'>Oomplacuere</span> <span class='ocrx_word' id='word_1_67' title='bbox 832 626 952 664; x_wconf 80' lang='lat' dir='ltr'>patres,</span> <span class='ocrx_word' id='word_1_68' title='bbox 977 623 1037 654; x_wconf 84' lang='lat' dir='ltr'>fuit</span> <span class='ocrx_word' id='word_1_69' title='bbox 1060 623 1141 655; x_wconf 85' lang='lat' dir='ltr'>haec</span> <span class='ocrx_word' id='word_1_70' title='bbox 1165 625 1338 656; x_wconf 80' lang='lat' dir='ltr'>vernacula</span> <span class='ocrx_word' id='word_1_71' title='bbox 1362 629 1485 662; x_wconf 77' lang='lat' dir='ltr'>sancto,</span> <span class='ocrx_word' id='word_1_72' title='bbox 1681 626 1766 650; x_wconf 74' lang='lat' dir='ltr'>litatis.</span> 
     </span>
     <span class='ocr_line' id='line_1_11' title="bbox 573 673 1381 715; baseline 0.004 -11"><span class='ocrx_word' id='word_1_73' title='bbox 573 673 746 715; x_wconf 87' lang='lat' dir='ltr'>Edictique</span> <span class='ocrx_word' id='word_1_74' title='bbox 769 684 892 705; x_wconf 89' lang='lat' dir='ltr'>memor</span> <span class='ocrx_word' id='word_1_75' title='bbox 914 674 1011 706; x_wconf 87' lang='lat' dir='ltr'>toties</span> <span class='ocrx_word' id='word_1_76' title='bbox 1035 674 1180 706; x_wconf 83' lang='lat' dir='ltr'>humana</span> <span class='ocrx_word' id='word_1_77' title='bbox 1202 677 1381 707; x_wconf 88' lang='lat' dir='ltr'>monentis:</span> 
     </span>
    </p>

    <p class='ocr_par' dir='ltr' id='par_1_5' title="bbox 498 725 1580 820">
     <span class='ocr_line' id='line_1_12' title="bbox 498 725 1580 769; baseline 0.001 -11"><span class='ocrx_word' id='word_1_78' title='bbox 498 739 536 758; x_wconf 62' lang='grc' dir='ltr'>κιο</span> <span class='ocrx_word' id='word_1_79' title='bbox 574 725 634 757; x_wconf 79' lang='lat' dir='ltr'>Oui</span> <span class='ocrx_word' id='word_1_80' title='bbox 659 726 743 758; x_wconf 86' lang='lat' dir='ltr'>bene</span> <span class='ocrx_word' id='word_1_81' title='bbox 766 736 843 757; x_wconf 85' lang='lat' dir='ltr'>mox</span> <span class='ocrx_word' id='word_1_82' title='bbox 865 726 978 765; x_wconf 75' lang='lat' dir='ltr'>facias,</span> <span class='ocrx_word' id='word_1_83' title='bbox 1003 737 1198 769; x_wconf 76' lang='lat' dir='ltr'>quemquam</span> <span class='ocrx_word' id='word_1_84' title='bbox 1221 739 1285 759; x_wconf 92' lang='lat' dir='ltr'>non</span> <span class='ocrx_word' id='word_1_85' title='bbox 1310 739 1383 760; x_wconf 88' lang='lat' dir='ltr'>esse</span> <span class='ocrx_word' id='word_1_86' title='bbox 1405 728 1580 769; x_wconf 90' lang='lat' dir='ltr'>legendum</span> 
     </span>
     <span class='ocr_line' id='line_1_13' title="bbox 575 778 1290 820; baseline 0.003 -11"><span class='ocrx_word' id='word_1_87' title='bbox 575 778 734 820; x_wconf 83' lang='lat' dir='ltr'>Quodque</span> <span class='ocrx_word' id='word_1_88' title='bbox 757 778 871 809; x_wconf 79' lang='lat' dir='ltr'>viatori</span> <span class='ocrx_word' id='word_1_89' title='bbox 895 781 1072 820; x_wconf 88' lang='lat' dir='ltr'>patuerunt</span> <span class='ocrx_word' id='word_1_90' title='bbox 1095 780 1178 810; x_wconf 84' lang='lat' dir='ltr'>ostia</span> <span class='ocrx_word' id='word_1_91' title='bbox 1202 780 1290 816; x_wconf 76' lang='lat' dir='ltr'>iusti,</span> 
     </span>
    </p>

    <p class='ocr_par' dir='ltr' id='par_1_6' title="bbox 574 830 1465 976">
     <span class='ocr_line' id='line_1_14' title="bbox 574 830 1422 873; baseline 0.002 -12"><span class='ocrx_word' id='word_1_92' title='bbox 574 830 732 861; x_wconf 85' lang='lat' dir='ltr'>Omnibus</span> <span class='ocrx_word' id='word_1_93' title='bbox 756 830 887 872; x_wconf 88' lang='lat' dir='ltr'>hospitii</span> <span class='ocrx_word' id='word_1_94' title='bbox 911 831 1119 872; x_wconf 78' lang='lat' dir='ltr'>praelargum</span> <span class='ocrx_word' id='word_1_95' title='bbox 1143 832 1294 873; x_wconf 79' lang='lat' dir='ltr'>praebuit</span> <span class='ocrx_word' id='word_1_96' title='bbox 1317 842 1422 864; x_wconf 92' lang='lat' dir='ltr'>usum.</span> 
     </span>
     <span class='ocr_line' id='line_1_15' title="bbox 575 882 1465 925; baseline 0.002 -12"><span class='ocrx_word' id='word_1_97' title='bbox 575 882 679 914; x_wconf 85' lang='lat' dir='ltr'>Nemo</span> <span class='ocrx_word' id='word_1_98' title='bbox 703 885 754 913; x_wconf 87' lang='lat' dir='ltr'>est</span> <span class='ocrx_word' id='word_1_99' title='bbox 776 885 943 924; x_wconf 79' lang='lat' dir='ltr'>exceptus,</span> <span class='ocrx_word' id='word_1_100' title='bbox 966 893 1144 924; x_wconf 88' lang='lat' dir='ltr'>perpessus</span> <span class='ocrx_word' id='word_1_101' title='bbox 1167 893 1260 914; x_wconf 91' lang='lat' dir='ltr'>nemo</span> <span class='ocrx_word' id='word_1_102' title='bbox 1285 884 1465 925; x_wconf 79' lang='lat' dir='ltr'>repulsam:</span> 
     </span>
     <span class='ocr_line' id='line_1_16' title="bbox 575 934 1356 976; baseline 0.001 -11"><span class='ocrx_word' id='word_1_103' title='bbox 575 934 721 976; x_wconf 86' lang='lat' dir='ltr'>Collegit</span> <span class='ocrx_word' id='word_1_104' title='bbox 739 938 881 971; x_wconf 77' lang='lat' dir='ltr'>cunctos,</span> <span class='ocrx_word' id='word_1_105' title='bbox 906 934 1025 965; x_wconf 77' lang='lat' dir='ltr'>struxit</span> <span class='ocrx_word' id='word_1_106' title='bbox 1048 935 1198 966; x_wconf 82' lang='lat' dir='ltr'>convivia</span> <span class='ocrx_word' id='word_1_107' title='bbox 1220 936 1356 973; x_wconf 77' lang='lat' dir='ltr'>cunctis,</span> 
     </span>
    </p>

    <p class='ocr_par' dir='ltr' id='par_1_7' title="bbox 499 985 1499 1236">
     <span class='ocr_line' id='line_1_17' title="bbox 499 985 1496 1028; baseline 0 -10"><span class='ocrx_word' id='word_1_108' title='bbox 499 999 538 1018; x_wconf 60' lang='grc' dir='ltr'>με,</span> <span class='ocrx_word' id='word_1_109' title='bbox 574 986 688 1017; x_wconf 89' lang='lat' dir='ltr'>Intulit</span> <span class='ocrx_word' id='word_1_110' title='bbox 711 986 782 1028; x_wconf 90' lang='lat' dir='ltr'>ipse</span> <span class='ocrx_word' id='word_1_111' title='bbox 806 985 924 1028; x_wconf 80' lang='lat' dir='ltr'>dapes:</span> <span class='ocrx_word' id='word_1_112' title='bbox 948 986 1139 1028; x_wconf 86' lang='lat' dir='ltr'>cunctisque</span> <span class='ocrx_word' id='word_1_113' title='bbox 1163 986 1338 1018; x_wconf 87' lang='lat' dir='ltr'>undeunde</span> <span class='ocrx_word' id='word_1_114' title='bbox 1362 987 1496 1018; x_wconf 84' lang='lat' dir='ltr'>refectis</span> 
     </span>
     <span class='ocr_line' id='line_1_18' title="bbox 575 1037 1438 1080; baseline 0.002 -11"><span class='ocrx_word' id='word_1_115' title='bbox 575 1037 699 1069; x_wconf 82' lang='lat' dir='ltr'>Esuriit</span> <span class='ocrx_word' id='word_1_116' title='bbox 722 1038 820 1070; x_wconf 90' lang='lat' dir='ltr'>solus.</span> <span class='ocrx_word' id='word_1_117' title='bbox 865 1037 1031 1073; x_wconf 81' lang='lat' dir='ltr'>Quantum</span> <span class='ocrx_word' id='word_1_118' title='bbox 1054 1038 1105 1070; x_wconf 87' lang='lat' dir='ltr'>his</span> <span class='ocrx_word' id='word_1_119' title='bbox 1130 1038 1316 1080; x_wconf 80' lang='lat' dir='ltr'>dependere</span> <span class='ocrx_word' id='word_1_120' title='bbox 1341 1049 1438 1071; x_wconf 83' lang='lat' dir='ltr'>curae</span> 
     </span>
     <span class='ocr_line' id='line_1_19' title="bbox 576 1090 1499 1132; baseline 0.001 -11"><span class='ocrx_word' id='word_1_121' title='bbox 576 1090 765 1122; x_wconf 88' lang='lat' dir='ltr'>Dilectusve</span> <span class='ocrx_word' id='word_1_122' title='bbox 792 1090 861 1126; x_wconf 83' lang='lat' dir='ltr'>fuit,</span> <span class='ocrx_word' id='word_1_123' title='bbox 887 1094 1019 1132; x_wconf 83' lang='lat' dir='ltr'>caperet</span> <span class='ocrx_word' id='word_1_124' title='bbox 1042 1094 1194 1132; x_wconf 80' lang='lat' dir='ltr'>tanquam</span> <span class='ocrx_word' id='word_1_125' title='bbox 1218 1092 1326 1122; x_wconf 85' lang='lat' dir='ltr'>omnia</span> <span class='ocrx_word' id='word_1_126' title='bbox 1350 1091 1499 1122; x_wconf 82' lang='lat' dir='ltr'>Christus</span> 
     </span>
     <span class='ocr_line' id='line_1_20' title="bbox 576 1142 1450 1185; baseline 0.001 -12"><span class='ocrx_word' id='word_1_127' title='bbox 576 1142 691 1174; x_wconf 79' lang='lat' dir='ltr'>Officia</span> <span class='ocrx_word' id='word_1_128' title='bbox 715 1146 747 1174; x_wconf 89' lang='lat' dir='ltr'>et</span> <span class='ocrx_word' id='word_1_129' title='bbox 769 1142 925 1174; x_wconf 87' lang='lat' dir='ltr'>membris</span> <span class='ocrx_word' id='word_1_130' title='bbox 949 1146 1017 1174; x_wconf 85' lang='lat' dir='ltr'>tum</span> <span class='ocrx_word' id='word_1_131' title='bbox 1040 1143 1326 1185; x_wconf 79' lang='lat' dir='ltr'>praesentissimus</span> <span class='ocrx_word' id='word_1_132' title='bbox 1352 1147 1450 1175; x_wconf 86' lang='lat' dir='ltr'>esset.</span> 
     </span>
     <span class='ocr_line' id='line_1_21' title="bbox 576 1193 1403 1236; baseline 0.001 -12"><span class='ocrx_word' id='word_1_133' title='bbox 576 1193 637 1225; x_wconf 90' lang='lat' dir='ltr'>Ille</span> <span class='ocrx_word' id='word_1_134' title='bbox 660 1193 779 1235; x_wconf 89' lang='lat' dir='ltr'>pedum</span> <span class='ocrx_word' id='word_1_135' title='bbox 803 1193 916 1225; x_wconf 88' lang='lat' dir='ltr'>sordes</span> <span class='ocrx_word' id='word_1_136' title='bbox 940 1194 1090 1225; x_wconf 79' lang='lat' dir='ltr'>manibus</span> <span class='ocrx_word' id='word_1_137' title='bbox 1114 1193 1279 1236; x_wconf 85' lang='lat' dir='ltr'>depellere</span> <span class='ocrx_word' id='word_1_138' title='bbox 1304 1194 1403 1225; x_wconf 83' lang='lat' dir='ltr'>castis</span> 
     </span>
    </p>

    <p class='ocr_par' dir='ltr' id='par_1_8' title="bbox 500 1245 1394 1288">
     <span class='ocr_line' id='line_1_22' title="bbox 500 1245 1394 1288; baseline -0.001 -11"><span class='ocrx_word' id='word_1_139' title='bbox 500 1259 538 1277; x_wconf 60' lang='grc' dir='ltr'>κω</span> <span class='ocrx_word' id='word_1_140' title='bbox 577 1245 764 1287; x_wconf 83' lang='lat' dir='ltr'>Osculaque</span> <span class='ocrx_word' id='word_1_141' title='bbox 787 1246 927 1277; x_wconf 84' lang='lat' dir='ltr'>extersis</span> <span class='ocrx_word' id='word_1_142' title='bbox 950 1246 1110 1277; x_wconf 81' lang='lat' dir='ltr'>instanter</span> <span class='ocrx_word' id='word_1_143' title='bbox 1134 1246 1235 1287; x_wconf 89' lang='lat' dir='ltr'>figere</span> <span class='ocrx_word' id='word_1_144' title='bbox 1259 1246 1394 1288; x_wconf 86' lang='lat' dir='ltr'>plantis:</span> 
     </span>
    </p>

    <p class='ocr_par' dir='ltr' id='par_1_9' title="bbox 576 1297 1440 1495">
     <span class='ocr_line' id='line_1_23' title="bbox 576 1297 1340 1340; baseline 0.001 -12"><span class='ocrx_word' id='word_1_145' title='bbox 576 1297 613 1328; x_wconf 91' lang='lat' dir='ltr'>Id</span> <span class='ocrx_word' id='word_1_146' title='bbox 637 1297 754 1329; x_wconf 88' lang='lat' dir='ltr'>fecisse</span> <span class='ocrx_word' id='word_1_147' title='bbox 777 1297 873 1328; x_wconf 86' lang='lat' dir='ltr'>deum</span> <span class='ocrx_word' id='word_1_148' title='bbox 896 1301 929 1328; x_wconf 93' lang='lat' dir='ltr'>et</span> <span class='ocrx_word' id='word_1_149' title='bbox 950 1297 1020 1329; x_wconf 88' lang='lat' dir='ltr'>fieri</span> <span class='ocrx_word' id='word_1_150' title='bbox 1044 1298 1180 1329; x_wconf 91' lang='lat' dir='ltr'>iussisse</span> <span class='ocrx_word' id='word_1_151' title='bbox 1205 1298 1340 1340; x_wconf 90' lang='lat' dir='ltr'>peritus.</span> 
     </span>
     <span class='ocr_line' id='line_1_24' title="bbox 576 1349 1290 1391; baseline 0.001 -11"><span class='ocrx_word' id='word_1_152' title='bbox 576 1349 740 1381; x_wconf 85' lang='lat' dir='ltr'>Invalidos</span> <span class='ocrx_word' id='word_1_153' title='bbox 763 1349 843 1381; x_wconf 82' lang='lat' dir='ltr'>mira.</span> <span class='ocrx_word' id='word_1_154' title='bbox 867 1359 995 1391; x_wconf 88' lang='lat' dir='ltr'>semper</span> <span class='ocrx_word' id='word_1_155' title='bbox 1016 1349 1138 1391; x_wconf 79' lang='lat' dir='ltr'>pietate</span> <span class='ocrx_word' id='word_1_156' title='bbox 1162 1350 1290 1381; x_wconf 85' lang='lat' dir='ltr'>refecit:</span> 
     </span>
     <span class='ocr_line' id='line_1_25' title="bbox 577 1400 1342 1443; baseline 0 -11"><span class='ocrx_word' id='word_1_157' title='bbox 577 1400 761 1443; x_wconf 80' lang='lat' dir='ltr'>Desperata</span> <span class='ocrx_word' id='word_1_158' title='bbox 783 1400 838 1432; x_wconf 91' lang='lat' dir='ltr'>diu</span> <span class='ocrx_word' id='word_1_159' title='bbox 863 1411 922 1432; x_wconf 86' lang='lat' dir='ltr'>nec</span> <span class='ocrx_word' id='word_1_160' title='bbox 947 1401 1010 1432; x_wconf 80' lang='lat' dir='ltr'>iam</span> <span class='ocrx_word' id='word_1_161' title='bbox 1035 1401 1207 1432; x_wconf 80' lang='lat' dir='ltr'>medicalia</span> <span class='ocrx_word' id='word_1_162' title='bbox 1231 1401 1342 1432; x_wconf 87' lang='lat' dir='ltr'>multis</span> 
     </span>
     <span class='ocr_line' id='line_1_26' title="bbox 577 1452 1440 1495; baseline 0.001 -12"><span class='ocrx_word' id='word_1_163' title='bbox 577 1452 694 1484; x_wconf 81' lang='lat' dir='ltr'>Ulcera</span> <span class='ocrx_word' id='word_1_164' title='bbox 717 1452 792 1484; x_wconf 91' lang='lat' dir='ltr'>dum</span> <span class='ocrx_word' id='word_1_165' title='bbox 816 1452 906 1492; x_wconf 85' lang='lat' dir='ltr'>fovit,</span> <span class='ocrx_word' id='word_1_166' title='bbox 931 1453 1058 1494; x_wconf 90' lang='lat' dir='ltr'>quoties</span> <span class='ocrx_word' id='word_1_167' title='bbox 1083 1463 1102 1484; x_wconf 83' lang='lat' dir='ltr'><strong>a</strong></span> <span class='ocrx_word' id='word_1_168' title='bbox 1125 1456 1228 1484; x_wconf 87' lang='lat' dir='ltr'>morte</span> <span class='ocrx_word' id='word_1_169' title='bbox 1254 1453 1440 1495; x_wconf 84' lang='lat' dir='ltr'>resumpsit.</span> 
     </span>
    </p>

    <p class='ocr_par' dir='ltr' id='par_1_10' title="bbox 501 1503 1483 1650">
     <span class='ocr_line' id='line_1_27' title="bbox 501 1503 1420 1547; baseline 0 -12"><span class='ocrx_word' id='word_1_170' title='bbox 501 1517 538 1535; x_wconf 72' lang='lat'>255</span> <span class='ocrx_word' id='word_1_171' title='bbox 575 1504 638 1536; x_wconf 88' lang='lat' dir='ltr'>Hic</span> <span class='ocrx_word' id='word_1_172' title='bbox 662 1505 768 1536; x_wconf 78' lang='lat' dir='ltr'>caecis</span> <span class='ocrx_word' id='word_1_173' title='bbox 792 1505 914 1542; x_wconf 78' lang='lat' dir='ltr'>oculus,</span> <span class='ocrx_word' id='word_1_174' title='bbox 938 1515 997 1547; x_wconf 90' lang='lat' dir='ltr'>pes</span> <span class='ocrx_word' id='word_1_175' title='bbox 1019 1503 1105 1536; x_wconf 90' lang='lat' dir='ltr'>idem</span> <span class='ocrx_word' id='word_1_176' title='bbox 1130 1504 1270 1546; x_wconf 90' lang='lat' dir='ltr'>denique</span> <span class='ocrx_word' id='word_1_177' title='bbox 1295 1504 1420 1535; x_wconf 80' lang='lat' dir='ltr'>claudis</span> 
     </span>
     <span class='ocr_line' id='line_1_28' title="bbox 576 1555 1483 1599; baseline -0.002 -11"><span class='ocrx_word' id='word_1_178' title='bbox 576 1556 845 1599; x_wconf 75' lang='lat' dir='ltr'>pauperibusque</span> <span class='ocrx_word' id='word_1_179' title='bbox 869 1559 977 1599; x_wconf 80' lang='lat' dir='ltr'>pater:</span> <span class='ocrx_word' id='word_1_180' title='bbox 1002 1556 1048 1588; x_wconf 85' lang='lat' dir='ltr'>sic</span> <span class='ocrx_word' id='word_1_181' title='bbox 1073 1556 1222 1588; x_wconf 88' lang='lat' dir='ltr'>omnibus</span> <span class='ocrx_word' id='word_1_182' title='bbox 1245 1556 1353 1587; x_wconf 84' lang='lat' dir='ltr'>omnia</span> <span class='ocrx_word' id='word_1_183' title='bbox 1376 1555 1483 1589; x_wconf 80' lang='lat' dir='ltr'>factus</span> 
     </span>
     <span class='ocr_line' id='line_1_29' title="bbox 577 1608 1301 1650; baseline -0.001 -10"><span class='ocrx_word' id='word_1_184' title='bbox 577 1608 697 1640; x_wconf 83' lang='lat' dir='ltr'>Offecit</span> <span class='ocrx_word' id='word_1_185' title='bbox 719 1609 827 1648; x_wconf 83' lang='lat' dir='ltr'>nullis,</span> <span class='ocrx_word' id='word_1_186' title='bbox 851 1608 990 1640; x_wconf 86' lang='lat' dir='ltr'>certavit</span> <span class='ocrx_word' id='word_1_187' title='bbox 1011 1608 1140 1650; x_wconf 77' lang='lat' dir='ltr'>profore</span> <span class='ocrx_word' id='word_1_188' title='bbox 1165 1609 1301 1639; x_wconf 86' lang='lat' dir='ltr'>cunetis.</span> 
     </span>
    </p>

    <p class='ocr_par' dir='ltr' id='par_1_11' title="bbox 578 1659 1860 1754">
     <span class='ocr_line' id='line_1_30' title="bbox 621 1659 1860 1703; baseline -0.002 -11"><span class='ocrx_word' id='word_1_189' title='bbox 621 1659 766 1703; x_wconf 88' lang='lat' dir='ltr'>Cumque</span> <span class='ocrx_word' id='word_1_190' title='bbox 789 1661 859 1702; x_wconf 89' lang='lat' dir='ltr'>ipso</span> <span class='ocrx_word' id='word_1_191' title='bbox 882 1663 1008 1691; x_wconf 76' lang='lat' dir='ltr'>tantum</span> <span class='ocrx_word' id='word_1_192' title='bbox 1031 1659 1142 1692; x_wconf 80' lang='lat' dir='ltr'>videas</span> <span class='ocrx_word' id='word_1_193' title='bbox 1168 1660 1227 1691; x_wconf 89' lang='lat' dir='ltr'>hoc</span> <span class='ocrx_word' id='word_1_194' title='bbox 1251 1663 1398 1702; x_wconf 86' lang='lat' dir='ltr'>tempore</span> <span class='ocrx_word' id='word_1_195' title='bbox 1422 1660 1540 1691; x_wconf 84' lang='lat' dir='ltr'>multos</span> <span class='ocrx_word' id='word_1_196' title='bbox 1603 1673 1677 1703; x_wconf 71' lang='lat' dir='ltr'>Quod</span> <span class='ocrx_word' id='word_1_197' title='bbox 1707 1673 1734 1697; x_wconf 63' lang='lat' dir='ltr'>f„</span> <span class='ocrx_word' id='word_1_198' title='bbox 1765 1673 1860 1697; x_wconf 70' lang='lat' dir='ltr'>eaeculi</span> 
     </span>
     <span class='ocr_line' id='line_1_31' title="bbox 578 1711 1858 1754; baseline -0.002 -11"><span class='ocrx_word' id='word_1_199' title='bbox 578 1712 729 1744; x_wconf 84' lang='lat' dir='ltr'>Secretos</span> <span class='ocrx_word' id='word_1_200' title='bbox 753 1722 772 1743; x_wconf 80' lang='lat' dir='ltr'>a</span> <span class='ocrx_word' id='word_1_201' title='bbox 795 1711 892 1754; x_wconf 90' lang='lat' dir='ltr'>plebe</span> <span class='ocrx_word' id='word_1_202' title='bbox 915 1712 986 1743; x_wconf 88' lang='lat' dir='ltr'>loco</span> <span class='ocrx_word' id='word_1_203' title='bbox 1010 1712 1165 1754; x_wconf 90' lang='lat' dir='ltr'>nulloque</span> <span class='ocrx_word' id='word_1_204' title='bbox 1189 1711 1310 1754; x_wconf 89' lang='lat' dir='ltr'>pudore</span> <span class='ocrx_word' id='word_1_205' title='bbox 1594 1717 1744 1749; x_wconf 70' lang='lat' dir='ltr'>frequentia</span> <span class='ocrx_word' id='word_1_206' title='bbox 1788 1716 1858 1740; x_wconf 78' lang='lat' dir='ltr'>here-</span> 
     </span>
    </p>

    <p class='ocr_par' dir='ltr' id='par_1_12' title="bbox 502 1759 1846 1857">
     <span class='ocr_line' id='line_1_32' title="bbox 502 1759 1846 1806; baseline -0.001 -10"><span class='ocrx_word' id='word_1_207' title='bbox 502 1778 540 1796; x_wconf 67' lang='lat' dir='ltr'>m»</span> <span class='ocrx_word' id='word_1_208' title='bbox 576 1763 754 1796; x_wconf 81' lang='lat' dir='ltr'>Adfectare</span> <span class='ocrx_word' id='word_1_209' title='bbox 777 1764 892 1795; x_wconf 80' lang='lat' dir='ltr'>animis</span> <span class='ocrx_word' id='word_1_210' title='bbox 916 1763 1028 1795; x_wconf 89' lang='lat' dir='ltr'>itidem</span> <span class='ocrx_word' id='word_1_211' title='bbox 1052 1763 1223 1806; x_wconf 78' lang='lat' dir='ltr'>popularia</span> <span class='ocrx_word' id='word_1_212' title='bbox 1246 1763 1343 1795; x_wconf 80' lang='lat' dir='ltr'>laxis:</span> <span class='ocrx_word' id='word_1_213' title='bbox 1617 1766 1685 1783; x_wconf 81' lang='lat' dir='ltr'>mum</span> <span class='ocrx_word' id='word_1_214' title='bbox 1703 1759 1846 1784; x_wconf 68' lang='lat' dir='ltr'>servaverit.</span> 
     </span>
     <span class='ocr_line' id='line_1_33' title="bbox 578 1814 1378 1857; baseline -0.003 -10"><span class='ocrx_word' id='word_1_215' title='bbox 578 1815 640 1847; x_wconf 87' lang='lat' dir='ltr'>Hic</span> <span class='ocrx_word' id='word_1_216' title='bbox 665 1816 733 1847; x_wconf 89' lang='lat' dir='ltr'>vice</span> <span class='ocrx_word' id='word_1_217' title='bbox 757 1826 923 1854; x_wconf 71' lang='lat' dir='ltr'>conversa,</span> <span class='ocrx_word' id='word_1_218' title='bbox 947 1826 1019 1846; x_wconf 83' lang='lat' dir='ltr'>raro</span> <span class='ocrx_word' id='word_1_219' title='bbox 1042 1815 1129 1857; x_wconf 90' lang='lat' dir='ltr'>quod</span> <span class='ocrx_word' id='word_1_220' title='bbox 1152 1815 1288 1857; x_wconf 88' lang='lat' dir='ltr'>contigit</span> <span class='ocrx_word' id='word_1_221' title='bbox 1310 1814 1378 1849; x_wconf 80' lang='lat' dir='ltr'>uni,</span> 
     </span>
    </p>

    <p class='ocr_par' dir='ltr' id='par_1_13' title="bbox 578 1868 1488 2012">
     <span class='ocr_line' id='line_1_34' title="bbox 579 1868 1355 1911; baseline -0.001 -11"><span class='ocrx_word' id='word_1_222' title='bbox 579 1869 615 1900; x_wconf 92' lang='lat' dir='ltr'>In</span> <span class='ocrx_word' id='word_1_223' title='bbox 640 1868 767 1911; x_wconf 89' lang='lat' dir='ltr'>populis</span> <span class='ocrx_word' id='word_1_224' title='bbox 790 1868 925 1900; x_wconf 79' lang='lat' dir='ltr'>nitidam</span> <span class='ocrx_word' id='word_1_225' title='bbox 950 1869 1070 1900; x_wconf 82' lang='lat' dir='ltr'>secreti</span> <span class='ocrx_word' id='word_1_226' title='bbox 1094 1878 1230 1900; x_wconf 89' lang='lat' dir='ltr'>munere</span> <span class='ocrx_word' id='word_1_227' title='bbox 1254 1868 1355 1899; x_wconf 81' lang='lat' dir='ltr'>vitam</span> 
     </span>
     <span class='ocr_line' id='line_1_35' title="bbox 578 1919 1488 1962; baseline -0.002 -10"><span class='ocrx_word' id='word_1_228' title='bbox 578 1920 736 1959; x_wconf 73' lang='lat' dir='ltr'>obtinuit,</span> <span class='ocrx_word' id='word_1_229' title='bbox 759 1919 909 1962; x_wconf 91' lang='lat' dir='ltr'>quodque</span> <span class='ocrx_word' id='word_1_230' title='bbox 933 1923 984 1951; x_wconf 87' lang='lat' dir='ltr'>est</span> <span class='ocrx_word' id='word_1_231' title='bbox 1008 1921 1134 1957; x_wconf 85' lang='lat' dir='ltr'>mirum,</span> <span class='ocrx_word' id='word_1_232' title='bbox 1159 1919 1322 1951; x_wconf 80' lang='lat' dir='ltr'>mundalia</span> <span class='ocrx_word' id='word_1_233' title='bbox 1346 1922 1488 1950; x_wconf 80' lang='lat' dir='ltr'>tractans</span> 
     </span>
     <span class='ocr_line' id='line_1_36' title="bbox 579 1970 1319 2012; baseline -0.003 -9"><span class='ocrx_word' id='word_1_234' title='bbox 579 1971 720 2003; x_wconf 79' lang='lat' dir='ltr'>Fallacis</span> <span class='ocrx_word' id='word_1_235' title='bbox 744 1972 874 2003; x_wconf 90' lang='lat' dir='ltr'>minime</span> <span class='ocrx_word' id='word_1_236' title='bbox 899 1971 998 2003; x_wconf 83' lang='lat' dir='ltr'>traxit</span> <span class='ocrx_word' id='word_1_237' title='bbox 1023 1971 1174 2012; x_wconf 82' lang='lat' dir='ltr'>contagia</span> <span class='ocrx_word' id='word_1_238' title='bbox 1197 1970 1319 2002; x_wconf 90' lang='lat' dir='ltr'>mundi.</span> 
     </span>
    </p>

    <p class='ocr_par' dir='ltr' id='par_1_14' title="bbox 504 2021 1464 2168">
     <span class='ocr_line' id='line_1_37' title="bbox 504 2021 1464 2065; baseline -0.002 -11"><span class='ocrx_word' id='word_1_239' title='bbox 504 2036 542 2055; x_wconf 74' lang='lat'>²65</span> <span class='ocrx_word' id='word_1_240' title='bbox 579 2022 608 2054; x_wconf 92' lang='lat' dir='ltr'>O</span> <span class='ocrx_word' id='word_1_241' title='bbox 631 2023 764 2055; x_wconf 88' lang='lat' dir='ltr'>mirum:</span> <span class='ocrx_word' id='word_1_242' title='bbox 788 2023 897 2065; x_wconf 79' lang='lat' dir='ltr'>piceas</span> <span class='ocrx_word' id='word_1_243' title='bbox 922 2033 1116 2065; x_wconf 81' lang='lat' dir='ltr'>quemquam</span> <span class='ocrx_word' id='word_1_244' title='bbox 1140 2022 1329 2063; x_wconf 87' lang='lat' dir='ltr'>contingere</span> <span class='ocrx_word' id='word_1_245' title='bbox 1353 2021 1464 2053; x_wconf 89' lang='lat' dir='ltr'>sordes</span> 
     </span>
     <span class='ocr_line' id='line_1_38' title="bbox 579 2073 1444 2117; baseline -0.002 -11"><span class='ocrx_word' id='word_1_246' title='bbox 579 2074 649 2106; x_wconf 85' lang='lat' dir='ltr'>Nec</span> <span class='ocrx_word' id='word_1_247' title='bbox 672 2075 744 2117; x_wconf 86' lang='lat' dir='ltr'>pice</span> <span class='ocrx_word' id='word_1_248' title='bbox 769 2074 912 2106; x_wconf 82' lang='lat' dir='ltr'>foedari:</span> <span class='ocrx_word' id='word_1_249' title='bbox 937 2074 1063 2112; x_wconf 77' lang='lat' dir='ltr'>mirum,</span> <span class='ocrx_word' id='word_1_250' title='bbox 1087 2073 1173 2116; x_wconf 90' lang='lat' dir='ltr'>quod</span> <span class='ocrx_word' id='word_1_251' title='bbox 1197 2073 1347 2105; x_wconf 87' lang='lat' dir='ltr'>conditus</span> <span class='ocrx_word' id='word_1_252' title='bbox 1371 2074 1444 2104; x_wconf 87' lang='lat' dir='ltr'>imis</span> 
     </span>
     <span class='ocr_line' id='line_1_39' title="bbox 580 2125 1427 2168; baseline -0.002 -10"><span class='ocrx_word' id='word_1_253' title='bbox 580 2126 669 2168; x_wconf 83' lang='lat' dir='ltr'>Ignis</span> <span class='ocrx_word' id='word_1_254' title='bbox 693 2129 746 2158; x_wconf 81' lang='lat' dir='ltr'>eat</span> <span class='ocrx_word' id='word_1_255' title='bbox 769 2126 894 2157; x_wconf 84' lang='lat' dir='ltr'>sinibus</span> <span class='ocrx_word' id='word_1_256' title='bbox 918 2129 1094 2168; x_wconf 86' lang='lat' dir='ltr'>vestesque</span> <span class='ocrx_word' id='word_1_257' title='bbox 1119 2125 1266 2157; x_wconf 83' lang='lat' dir='ltr'>ferantur</span> <span class='ocrx_word' id='word_1_258' title='bbox 1288 2125 1427 2156; x_wconf 84' lang='lat' dir='ltr'>inustae.</span> 
     </span>
    </p>

    <p class='ocr_par' dir='ltr' id='par_1_15' title="bbox 581 2177 1859 2271">
     <span class='ocr_line' id='line_1_40' title="bbox 624 2177 1859 2220; baseline -0.002 -10"><span class='ocrx_word' id='word_1_259' title='bbox 624 2178 783 2210; x_wconf 81' lang='lat' dir='ltr'>Curarum</span> <span class='ocrx_word' id='word_1_260' title='bbox 806 2188 984 2220; x_wconf 79' lang='lat' dir='ltr'>permagna</span> <span class='ocrx_word' id='word_1_261' title='bbox 1008 2178 1068 2209; x_wconf 85' lang='lat' dir='ltr'>fuit</span> <span class='ocrx_word' id='word_1_262' title='bbox 1091 2177 1275 2209; x_wconf 79' lang='lat' dir='ltr'>conducere</span> <span class='ocrx_word' id='word_1_263' title='bbox 1300 2187 1428 2219; x_wconf 84' lang='lat' dir='ltr'>semper</span> <span class='ocrx_word' id='word_1_264' title='bbox 1606 2185 1645 2209; x_wconf 66' lang='lat' dir='ltr'>De</span> <span class='ocrx_word' id='word_1_265' title='bbox 1672 2183 1825 2209; x_wconf 66' lang='lat' dir='ltr'>monasterio</span> <span class='ocrx_word' id='word_1_266' title='bbox 1844 2192 1859 2207; x_wconf 82' lang='lat' dir='ltr'><strong><em>a</em></strong></span> 
     </span>
     <span class='ocr_line' id='line_1_41' title="bbox 581 2228 1829 2271; baseline -0.002 -9"><span class='ocrx_word' id='word_1_267' title='bbox 581 2230 760 2267; x_wconf 79' lang='lat' dir='ltr'>Ecclesiae,</span> <span class='ocrx_word' id='word_1_268' title='bbox 787 2229 838 2261; x_wconf 91' lang='lat' dir='ltr'>cui</span> <span class='ocrx_word' id='word_1_269' title='bbox 861 2233 969 2261; x_wconf 89' lang='lat' dir='ltr'>rector</span> <span class='ocrx_word' id='word_1_270' title='bbox 992 2233 1062 2260; x_wconf 82' lang='lat' dir='ltr'>erat</span> <span class='ocrx_word' id='word_1_271' title='bbox 1085 2239 1246 2271; x_wconf 81' lang='lat' dir='ltr'>quamque</span> <span class='ocrx_word' id='word_1_272' title='bbox 1271 2228 1384 2260; x_wconf 88' lang='lat' dir='ltr'>ordine</span> <span class='ocrx_word' id='word_1_273' title='bbox 1409 2228 1489 2260; x_wconf 87' lang='lat' dir='ltr'>miro</span> <span class='ocrx_word' id='word_1_274' title='bbox 1632 2237 1657 2251; x_wconf 61' lang='grc' dir='ltr'>Μ’</span> <span class='ocrx_word' id='word_1_275' title='bbox 1675 2231 1829 2252; x_wconf 67' lang='lat' dir='ltr'>cmmtructo.</span> 
     </span>
    </p>

    <p class='ocr_par' dir='ltr' id='par_1_16' title="bbox 508 2273 1364 2323">
     <span class='ocr_line' id='line_1_42' title="bbox 508 2273 1364 2323; baseline -0.004 -9"><span class='ocrx_word' id='word_1_276' title='bbox 508 2295 547 2314; x_wconf 80' lang='lat'>2¹10</span> <span class='ocrx_word' id='word_1_277' title='bbox 584 2273 781 2323; x_wconf 80' lang='lat' dir='ltr'>Augmentis</span> <span class='ocrx_word' id='word_1_278' title='bbox 806 2284 938 2312; x_wconf 81' lang='lat' dir='ltr'>sanctae</span> <span class='ocrx_word' id='word_1_279' title='bbox 963 2291 1159 2323; x_wconf 86' lang='lat' dir='ltr'>componens</span> <span class='ocrx_word' id='word_1_280' title='bbox 1184 2280 1364 2322; x_wconf 88' lang='lat' dir='ltr'>relligionis</span> 
     </span>
    </p>
   </div>
   <div class='ocr_carea' id='block_1_3' title="bbox 321 2458 1860 2492">
    <p class='ocr_par' dir='ltr' id='par_1_17' title="bbox 321 2458 1860 2492">
     <span class='ocr_line' id='line_1_43' title="bbox 321 2458 1860 2492; baseline -0.003 -5"><span class='ocrx_word' id='word_1_281' title='bbox 321 2463 427 2488; x_wconf 78' lang='lat' dir='ltr'>Scholia</span> <span class='ocrx_word' id='word_1_282' title='bbox 445 2475 476 2480; x_wconf 91' lang='lat'>-—</span> <span class='ocrx_word' id='word_1_283' title='bbox 494 2461 547 2487; x_wconf 78' lang='lat'>230</span> <span class='ocrx_word' id='word_1_284' title='bbox 564 2462 732 2487; x_wconf 80' lang='lat' dir='ltr'>(&#39;entenarius</span> <span class='ocrx_word' id='word_1_285' title='bbox 746 2469 865 2486; x_wconf 82' lang='lat' dir='ltr'>numerus</span> <span class='ocrx_word' id='word_1_286' title='bbox 878 2469 894 2485; x_wconf 82' lang='lat' dir='ltr'>a</span> <span class='ocrx_word' id='word_1_287' title='bbox 907 2461 964 2486; x_wconf 80' lang='lat' dir='ltr'>leva</span> <span class='ocrx_word' id='word_1_288' title='bbox 976 2461 1115 2485; x_wconf 79' lang='lat' dir='ltr'>translatus</span> <span class='ocrx_word' id='word_1_289' title='bbox 1129 2461 1154 2484; x_wconf 90' lang='lat' dir='ltr'>iu</span> <span class='ocrx_word' id='word_1_290' title='bbox 1167 2460 1283 2485; x_wconf 83' lang='lat' dir='ltr'>dextram</span> <span class='ocrx_word' id='word_1_291' title='bbox 1296 2460 1452 2491; x_wconf 76' lang='lat' dir='ltr'>virginitatis</span> <span class='ocrx_word' id='word_1_292' title='bbox 1464 2460 1608 2492; x_wconf 81' lang='lat' dir='ltr'>symbolum</span> <span class='ocrx_word' id='word_1_293' title='bbox 1622 2463 1660 2484; x_wconf 79' lang='lat' dir='ltr'>est</span> <span class='ocrx_word' id='word_1_294' title='bbox 1673 2458 1714 2491; x_wconf 78' lang='lat' dir='ltr'>(ib.</span> <span class='ocrx_word' id='word_1_295' title='bbox 1725 2467 1786 2491; x_wconf 73' lang='lat' dir='ltr'>paq.</span> <span class='ocrx_word' id='word_1_296' title='bbox 1799 2458 1860 2489; x_wconf 77' lang='lat'>289)</span> 
     </span>
    </p>
   </div>
   <div class='ocr_carea' id='block_1_4' title="bbox 218 2500 1866 2803">
    <p class='ocr_par' dir='ltr' id='par_1_18' title="bbox 218 2500 1864 2667">
     <span class='ocr_line' id='line_1_44' title="bbox 218 2500 1863 2538; baseline -0.003 -7"><span class='ocrx_word' id='word_1_297' title='bbox 218 2505 268 2531; x_wconf 80' lang='lat'>237</span> <span class='ocrx_word' id='word_1_298' title='bbox 287 2505 347 2538; x_wconf 88' lang='lat' dir='ltr'>duo]</span> <span class='ocrx_word' id='word_1_299' title='bbox 366 2514 400 2531; x_wconf 80' lang='lat' dir='ltr'>se.</span> <span class='ocrx_word' id='word_1_300' title='bbox 420 2506 548 2531; x_wconf 71' lang='lat' dir='ltr'>Abraham</span> <span class='ocrx_word' id='word_1_301' title='bbox 567 2509 592 2530; x_wconf 78' lang='lat' dir='ltr'>ct</span> <span class='ocrx_word' id='word_1_302' title='bbox 612 2505 678 2530; x_wconf 54' lang='grc' dir='ltr'>[ΛΟΜ</span> <span class='ocrx_word' id='word_1_303' title='bbox 780 2503 831 2529; x_wconf 74' lang='grc'>238</span> <span class='ocrx_word' id='word_1_304' title='bbox 854 2502 928 2535; x_wconf 78' lang='lat' dir='ltr'>baec]</span> <span class='ocrx_word' id='word_1_305' title='bbox 947 2504 1028 2528; x_wconf 71' lang='lat' dir='ltr'>virtus</span> <span class='ocrx_word' id='word_1_306' title='bbox 1082 2502 1231 2535; x_wconf 78' lang='lat' dir='ltr'>vernacula]</span> <span class='ocrx_word' id='word_1_307' title='bbox 1250 2503 1387 2527; x_wconf 79' lang='lat' dir='ltr'>domestica</span> <span class='ocrx_word' id='word_1_308' title='bbox 1493 2501 1544 2527; x_wconf 80' lang='lat'>239</span> <span class='ocrx_word' id='word_1_309' title='bbox 1573 2500 1716 2534; x_wconf 85' lang='lat' dir='ltr'>Edictique]</span> <span class='ocrx_word' id='word_1_310' title='bbox 1736 2502 1863 2534; x_wconf 75' lang='lat' dir='ltr'>praecepti</span> 
     </span>
     <span class='ocr_line' id='line_1_45' title="bbox 219 2544 1863 2582; baseline -0.003 -8"><span class='ocrx_word' id='word_1_311' title='bbox 219 2549 270 2574; x_wconf 73' lang='lat'>‘245</span> <span class='ocrx_word' id='word_1_312' title='bbox 288 2547 375 2582; x_wconf 76' lang='lat' dir='ltr'>dapes]</span> <span class='ocrx_word' id='word_1_313' title='bbox 395 2549 541 2573; x_wconf 76' lang='lat' dir='ltr'>convivium</span> <span class='ocrx_word' id='word_1_314' title='bbox 590 2547 735 2579; x_wconf 83' lang='lat' dir='ltr'>undeunde]</span> <span class='ocrx_word' id='word_1_315' title='bbox 755 2548 932 2578; x_wconf 84' lang='lat' dir='ltr'>undecumque</span> <span class='ocrx_word' id='word_1_316' title='bbox 1016 2546 1066 2571; x_wconf 80' lang='lat'>247</span> <span class='ocrx_word' id='word_1_317' title='bbox 1086 2545 1243 2578; x_wconf 76' lang='lat' dir='ltr'>Dilectusve]</span> <span class='ocrx_word' id='word_1_318' title='bbox 1264 2546 1409 2578; x_wconf 80' lang='lat' dir='ltr'>diligentiae</span> <span class='ocrx_word' id='word_1_319' title='bbox 1493 2544 1544 2570; x_wconf 79' lang='lat'>249</span> <span class='ocrx_word' id='word_1_320' title='bbox 1563 2544 1699 2579; x_wconf 85' lang='lat' dir='ltr'>depellere]</span> <span class='ocrx_word' id='word_1_321' title='bbox 1719 2545 1863 2578; x_wconf 77' lang='lat' dir='ltr'>depellebat</span> 
     </span>
     <span class='ocr_line' id='line_1_46' title="bbox 219 2587 1864 2626; baseline -0.003 -9"><span class='ocrx_word' id='word_1_322' title='bbox 219 2591 271 2617; x_wconf 66' lang='lat'>250</span> <span class='ocrx_word' id='word_1_323' title='bbox 287 2591 374 2626; x_wconf 78' lang='lat' dir='ltr'>figere]</span> <span class='ocrx_word' id='word_1_324' title='bbox 392 2592 489 2624; x_wconf 76' lang='lat' dir='ltr'>figebat</span> <span class='ocrx_word' id='word_1_325' title='bbox 583 2590 633 2615; x_wconf 70' lang='lat'>259</span> <span class='ocrx_word' id='word_1_326' title='bbox 652 2589 776 2623; x_wconf 75' lang='lat' dir='ltr'>Secu-etos]</span> <span class='ocrx_word' id='word_1_327' title='bbox 796 2595 924 2623; x_wconf 77' lang='lat' dir='ltr'>separatos</span> <span class='ocrx_word' id='word_1_328' title='bbox 1023 2588 1075 2614; x_wconf 79' lang='grc'>260</span> <span class='ocrx_word' id='word_1_329' title='bbox 1092 2587 1235 2621; x_wconf 78' lang='lat' dir='ltr'>Adfectare]</span> <span class='ocrx_word' id='word_1_330' title='bbox 1256 2589 1435 2621; x_wconf 83' lang='lat' dir='ltr'>concupiscere</span> <span class='ocrx_word' id='word_1_331' title='bbox 1531 2588 1582 2614; x_wconf 76' lang='lat'>‘262</span> <span class='ocrx_word' id='word_1_332' title='bbox 1601 2587 1700 2620; x_wconf 75' lang='lat' dir='ltr'>secreti]</span> <span class='ocrx_word' id='word_1_333' title='bbox 1720 2588 1864 2613; x_wconf 82' lang='lat' dir='ltr'>solitudinis</span> 
     </span>
     <span class='ocr_line' id='line_1_47' title="bbox 219 2631 1293 2667; baseline -0.004 -7"><span class='ocrx_word' id='word_1_334' title='bbox 219 2634 272 2660; x_wconf 77' lang='lat'>265</span> <span class='ocrx_word' id='word_1_335' title='bbox 291 2635 447 2660; x_wconf 67' lang='lat' dir='ltr'>Exclamant»</span> <span class='ocrx_word' id='word_1_336' title='bbox 466 2634 562 2667; x_wconf 79' lang='lat' dir='ltr'>poetica</span> <span class='ocrx_word' id='word_1_337' title='bbox 582 2642 640 2659; x_wconf 89' lang='lat' dir='ltr'>cum</span> <span class='ocrx_word' id='word_1_338' title='bbox 659 2634 825 2658; x_wconf 75' lang='lat' dir='ltr'>admiratione</span> <span class='ocrx_word' id='word_1_339' title='bbox 930 2631 981 2658; x_wconf 71' lang='lat'>268</span> <span class='ocrx_word' id='word_1_340' title='bbox 1000 2631 1151 2664; x_wconf 84' lang='lat' dir='ltr'>conducere]</span> <span class='ocrx_word' id='word_1_341' title='bbox 1174 2632 1293 2666; x_wconf 84' lang='lat' dir='ltr'>prodesse</span> 
     </span>
    </p>

    <p class='ocr_par' dir='ltr' id='par_1_19' title="bbox 222 2724 1866 2803">
     <span class='ocr_line' id='line_1_48' title="bbox 323 2724 1866 2758; baseline -0.002 -5"><span class='ocrx_word' id='word_1_342' title='bbox 323 2728 375 2754; x_wconf 75' lang='grc'>235</span> <span class='ocrx_word' id='word_1_343' title='bbox 394 2733 423 2754; x_wconf 84' lang='lat' dir='ltr'>ut</span> <span class='ocrx_word' id='word_1_344' title='bbox 440 2729 480 2754; x_wconf 74' lang='lat' dir='ltr'>his</span> <span class='ocrx_word' id='word_1_345' title='bbox 498 2737 564 2754; x_wconf 62' lang='grc' dir='ltr'>νοντ’.</span> <span class='ocrx_word' id='word_1_346' title='bbox 586 2728 609 2752; x_wconf 81' lang='grc' dir='ltr'><em>Ρ</em></span> <span class='ocrx_word' id='word_1_347' title='bbox 691 2727 743 2753; x_wconf 78' lang='lat'>239</span> <span class='ocrx_word' id='word_1_348' title='bbox 762 2729 841 2753; x_wconf 69' lang='lat' dir='ltr'>Edieti</span> <span class='ocrx_word' id='word_1_349' title='bbox 855 2737 950 2753; x_wconf 81' lang='lat' dir='ltr'>memor</span> <span class='ocrx_word' id='word_1_350' title='bbox 962 2728 1004 2752; x_wconf 80' lang='lat' dir='ltr'>hic</span> <span class='ocrx_word' id='word_1_351' title='bbox 1016 2727 1089 2752; x_wconf 82' lang='lat' dir='ltr'>toties</span> <span class='ocrx_word' id='word_1_352' title='bbox 1104 2727 1195 2751; x_wconf 55' lang='lat' dir='ltr'>Rueck.</span> <span class='ocrx_word' id='word_1_353' title='bbox 1293 2725 1341 2751; x_wconf 74' lang='lat'>241</span> <span class='ocrx_word' id='word_1_354' title='bbox 1362 2727 1444 2751; x_wconf 74' lang='lat' dir='ltr'>hostia</span> <span class='ocrx_word' id='word_1_355' title='bbox 1461 2735 1527 2750; x_wconf 66' lang='lat' dir='ltr'>corr.</span> <span class='ocrx_word' id='word_1_356' title='bbox 1542 2725 1567 2750; x_wconf 93' lang='lat' dir='ltr'><strong><em>P</em></strong></span> <span class='ocrx_word' id='word_1_357' title='bbox 1650 2724 1701 2750; x_wconf 77' lang='grc'>242</span> <span class='ocrx_word' id='word_1_358' title='bbox 1719 2726 1866 2758; x_wconf 84' lang='lat' dir='ltr'>perlargum</span> 
     </span>
     <span class='ocr_line' id='line_1_49' title="bbox 222 2769 1437 2803; baseline -0.002 -7"><span class='ocrx_word' id='word_1_359' title='bbox 222 2771 317 2796; x_wconf 76' lang='lat' dir='ltr'>Bonch.</span> <span class='ocrx_word' id='word_1_360' title='bbox 421 2770 473 2796; x_wconf 77' lang='lat'>246</span> <span class='ocrx_word' id='word_1_361' title='bbox 490 2776 602 2803; x_wconf 77' lang='lat' dir='ltr'>quantus</span> <span class='ocrx_word' id='word_1_362' title='bbox 620 2780 687 2796; x_wconf 82' lang='lat' dir='ltr'>corr.</span> <span class='ocrx_word' id='word_1_363' title='bbox 706 2771 731 2796; x_wconf 83' lang='lat' dir='ltr'><em>P</em></span> <span class='ocrx_word' id='word_1_364' title='bbox 831 2770 882 2795; x_wconf 64' lang='lat'>2453</span> <span class='ocrx_word' id='word_1_365' title='bbox 901 2777 939 2796; x_wconf 73' lang='lat' dir='ltr'>est</span> <span class='ocrx_word' id='word_1_366' title='bbox 957 2780 1004 2796; x_wconf 86' lang='lat' dir='ltr'>om.</span> <span class='ocrx_word' id='word_1_367' title='bbox 1025 2770 1115 2794; x_wconf 70' lang='lat' dir='ltr'>Roneh.</span> <span class='ocrx_word' id='word_1_368' title='bbox 1170 2770 1309 2794; x_wconf 81' lang='lat' dir='ltr'>mundialia</span> <span class='ocrx_word' id='word_1_369' title='bbox 1327 2778 1394 2794; x_wconf 76' lang='lat' dir='ltr'>corr.</span> <span class='ocrx_word' id='word_1_370' title='bbox 1413 2769 1437 2793; x_wconf 84' lang='lat' dir='ltr'><em>P</em></span> 
     </span>
    </p>
   </div>
   <div class='ocr_carea' id='block_1_5' title="bbox 1608 2819 1662 2845">
    <p class='ocr_par' dir='ltr' id='par_1_20' title="bbox 1608 2819 1662 2845">
     <span class='ocr_line' id='line_1_50' title="bbox 1608 2819 1662 2845; baseline 0 0"><span class='ocrx_word' id='word_1_371' title='bbox 1608 2819 1662 2845; x_wconf 76' lang='lat'>58*</span> 
     </span>
    </p>
   </div>
  </div>
 </body>
</html>
