<?xml version="1.0" encoding="UTF-8"?>
<!DOCTYPE html PUBLIC "-//W3C//DTD XHTML 1.0 Transitional//EN"
    "http://www.w3.org/TR/xhtml1/DTD/xhtml1-transitional.dtd">
<html xmlns="http://www.w3.org/1999/xhtml" xml:lang="en" lang="en">
 <head>
  <title>
</title>
<meta http-equiv="Content-Type" content="text/html;charset=utf-8" />
  <meta name='ocr-system' content='tesseract 3.04.00' />
  <meta name='ocr-capabilities' content='ocr_page ocr_carea ocr_par ocr_line ocrx_word'/>
</head>
<body>
  <div class='ocr_page' id='page_1' title='image "./monumentagerma03geseuoft/monumentagerma03geseuoft_0640.png"; bbox 0 0 2060 3074; ppageno 0'>
   <div class='ocr_carea' id='block_1_1' title="bbox 260 213 1259 253">
    <p class='ocr_par' dir='ltr' id='par_1_1' title="bbox 260 213 1259 253">
     <span class='ocr_line' id='line_1_1' title="bbox 260 213 1259 253; baseline -0.014 0"><span class='ocrx_word' id='word_1_1' title='bbox 260 223 321 253; x_wconf 76' lang='lat'>624</span> <span class='ocrx_word' id='word_1_2' title='bbox 913 213 1064 241; x_wconf 77' lang='lat' dir='ltr'>MILONIS</span> <span class='ocrx_word' id='word_1_3' title='bbox 1083 213 1259 241; x_wconf 77' lang='lat' dir='ltr'>CARMINA.</span> 
     </span>
    </p>
   </div>
   <div class='ocr_carea' id='block_1_2' title="bbox 545 298 1654 498">
    <p class='ocr_par' dir='ltr' id='par_1_2' title="bbox 545 298 1654 498">
     <span class='ocr_line' id='line_1_2' title="bbox 668 298 1654 343; baseline -0.004 -10"><span class='ocrx_word' id='word_1_4' title='bbox 668 302 726 333; x_wconf 88' lang='lat' dir='ltr'>XI.</span> <span class='ocrx_word' id='word_1_5' title='bbox 751 302 798 333; x_wconf 84' lang='lat' dir='ltr'>Te</span> <span class='ocrx_word' id='word_1_6' title='bbox 818 311 924 343; x_wconf 90' lang='lat' dir='ltr'>neque</span> <span class='ocrx_word' id='word_1_7' title='bbox 948 303 1163 343; x_wconf 82' lang='lat' dir='ltr'>praeteream,</span> <span class='ocrx_word' id='word_1_8' title='bbox 1188 299 1324 330; x_wconf 81' lang='lat' dir='ltr'>Samson</span> <span class='ocrx_word' id='word_1_9' title='bbox 1345 298 1528 339; x_wconf 73' lang='lat' dir='ltr'><strong>fortissime,</strong></span> <span class='ocrx_word' id='word_1_10' title='bbox 1552 299 1654 330; x_wconf 90' lang='lat' dir='ltr'>solem</span> 
     </span>
     <span class='ocr_line' id='line_1_3' title="bbox 625 350 1460 395; baseline -0.005 -10"><span class='ocrx_word' id='word_1_11' title='bbox 625 354 763 386; x_wconf 89' lang='lat' dir='ltr'>Nomine</span> <span class='ocrx_word' id='word_1_12' title='bbox 789 354 842 395; x_wconf 94' lang='lat' dir='ltr'>qui</span> <span class='ocrx_word' id='word_1_13' title='bbox 866 353 983 395; x_wconf 87' lang='lat' dir='ltr'>signas,</span> <span class='ocrx_word' id='word_1_14' title='bbox 1008 351 1170 383; x_wconf 79' lang='lat' dir='ltr'>Christum</span> <span class='ocrx_word' id='word_1_15' title='bbox 1193 352 1317 382; x_wconf 86' lang='lat' dir='ltr'>ratione</span> <span class='ocrx_word' id='word_1_16' title='bbox 1340 350 1460 392; x_wconf 84' lang='lat' dir='ltr'>figuras</span> 
     </span>
     <span class='ocr_line' id='line_1_4' title="bbox 545 402 1524 447; baseline -0.005 -9"><span class='ocrx_word' id='word_1_17' title='bbox 545 419 583 438; x_wconf 73' lang='lat'>275</span> <span class='ocrx_word' id='word_1_18' title='bbox 627 406 757 447; x_wconf 90' lang='lat' dir='ltr'>Melque</span> <span class='ocrx_word' id='word_1_19' title='bbox 781 415 896 437; x_wconf 89' lang='lat' dir='ltr'>vorans</span> <span class='ocrx_word' id='word_1_20' title='bbox 919 407 1081 446; x_wconf 86' lang='lat' dir='ltr'>sumptum</span> <span class='ocrx_word' id='word_1_21' title='bbox 1104 403 1218 435; x_wconf 86' lang='lat' dir='ltr'>rabida</span> <span class='ocrx_word' id='word_1_22' title='bbox 1242 403 1282 434; x_wconf 92' lang='lat' dir='ltr'>de</span> <span class='ocrx_word' id='word_1_23' title='bbox 1307 402 1399 434; x_wconf 85' lang='lat' dir='ltr'>fauce</span> <span class='ocrx_word' id='word_1_24' title='bbox 1422 402 1524 433; x_wconf 84' lang='lat' dir='ltr'>leonis</span> 
     </span>
     <span class='ocr_line' id='line_1_5' title="bbox 627 455 1392 498; baseline -0.004 -9"><span class='ocrx_word' id='word_1_25' title='bbox 627 457 791 497; x_wconf 82' lang='lat' dir='ltr'>Ostendis,</span> <span class='ocrx_word' id='word_1_26' title='bbox 814 457 891 488; x_wconf 89' lang='lat' dir='ltr'>vitio</span> <span class='ocrx_word' id='word_1_27' title='bbox 917 466 1012 498; x_wconf 85' lang='lat' dir='ltr'>quam</span> <span class='ocrx_word' id='word_1_28' title='bbox 1037 457 1078 487; x_wconf 90' lang='lat' dir='ltr'>sit</span> <span class='ocrx_word' id='word_1_29' title='bbox 1100 456 1260 487; x_wconf 81' lang='lat' dir='ltr'>contraria</span> <span class='ocrx_word' id='word_1_30' title='bbox 1282 455 1392 486; x_wconf 87' lang='lat' dir='ltr'>virtus.</span> 
     </span>
    </p>
   </div>
   <div class='ocr_carea' id='block_1_3' title="bbox 545 519 1681 721">
    <p class='ocr_par' dir='ltr' id='par_1_3' title="bbox 545 519 1681 721">
     <span class='ocr_line' id='line_1_6' title="bbox 669 519 1681 563; baseline -0.004 -9"><span class='ocrx_word' id='word_1_31' title='bbox 669 523 745 554; x_wconf 91' lang='lat' dir='ltr'>XII.</span> <span class='ocrx_word' id='word_1_32' title='bbox 770 522 822 554; x_wconf 86' lang='lat' dir='ltr'>Sic</span> <span class='ocrx_word' id='word_1_33' title='bbox 847 522 1012 554; x_wconf 85' lang='lat' dir='ltr'>Samuheli</span> <span class='ocrx_word' id='word_1_34' title='bbox 1036 521 1164 553; x_wconf 86' lang='lat' dir='ltr'>oblatus</span> <span class='ocrx_word' id='word_1_35' title='bbox 1187 520 1295 563; x_wconf 86' lang='lat' dir='ltr'>Agag,</span> <span class='ocrx_word' id='word_1_36' title='bbox 1319 520 1547 562; x_wconf 88' lang='lat' dir='ltr'>pinguissimus</span> <span class='ocrx_word' id='word_1_37' title='bbox 1570 519 1681 559; x_wconf 88' lang='lat' dir='ltr'>hostis,</span> 
     </span>
     <span class='ocr_line' id='line_1_7' title="bbox 627 573 1419 616; baseline -0.003 -10"><span class='ocrx_word' id='word_1_38' title='bbox 627 575 780 606; x_wconf 84' lang='lat' dir='ltr'>Concisus</span> <span class='ocrx_word' id='word_1_39' title='bbox 804 574 912 616; x_wconf 87' lang='lat' dir='ltr'>gladio</span> <span class='ocrx_word' id='word_1_40' title='bbox 935 574 1076 606; x_wconf 87' lang='lat' dir='ltr'>moriens</span> <span class='ocrx_word' id='word_1_41' title='bbox 1100 573 1253 616; x_wconf 83' lang='lat' dir='ltr'>exempla</span> <span class='ocrx_word' id='word_1_42' title='bbox 1275 573 1419 615; x_wconf 88' lang='lat' dir='ltr'>reliquit;</span> 
     </span>
     <span class='ocr_line' id='line_1_8' title="bbox 628 625 1450 669; baseline -0.002 -11"><span class='ocrx_word' id='word_1_43' title='bbox 628 626 752 669; x_wconf 84' lang='lat' dir='ltr'>Cuique</span> <span class='ocrx_word' id='word_1_44' title='bbox 778 626 856 658; x_wconf 86' lang='lat' dir='ltr'>Saul</span> <span class='ocrx_word' id='word_1_45' title='bbox 879 637 1016 669; x_wconf 82' lang='lat' dir='ltr'>parcens</span> <span class='ocrx_word' id='word_1_46' title='bbox 1040 626 1181 658; x_wconf 88' lang='lat' dir='ltr'>divinam</span> <span class='ocrx_word' id='word_1_47' title='bbox 1203 626 1337 668; x_wconf 88' lang='lat' dir='ltr'>pertulit</span> <span class='ocrx_word' id='word_1_48' title='bbox 1358 625 1450 665; x_wconf 86' lang='lat' dir='ltr'>iram,</span> 
     </span>
     <span class='ocr_line' id='line_1_9' title="bbox 545 678 1435 721; baseline -0.002 -11"><span class='ocrx_word' id='word_1_49' title='bbox 545 693 583 711; x_wconf 74' lang='lat'>280</span> <span class='ocrx_word' id='word_1_50' title='bbox 628 679 761 711; x_wconf 84' lang='lat' dir='ltr'>Sobrius</span> <span class='ocrx_word' id='word_1_51' title='bbox 785 682 818 710; x_wconf 88' lang='lat' dir='ltr'>et</span> <span class='ocrx_word' id='word_1_52' title='bbox 844 689 960 721; x_wconf 88' lang='lat' dir='ltr'>parcus</span> <span class='ocrx_word' id='word_1_53' title='bbox 982 681 1074 710; x_wconf 88' lang='lat' dir='ltr'>vates</span> <span class='ocrx_word' id='word_1_54' title='bbox 1096 689 1156 720; x_wconf 90' lang='lat' dir='ltr'>per</span> <span class='ocrx_word' id='word_1_55' title='bbox 1179 678 1280 709; x_wconf 86' lang='lat' dir='ltr'>frusta</span> <span class='ocrx_word' id='word_1_56' title='bbox 1303 678 1435 709; x_wconf 83' lang='lat' dir='ltr'>secavit.</span> 
     </span>
    </p>
   </div>
   <div class='ocr_carea' id='block_1_4' title="bbox 547 741 1662 1825">
    <p class='ocr_par' dir='ltr' id='par_1_4' title="bbox 627 741 1658 941">
     <span class='ocr_line' id='line_1_10' title="bbox 671 741 1511 774; baseline -0.001 0"><span class='ocrx_word' id='word_1_57' title='bbox 671 743 766 774; x_wconf 91' lang='lat' dir='ltr'>XIII.</span> <span class='ocrx_word' id='word_1_58' title='bbox 791 742 922 774; x_wconf 85' lang='lat' dir='ltr'>Heliam</span> <span class='ocrx_word' id='word_1_59' title='bbox 945 742 1084 773; x_wconf 84' lang='lat' dir='ltr'>referam</span> <span class='ocrx_word' id='word_1_60' title='bbox 1108 742 1167 773; x_wconf 90' lang='lat' dir='ltr'>zeli</span> <span class='ocrx_word' id='word_1_61' title='bbox 1190 741 1317 773; x_wconf 87' lang='lat' dir='ltr'>fervore</span> <span class='ocrx_word' id='word_1_62' title='bbox 1341 742 1511 773; x_wconf 88' lang='lat' dir='ltr'>calentem.</span> 
     </span>
     <span class='ocr_line' id='line_1_11' title="bbox 627 793 1384 837; baseline -0.001 -11"><span class='ocrx_word' id='word_1_63' title='bbox 627 795 800 827; x_wconf 81' lang='lat' dir='ltr'>Peccantis</span> <span class='ocrx_word' id='word_1_64' title='bbox 823 794 934 837; x_wconf 90' lang='lat' dir='ltr'>populi</span> <span class='ocrx_word' id='word_1_65' title='bbox 957 793 1157 836; x_wconf 83' lang='lat' dir='ltr'>inplacabilis</span> <span class='ocrx_word' id='word_1_66' title='bbox 1179 794 1234 825; x_wconf 93' lang='lat' dir='ltr'>ille</span> <span class='ocrx_word' id='word_1_67' title='bbox 1258 797 1384 825; x_wconf 88' lang='lat' dir='ltr'>reatum</span> 
     </span>
     <span class='ocr_line' id='line_1_12' title="bbox 627 845 1475 885; baseline -0.001 -7"><span class='ocrx_word' id='word_1_68' title='bbox 627 846 792 885; x_wconf 89' lang='lat' dir='ltr'>Edomuit,</span> <span class='ocrx_word' id='word_1_69' title='bbox 818 847 926 878; x_wconf 90' lang='lat' dir='ltr'>clauso</span> <span class='ocrx_word' id='word_1_70' title='bbox 950 856 1021 877; x_wconf 92' lang='lat' dir='ltr'>cum</span> <span class='ocrx_word' id='word_1_71' title='bbox 1046 845 1138 876; x_wconf 85' lang='lat' dir='ltr'>caelo</span> <span class='ocrx_word' id='word_1_72' title='bbox 1163 845 1306 877; x_wconf 88' lang='lat' dir='ltr'>continet</span> <span class='ocrx_word' id='word_1_73' title='bbox 1327 845 1475 885; x_wconf 87' lang='lat' dir='ltr'>imbrem,</span> 
     </span>
     <span class='ocr_line' id='line_1_13' title="bbox 631 897 1658 941; baseline -0.001 -11"><span class='ocrx_word' id='word_1_74' title='bbox 631 898 758 941; x_wconf 83' lang='lat' dir='ltr'>Quique</span> <span class='ocrx_word' id='word_1_75' title='bbox 782 898 902 930; x_wconf 86' lang='lat' dir='ltr'>famem</span> <span class='ocrx_word' id='word_1_76' title='bbox 925 898 1060 940; x_wconf 87' lang='lat' dir='ltr'>patitur,</span> <span class='ocrx_word' id='word_1_77' title='bbox 1086 908 1183 939; x_wconf 89' lang='lat' dir='ltr'>quam</span> <span class='ocrx_word' id='word_1_78' title='bbox 1206 897 1300 940; x_wconf 89' lang='lat' dir='ltr'>plebs</span> <span class='ocrx_word' id='word_1_79' title='bbox 1323 898 1484 929; x_wconf 85' lang='lat' dir='ltr'>scelerata</span> <span class='ocrx_word' id='word_1_80' title='bbox 1506 900 1658 929; x_wconf 86' lang='lat' dir='ltr'>meretur.</span> 
     </span>
    </p>

    <p class='ocr_par' dir='ltr' id='par_1_5' title="bbox 547 948 1523 1199">
     <span class='ocr_line' id='line_1_14' title="bbox 547 948 1523 990; baseline -0.002 -8"><span class='ocrx_word' id='word_1_81' title='bbox 547 963 585 982; x_wconf 80' lang='lat'>285</span> <span class='ocrx_word' id='word_1_82' title='bbox 629 950 693 981; x_wconf 90' lang='lat' dir='ltr'>Hic</span> <span class='ocrx_word' id='word_1_83' title='bbox 716 953 836 986; x_wconf 79' lang='lat' dir='ltr'>tamen,</span> <span class='ocrx_word' id='word_1_84' title='bbox 859 951 895 981; x_wconf 90' lang='lat' dir='ltr'>ut</span> <span class='ocrx_word' id='word_1_85' title='bbox 917 948 1035 981; x_wconf 80' lang='lat' dir='ltr'>viduae</span> <span class='ocrx_word' id='word_1_86' title='bbox 1058 949 1162 980; x_wconf 89' lang='lat' dir='ltr'>iussus</span> <span class='ocrx_word' id='word_1_87' title='bbox 1184 949 1334 990; x_wconf 87' lang='lat' dir='ltr'>pervenit</span> <span class='ocrx_word' id='word_1_88' title='bbox 1357 948 1398 980; x_wconf 88' lang='lat' dir='ltr'>ad</span> <span class='ocrx_word' id='word_1_89' title='bbox 1422 959 1523 989; x_wconf 85' lang='lat' dir='ltr'>escas,</span> 
     </span>
     <span class='ocr_line' id='line_1_15' title="bbox 629 1001 1424 1044; baseline -0.001 -11"><span class='ocrx_word' id='word_1_90' title='bbox 629 1001 822 1044; x_wconf 88' lang='lat' dir='ltr'>Multiplicat</span> <span class='ocrx_word' id='word_1_91' title='bbox 845 1002 976 1044; x_wconf 88' lang='lat' dir='ltr'>plenum</span> <span class='ocrx_word' id='word_1_92' title='bbox 1000 1001 1092 1032; x_wconf 86' lang='lat' dir='ltr'>farris</span> <span class='ocrx_word' id='word_1_93' title='bbox 1115 1001 1232 1032; x_wconf 88' lang='lat' dir='ltr'>virtute</span> <span class='ocrx_word' id='word_1_94' title='bbox 1256 1001 1424 1043; x_wconf 90' lang='lat' dir='ltr'>pugillum.</span> 
     </span>
     <span class='ocr_line' id='line_1_16' title="bbox 630 1052 1401 1095; baseline -0.001 -10"><span class='ocrx_word' id='word_1_95' title='bbox 630 1054 746 1085; x_wconf 83' lang='lat' dir='ltr'>Inclita</span> <span class='ocrx_word' id='word_1_96' title='bbox 769 1053 928 1085; x_wconf 86' lang='lat' dir='ltr'>sobrietas</span> <span class='ocrx_word' id='word_1_97' title='bbox 951 1052 1079 1084; x_wconf 89' lang='lat' dir='ltr'>modico</span> <span class='ocrx_word' id='word_1_98' title='bbox 1103 1055 1254 1084; x_wconf 85' lang='lat' dir='ltr'>contenta</span> <span class='ocrx_word' id='word_1_99' title='bbox 1275 1056 1401 1095; x_wconf 85' lang='lat' dir='ltr'>paratu,</span> 
     </span>
     <span class='ocr_line' id='line_1_17' title="bbox 630 1104 1471 1148; baseline -0.001 -11"><span class='ocrx_word' id='word_1_100' title='bbox 630 1106 797 1148; x_wconf 88' lang='lat' dir='ltr'>Angelicis</span> <span class='ocrx_word' id='word_1_101' title='bbox 819 1109 894 1148; x_wconf 89' lang='lat' dir='ltr'>post</span> <span class='ocrx_word' id='word_1_102' title='bbox 916 1105 998 1136; x_wconf 85' lang='lat' dir='ltr'>haec</span> <span class='ocrx_word' id='word_1_103' title='bbox 1021 1104 1150 1147; x_wconf 90' lang='lat' dir='ltr'>limphis</span> <span class='ocrx_word' id='word_1_104' title='bbox 1174 1107 1207 1136; x_wconf 90' lang='lat' dir='ltr'>et</span> <span class='ocrx_word' id='word_1_105' title='bbox 1230 1115 1314 1146; x_wconf 90' lang='lat' dir='ltr'>pane</span> <span class='ocrx_word' id='word_1_106' title='bbox 1338 1105 1471 1145; x_wconf 88' lang='lat' dir='ltr'>refecta,</span> 
     </span>
     <span class='ocr_line' id='line_1_18' title="bbox 630 1156 1493 1199; baseline -0.001 -10"><span class='ocrx_word' id='word_1_107' title='bbox 630 1158 760 1189; x_wconf 78' lang='lat' dir='ltr'>Fortior</span> <span class='ocrx_word' id='word_1_108' title='bbox 782 1157 832 1189; x_wconf 86' lang='lat' dir='ltr'>his</span> <span class='ocrx_word' id='word_1_109' title='bbox 857 1158 938 1189; x_wconf 91' lang='lat' dir='ltr'>escis</span> <span class='ocrx_word' id='word_1_110' title='bbox 961 1160 1106 1188; x_wconf 90' lang='lat' dir='ltr'>montem</span> <span class='ocrx_word' id='word_1_111' title='bbox 1128 1156 1292 1199; x_wconf 76' lang='lat' dir='ltr'>pertendit</span> <span class='ocrx_word' id='word_1_112' title='bbox 1315 1156 1357 1188; x_wconf 86' lang='lat' dir='ltr'>ad</span> <span class='ocrx_word' id='word_1_113' title='bbox 1379 1157 1493 1188; x_wconf 87' lang='lat' dir='ltr'>Horeb</span> 
     </span>
    </p>

    <p class='ocr_par' dir='ltr' id='par_1_6' title="bbox 547 1209 1662 1460">
     <span class='ocr_line' id='line_1_19' title="bbox 547 1209 1462 1252; baseline -0.001 -11"><span class='ocrx_word' id='word_1_114' title='bbox 547 1222 585 1241; x_wconf 78' lang='lat'>29⁰</span> <span class='ocrx_word' id='word_1_115' title='bbox 629 1210 727 1241; x_wconf 83' lang='lat' dir='ltr'>Nulla</span> <span class='ocrx_word' id='word_1_116' title='bbox 751 1213 866 1252; x_wconf 83' lang='lat' dir='ltr'>quater</span> <span class='ocrx_word' id='word_1_117' title='bbox 889 1209 979 1240; x_wconf 87' lang='lat' dir='ltr'>denis</span> <span class='ocrx_word' id='word_1_118' title='bbox 1003 1209 1135 1251; x_wconf 88' lang='lat' dir='ltr'>capiens</span> <span class='ocrx_word' id='word_1_119' title='bbox 1159 1209 1313 1240; x_wconf 84' lang='lat' dir='ltr'>alimenta</span> <span class='ocrx_word' id='word_1_120' title='bbox 1336 1209 1462 1241; x_wconf 88' lang='lat' dir='ltr'>diebus.</span> 
     </span>
     <span class='ocr_line' id='line_1_20' title="bbox 631 1260 1427 1306; baseline 0 -13"><span class='ocrx_word' id='word_1_121' title='bbox 631 1262 794 1293; x_wconf 81' lang='lat' dir='ltr'>Esurienti</span> <span class='ocrx_word' id='word_1_122' title='bbox 819 1260 970 1306; x_wconf 85' lang='lat' dir='ltr'>equidem</span> <span class='ocrx_word' id='word_1_123' title='bbox 994 1261 1094 1292; x_wconf 87' lang='lat' dir='ltr'>virtus</span> <span class='ocrx_word' id='word_1_124' title='bbox 1117 1260 1224 1292; x_wconf 85' lang='lat' dir='ltr'>divina</span> <span class='ocrx_word' id='word_1_125' title='bbox 1246 1261 1427 1303; x_wconf 84' lang='lat' dir='ltr'>prophetae</span> 
     </span>
     <span class='ocr_line' id='line_1_21' title="bbox 631 1311 1351 1356; baseline 0 -12"><span class='ocrx_word' id='word_1_126' title='bbox 631 1313 813 1356; x_wconf 88' lang='lat' dir='ltr'>Largifluos</span> <span class='ocrx_word' id='word_1_127' title='bbox 837 1316 982 1355; x_wconf 87' lang='lat' dir='ltr'>sumptus</span> <span class='ocrx_word' id='word_1_128' title='bbox 1006 1315 1040 1344; x_wconf 92' lang='lat' dir='ltr'>et</span> <span class='ocrx_word' id='word_1_129' title='bbox 1062 1312 1216 1344; x_wconf 88' lang='lat' dir='ltr'>deliciosa</span> <span class='ocrx_word' id='word_1_130' title='bbox 1239 1311 1351 1345; x_wconf 83' lang='lat' dir='ltr'>Croesi</span> 
     </span>
     <span class='ocr_line' id='line_1_22' title="bbox 630 1364 1433 1397; baseline -0.001 0"><span class='ocrx_word' id='word_1_131' title='bbox 630 1365 731 1397; x_wconf 84' lang='lat' dir='ltr'>Ferre</span> <span class='ocrx_word' id='word_1_132' title='bbox 754 1365 933 1397; x_wconf 85' lang='lat' dir='ltr'>ministeria</span> <span class='ocrx_word' id='word_1_133' title='bbox 957 1368 990 1396; x_wconf 90' lang='lat' dir='ltr'>et</span> <span class='ocrx_word' id='word_1_134' title='bbox 1013 1375 1129 1397; x_wconf 86' lang='lat' dir='ltr'>concas</span> <span class='ocrx_word' id='word_1_135' title='bbox 1153 1364 1270 1397; x_wconf 85' lang='lat' dir='ltr'>offerre</span> <span class='ocrx_word' id='word_1_136' title='bbox 1293 1365 1433 1397; x_wconf 83' lang='lat' dir='ltr'>marinas</span> 
     </span>
     <span class='ocr_line' id='line_1_23' title="bbox 631 1417 1662 1460; baseline 0.001 -11"><span class='ocrx_word' id='word_1_137' title='bbox 631 1418 834 1454; x_wconf 86' lang='lat' dir='ltr'>Praevaluit;</span> <span class='ocrx_word' id='word_1_138' title='bbox 859 1417 919 1449; x_wconf 90' lang='lat' dir='ltr'>sed</span> <span class='ocrx_word' id='word_1_139' title='bbox 942 1417 983 1449; x_wconf 94' lang='lat' dir='ltr'>ob</span> <span class='ocrx_word' id='word_1_140' title='bbox 1007 1417 1070 1448; x_wconf 89' lang='lat' dir='ltr'>hoc</span> <span class='ocrx_word' id='word_1_141' title='bbox 1093 1420 1204 1448; x_wconf 89' lang='lat' dir='ltr'>sancta</span> <span class='ocrx_word' id='word_1_142' title='bbox 1227 1417 1309 1448; x_wconf 87' lang='lat' dir='ltr'>haec</span> <span class='ocrx_word' id='word_1_143' title='bbox 1329 1418 1486 1460; x_wconf 88' lang='lat' dir='ltr'>scriptura</span> <span class='ocrx_word' id='word_1_144' title='bbox 1506 1421 1662 1459; x_wconf 80' lang='lat' dir='ltr'>renarrat,</span> 
     </span>
    </p>

    <p class='ocr_par' dir='ltr' id='par_1_7' title="bbox 549 1469 1413 1511">
     <span class='ocr_line' id='line_1_24' title="bbox 549 1469 1413 1511; baseline 0 -10"><span class='ocrx_word' id='word_1_145' title='bbox 549 1482 587 1501; x_wconf 81' lang='lat'>295</span> <span class='ocrx_word' id='word_1_146' title='bbox 631 1470 676 1501; x_wconf 85' lang='lat' dir='ltr'>Ut</span> <span class='ocrx_word' id='word_1_147' title='bbox 698 1480 757 1501; x_wconf 87' lang='lat' dir='ltr'>nos</span> <span class='ocrx_word' id='word_1_148' title='bbox 781 1469 951 1510; x_wconf 87' lang='lat' dir='ltr'>discamus,</span> <span class='ocrx_word' id='word_1_149' title='bbox 975 1469 1100 1500; x_wconf 88' lang='lat' dir='ltr'>virtutis</span> <span class='ocrx_word' id='word_1_150' title='bbox 1123 1469 1229 1510; x_wconf 89' lang='lat' dir='ltr'>gratia</span> <span class='ocrx_word' id='word_1_151' title='bbox 1253 1479 1336 1511; x_wconf 86' lang='lat' dir='ltr'>quae</span> <span class='ocrx_word' id='word_1_152' title='bbox 1361 1469 1413 1502; x_wconf 87' lang='lat' dir='ltr'>sit.</span> 
     </span>
    </p>

    <p class='ocr_par' dir='ltr' id='par_1_8' title="bbox 631 1520 1516 1717">
     <span class='ocr_line' id='line_1_25' title="bbox 633 1520 1516 1563; baseline 0.001 -11"><span class='ocrx_word' id='word_1_153' title='bbox 633 1521 705 1558; x_wconf 81' lang='lat' dir='ltr'>Qua</span> <span class='ocrx_word' id='word_1_154' title='bbox 728 1524 835 1552; x_wconf 86' lang='lat' dir='ltr'>tantus</span> <span class='ocrx_word' id='word_1_155' title='bbox 858 1524 951 1553; x_wconf 85' lang='lat' dir='ltr'>vates</span> <span class='ocrx_word' id='word_1_156' title='bbox 973 1520 1117 1563; x_wconf 83' lang='lat' dir='ltr'>paradisi</span> <span class='ocrx_word' id='word_1_157' title='bbox 1139 1520 1182 1551; x_wconf 85' lang='lat' dir='ltr'>ad</span> <span class='ocrx_word' id='word_1_158' title='bbox 1206 1531 1345 1552; x_wconf 85' lang='lat' dir='ltr'>amoena</span> <span class='ocrx_word' id='word_1_159' title='bbox 1367 1524 1516 1553; x_wconf 82' lang='lat' dir='ltr'>revectus</span> 
     </span>
     <span class='ocr_line' id='line_1_26' title="bbox 632 1573 1508 1615; baseline 0.001 -11"><span class='ocrx_word' id='word_1_160' title='bbox 632 1573 776 1615; x_wconf 88' lang='lat' dir='ltr'>Iuniperi</span> <span class='ocrx_word' id='word_1_161' title='bbox 799 1574 864 1604; x_wconf 83' lang='lat' dir='ltr'>iam</span> <span class='ocrx_word' id='word_1_162' title='bbox 888 1573 976 1604; x_wconf 84' lang='lat' dir='ltr'>fasce</span> <span class='ocrx_word' id='word_1_163' title='bbox 1000 1582 1124 1613; x_wconf 73' lang='lat' dir='ltr'>carena,</span> <span class='ocrx_word' id='word_1_164' title='bbox 1147 1583 1219 1604; x_wconf 92' lang='lat' dir='ltr'>cum</span> <span class='ocrx_word' id='word_1_165' title='bbox 1243 1573 1385 1615; x_wconf 85' lang='lat' dir='ltr'>fulgidus</span> <span class='ocrx_word' id='word_1_166' title='bbox 1408 1573 1508 1605; x_wconf 85' lang='lat' dir='ltr'>instar</span> 
     </span>
     <span class='ocr_line' id='line_1_27' title="bbox 633 1624 1481 1668; baseline 0.001 -12"><span class='ocrx_word' id='word_1_167' title='bbox 633 1625 765 1666; x_wconf 83' lang='lat' dir='ltr'>Sideris,</span> <span class='ocrx_word' id='word_1_168' title='bbox 788 1626 859 1668; x_wconf 88' lang='lat' dir='ltr'>ipse</span> <span class='ocrx_word' id='word_1_169' title='bbox 883 1635 940 1656; x_wconf 92' lang='lat' dir='ltr'>suo</span> <span class='ocrx_word' id='word_1_170' title='bbox 965 1624 1052 1667; x_wconf 89' lang='lat' dir='ltr'>quod</span> <span class='ocrx_word' id='word_1_171' title='bbox 1074 1625 1202 1656; x_wconf 90' lang='lat' dir='ltr'>nomine</span> <span class='ocrx_word' id='word_1_172' title='bbox 1227 1625 1342 1667; x_wconf 85' lang='lat' dir='ltr'>signat,</span> <span class='ocrx_word' id='word_1_173' title='bbox 1367 1625 1481 1667; x_wconf 91' lang='lat' dir='ltr'>abiret,</span> 
     </span>
     <span class='ocr_line' id='line_1_28' title="bbox 631 1676 1324 1717; baseline 0 -9"><span class='ocrx_word' id='word_1_174' title='bbox 631 1676 767 1708; x_wconf 87' lang='lat' dir='ltr'>Militiae</span> <span class='ocrx_word' id='word_1_175' title='bbox 791 1677 900 1708; x_wconf 86' lang='lat' dir='ltr'>aeriae</span> <span class='ocrx_word' id='word_1_176' title='bbox 924 1677 1022 1708; x_wconf 91' lang='lat' dir='ltr'>nimio</span> <span class='ocrx_word' id='word_1_177' title='bbox 1047 1687 1174 1708; x_wconf 88' lang='lat' dir='ltr'>cessere</span> <span class='ocrx_word' id='word_1_178' title='bbox 1198 1676 1324 1717; x_wconf 89' lang='lat' dir='ltr'>timore,</span> 
     </span>
    </p>

    <p class='ocr_par' dir='ltr' id='par_1_9' title="bbox 550 1727 1518 1825">
     <span class='ocr_line' id='line_1_29' title="bbox 550 1727 1479 1765; baseline 0 -5"><span class='ocrx_word' id='word_1_179' title='bbox 550 1740 589 1759; x_wconf 77' lang='lat'>³00</span> <span class='ocrx_word' id='word_1_180' title='bbox 634 1728 787 1760; x_wconf 84' lang='lat' dir='ltr'>Curribus</span> <span class='ocrx_word' id='word_1_181' title='bbox 810 1729 843 1760; x_wconf 90' lang='lat' dir='ltr'>in</span> <span class='ocrx_word' id='word_1_182' title='bbox 867 1728 962 1760; x_wconf 89' lang='lat' dir='ltr'>celsis</span> <span class='ocrx_word' id='word_1_183' title='bbox 986 1727 1062 1759; x_wconf 89' lang='lat' dir='ltr'>dum</span> <span class='ocrx_word' id='word_1_184' title='bbox 1086 1728 1131 1759; x_wconf 89' lang='lat' dir='ltr'>sic</span> <span class='ocrx_word' id='word_1_185' title='bbox 1154 1728 1310 1760; x_wconf 86' lang='lat' dir='ltr'>mirantur</span> <span class='ocrx_word' id='word_1_186' title='bbox 1333 1732 1479 1765; x_wconf 89' lang='lat' dir='ltr'>euntem;</span> 
     </span>
     <span class='ocr_line' id='line_1_30' title="bbox 633 1780 1518 1825; baseline 0.001 -13"><span class='ocrx_word' id='word_1_187' title='bbox 633 1781 755 1822; x_wconf 87' lang='lat' dir='ltr'>Igneus</span> <span class='ocrx_word' id='word_1_188' title='bbox 777 1780 864 1812; x_wconf 90' lang='lat' dir='ltr'>hunc</span> <span class='ocrx_word' id='word_1_189' title='bbox 886 1780 1016 1822; x_wconf 84' lang='lat' dir='ltr'>refugit,</span> <span class='ocrx_word' id='word_1_190' title='bbox 1040 1790 1137 1823; x_wconf 89' lang='lat' dir='ltr'>quem</span> <span class='ocrx_word' id='word_1_191' title='bbox 1161 1780 1278 1825; x_wconf 30' lang='lat' dir='ltr'>fortior·</span> <span class='ocrx_word' id='word_1_192' title='bbox 1296 1781 1380 1823; x_wconf 83' lang='lat' dir='ltr'>ignis</span> <span class='ocrx_word' id='word_1_193' title='bbox 1403 1781 1518 1813; x_wconf 82' lang='lat' dir='ltr'>adurit.</span> 
     </span>
    </p>
   </div>
   <div class='ocr_carea' id='block_1_5' title="bbox 633 1843 1662 1991">
    <p class='ocr_par' dir='ltr' id='par_1_10' title="bbox 633 1843 1662 1991">
     <span class='ocr_line' id='line_1_31' title="bbox 676 1843 1662 1888; baseline 0.004 -13"><span class='ocrx_word' id='word_1_194' title='bbox 676 1844 787 1876; x_wconf 80' lang='lat' dir='ltr'>XIIII.</span> <span class='ocrx_word' id='word_1_195' title='bbox 810 1843 881 1875; x_wconf 89' lang='lat' dir='ltr'>Nec</span> <span class='ocrx_word' id='word_1_196' title='bbox 896 1843 1070 1875; x_wconf 85' lang='lat' dir='ltr'>Helisaeus</span> <span class='ocrx_word' id='word_1_197' title='bbox 1087 1844 1148 1875; x_wconf 88' lang='lat' dir='ltr'>erit</span> <span class='ocrx_word' id='word_1_198' title='bbox 1170 1846 1331 1876; x_wconf 87' lang='lat' dir='ltr'>tantorum</span> <span class='ocrx_word' id='word_1_199' title='bbox 1352 1845 1476 1877; x_wconf 86' lang='lat' dir='ltr'>alienus</span> <span class='ocrx_word' id='word_1_200' title='bbox 1495 1846 1662 1888; x_wconf 90' lang='lat' dir='ltr'>honorum,</span> 
     </span>
     <span class='ocr_line' id='line_1_32' title="bbox 634 1895 1399 1938; baseline 0.001 -11"><span class='ocrx_word' id='word_1_201' title='bbox 634 1895 694 1927; x_wconf 86' lang='lat' dir='ltr'>Oui</span> <span class='ocrx_word' id='word_1_202' title='bbox 718 1896 832 1927; x_wconf 85' lang='lat' dir='ltr'>solitae</span> <span class='ocrx_word' id='word_1_203' title='bbox 856 1895 981 1927; x_wconf 87' lang='lat' dir='ltr'>virtutis</span> <span class='ocrx_word' id='word_1_204' title='bbox 1005 1906 1085 1938; x_wconf 93' lang='lat' dir='ltr'>opus</span> <span class='ocrx_word' id='word_1_205' title='bbox 1107 1906 1172 1927; x_wconf 91' lang='lat' dir='ltr'>non</span> <span class='ocrx_word' id='word_1_206' title='bbox 1195 1896 1321 1928; x_wconf 89' lang='lat' dir='ltr'>invidus</span> <span class='ocrx_word' id='word_1_207' title='bbox 1344 1897 1399 1928; x_wconf 92' lang='lat' dir='ltr'>ille</span> 
     </span>
     <span class='ocr_line' id='line_1_33' title="bbox 633 1947 1360 1991; baseline 0.001 -12"><span class='ocrx_word' id='word_1_208' title='bbox 633 1948 766 1979; x_wconf 87' lang='lat' dir='ltr'>Inclitus</span> <span class='ocrx_word' id='word_1_209' title='bbox 789 1947 904 1988; x_wconf 80' lang='lat' dir='ltr'>Helias</span> <span class='ocrx_word' id='word_1_210' title='bbox 929 1951 962 1979; x_wconf 89' lang='lat' dir='ltr'>et</span> <span class='ocrx_word' id='word_1_211' title='bbox 985 1947 1084 1990; x_wconf 87' lang='lat' dir='ltr'>pallia</span> <span class='ocrx_word' id='word_1_212' title='bbox 1107 1958 1198 1979; x_wconf 87' lang='lat' dir='ltr'>sacra</span> <span class='ocrx_word' id='word_1_213' title='bbox 1220 1948 1360 1991; x_wconf 89' lang='lat' dir='ltr'>reliquit,</span> 
     </span>
    </p>
   </div>
   <div class='ocr_carea' id='block_1_6' title="bbox 563 2039 1376 2047">
    <p class='ocr_par' dir='ltr' id='par_1_11' title="bbox 563 2039 1376 2047">
     <span class='ocr_line' id='line_1_34' title="bbox 563 2039 1376 2047; baseline 0.001 -4"><span class='ocrx_word' id='word_1_214' title='bbox 563 2042 593 2043; x_wconf 23' lang='lat' dir='ltr'>W?</span> <span class='ocrx_word' id='word_1_215' title='bbox 606 2042 610 2043; x_wconf 30' lang='lat'><em>⁷</em></span> <span class='ocrx_word' id='word_1_216' title='bbox 670 2042 676 2043; x_wconf 32' lang='lat' dir='ltr'>s</span> <span class='ocrx_word' id='word_1_217' title='bbox 753 2039 765 2047; x_wconf 60' lang='lat'>0</span> <span class='ocrx_word' id='word_1_218' title='bbox 928 2041 944 2043; x_wconf 82' lang='grc'>-</span> <span class='ocrx_word' id='word_1_219' title='bbox 1361 2042 1376 2044; x_wconf 80' lang='grc'>-</span> 
     </span>
    </p>
   </div>
   <div class='ocr_carea' id='block_1_7' title="bbox 371 2101 584 2135">
    <p class='ocr_par' dir='ltr' id='par_1_12' title="bbox 371 2101 584 2135">
     <span class='ocr_line' id='line_1_35' title="bbox 371 2101 584 2135; baseline -0.005 -8"><span class='ocrx_word' id='word_1_220' title='bbox 371 2101 422 2128; x_wconf 85' lang='grc'>304</span> <span class='ocrx_word' id='word_1_221' title='bbox 442 2103 546 2135; x_wconf 83' lang='lat' dir='ltr'>Inelltus</span> <span class='ocrx_word' id='word_1_222' title='bbox 560 2102 584 2126; x_wconf 80' lang='lat' dir='ltr'><strong><em>A</em></strong></span> 
     </span>
    </p>
   </div>
   <div class='ocr_carea' id='block_1_8' title="bbox 267 2186 1924 2894">
    <p class='ocr_par' dir='ltr' id='par_1_13' title="bbox 267 2186 1924 2894">
     <span class='ocr_line' id='line_1_36' title="bbox 372 2186 1922 2224; baseline 0.002 -11"><span class='ocrx_word' id='word_1_223' title='bbox 372 2187 510 2213; x_wconf 79' lang='lat'><strong>273—276</strong></span> <span class='ocrx_word' id='word_1_224' title='bbox 530 2186 629 2213; x_wconf 74' lang='lat' dir='ltr'>Isidor.</span> <span class='ocrx_word' id='word_1_225' title='bbox 643 2186 759 2220; x_wconf 73' lang='lat' dir='ltr'>Alleyor.</span> <span class='ocrx_word' id='word_1_226' title='bbox 772 2187 806 2213; x_wconf 88' lang='grc'>80</span> <span class='ocrx_word' id='word_1_227' title='bbox 823 2187 929 2220; x_wconf 69' lang='lat' dir='ltr'>(Mimae</span> <span class='ocrx_word' id='word_1_228' title='bbox 942 2187 1004 2220; x_wconf 83' lang='lat'><em>111)</em></span> <span class='ocrx_word' id='word_1_229' title='bbox 1022 2186 1139 2213; x_wconf 83' lang='lat' dir='ltr'>Samson</span> <span class='ocrx_word' id='word_1_230' title='bbox 1159 2186 1306 2213; x_wconf 82' lang='lat' dir='ltr'>salvatoris</span> <span class='ocrx_word' id='word_1_231' title='bbox 1324 2187 1413 2214; x_wconf 80' lang='lat' dir='ltr'>nostri</span> <span class='ocrx_word' id='word_1_232' title='bbox 1431 2189 1549 2215; x_wconf 85' lang='lat' dir='ltr'>mortem</span> <span class='ocrx_word' id='word_1_233' title='bbox 1568 2189 1597 2215; x_wconf 88' lang='lat' dir='ltr'>et</span> <span class='ocrx_word' id='word_1_234' title='bbox 1614 2188 1761 2216; x_wconf 82' lang='lat' dir='ltr'>victoriam</span> <span class='ocrx_word' id='word_1_235' title='bbox 1781 2189 1922 2224; x_wconf 78' lang='lat' dir='ltr'>figuravit,</span> 
     </span>
     <span class='ocr_line' id='line_1_37' title="bbox 270 2238 1922 2276; baseline 0.002 -12"><span class='ocrx_word' id='word_1_236' title='bbox 270 2259 276 2265; x_wconf 87' lang='lat'>.</span> <span class='ocrx_word' id='word_1_237' title='bbox 288 2260 294 2265; x_wconf 94' lang='lat'>.</span> <span class='ocrx_word' id='word_1_238' title='bbox 315 2238 382 2272; x_wconf 84' lang='lat' dir='ltr'>quia</span> <span class='ocrx_word' id='word_1_239' title='bbox 400 2238 434 2264; x_wconf 87' lang='lat' dir='ltr'>de</span> <span class='ocrx_word' id='word_1_240' title='bbox 453 2238 582 2265; x_wconf 84' lang='lat' dir='ltr'>faucibus</span> <span class='ocrx_word' id='word_1_241' title='bbox 601 2238 708 2264; x_wconf 83' lang='lat' dir='ltr'>diaboli</span> <span class='ocrx_word' id='word_1_242' title='bbox 728 2239 827 2272; x_wconf 82' lang='lat' dir='ltr'>gentes</span> <span class='ocrx_word' id='word_1_243' title='bbox 846 2238 926 2272; x_wconf 81' lang='lat' dir='ltr'>quasi</span> <span class='ocrx_word' id='word_1_244' title='bbox 945 2239 1039 2265; x_wconf 80' lang='lat' dir='ltr'>savum</span> <span class='ocrx_word' id='word_1_245' title='bbox 1058 2238 1095 2265; x_wconf 83' lang='lat' dir='ltr'>ab</span> <span class='ocrx_word' id='word_1_246' title='bbox 1109 2247 1156 2265; x_wconf 87' lang='lat' dir='ltr'>ore</span> <span class='ocrx_word' id='word_1_247' title='bbox 1169 2239 1257 2266; x_wconf 86' lang='lat' dir='ltr'>leonis</span> <span class='ocrx_word' id='word_1_248' title='bbox 1270 2239 1408 2266; x_wconf 79' lang='lat' dir='ltr'>abstraxit</span> <span class='ocrx_word' id='word_1_249' title='bbox 1426 2239 1489 2273; x_wconf 78' lang='lat' dir='ltr'>(cfr.</span> <span class='ocrx_word' id='word_1_250' title='bbox 1502 2240 1589 2267; x_wconf 73' lang='lat' dir='ltr'>Iudic.</span> <span class='ocrx_word' id='word_1_251' title='bbox 1609 2241 1649 2273; x_wconf 85' lang='lat'>14,</span> <span class='ocrx_word' id='word_1_252' title='bbox 1661 2241 1687 2268; x_wconf 87' lang='lat'>8.</span> <span class='ocrx_word' id='word_1_253' title='bbox 1700 2241 1735 2275; x_wconf 88' lang='lat'>9).</span> <span class='ocrx_word' id='word_1_254' title='bbox 1765 2241 1922 2276; x_wconf 57' lang='lat' dir='ltr'>Hieromus.</span> 
     </span>
     <span class='ocr_line' id='line_1_38' title="bbox 269 2290 1922 2327; baseline 0.002 -11"><span class='ocrx_word' id='word_1_255' title='bbox 269 2290 379 2324; x_wconf 74' lang='lat' dir='ltr'>interpr.</span> <span class='ocrx_word' id='word_1_256' title='bbox 394 2290 475 2316; x_wconf 84' lang='lat' dir='ltr'>Hebr.</span> <span class='ocrx_word' id='word_1_257' title='bbox 495 2291 595 2317; x_wconf 68' lang='lat' dir='ltr'>nomin.</span> <span class='ocrx_word' id='word_1_258' title='bbox 615 2290 664 2323; x_wconf 80' lang='lat' dir='ltr'>(ed.</span> <span class='ocrx_word' id='word_1_259' title='bbox 684 2290 715 2316; x_wconf 83' lang='lat' dir='ltr'>de</span> <span class='ocrx_word' id='word_1_260' title='bbox 728 2290 853 2324; x_wconf 70' lang='lat' dir='ltr'>Laqa‘rde</span> <span class='ocrx_word' id='word_1_261' title='bbox 872 2291 913 2322; x_wconf 86' lang='lat'>33,</span> <span class='ocrx_word' id='word_1_262' title='bbox 928 2291 974 2324; x_wconf 82' lang='lat'>23)</span> <span class='ocrx_word' id='word_1_263' title='bbox 993 2290 1109 2317; x_wconf 81' lang='lat' dir='ltr'>Samson</span> <span class='ocrx_word' id='word_1_264' title='bbox 1128 2290 1166 2317; x_wconf 90' lang='lat' dir='ltr'>sol</span> <span class='ocrx_word' id='word_1_265' title='bbox 1189 2299 1282 2317; x_wconf 84' lang='lat' dir='ltr'>eorum</span> <span class='ocrx_word' id='word_1_266' title='bbox 1297 2291 1339 2317; x_wconf 87' lang='lat' dir='ltr'>vel</span> <span class='ocrx_word' id='word_1_267' title='bbox 1360 2291 1426 2318; x_wconf 82' lang='lat' dir='ltr'>solis</span> <span class='ocrx_word' id='word_1_268' title='bbox 1445 2291 1588 2319; x_wconf 81' lang='lat' dir='ltr'>fortitudo.</span> <span class='ocrx_word' id='word_1_269' title='bbox 1670 2293 1810 2320; x_wconf 75' lang='lat'>277-280</span> <span class='ocrx_word' id='word_1_270' title='bbox 1828 2295 1841 2320; x_wconf 96' lang='lat' dir='ltr'>l</span> <span class='ocrx_word' id='word_1_271' title='bbox 1856 2293 1922 2327; x_wconf 68' lang='lat' dir='ltr'>Ray.</span> 
     </span>
     <span class='ocr_line' id='line_1_39' title="bbox 271 2341 1922 2379; baseline 0.002 -11"><span class='ocrx_word' id='word_1_272' title='bbox 271 2343 310 2375; x_wconf 83' lang='lat'>15,</span> <span class='ocrx_word' id='word_1_273' title='bbox 321 2343 337 2367; x_wconf 89' lang='lat'>9</span> <span class='ocrx_word' id='word_1_274' title='bbox 352 2341 478 2376; x_wconf 86' lang='lat' dir='ltr'>pepercit</span> <span class='ocrx_word' id='word_1_275' title='bbox 489 2341 555 2368; x_wconf 87' lang='lat' dir='ltr'>Saul</span> <span class='ocrx_word' id='word_1_276' title='bbox 575 2362 598 2368; x_wconf 91' lang='lat'>..</span> <span class='ocrx_word' id='word_1_277' title='bbox 617 2342 699 2376; x_wconf 82' lang='lat' dir='ltr'>Agag</span> <span class='ocrx_word' id='word_1_278' title='bbox 718 2363 724 2369; x_wconf 83' lang='lat'>.</span> <span class='ocrx_word' id='word_1_279' title='bbox 736 2363 742 2369; x_wconf 94' lang='lat'>.</span> <span class='ocrx_word' id='word_1_280' title='bbox 762 2343 795 2369; x_wconf 89' lang='grc'>10</span> <span class='ocrx_word' id='word_1_281' title='bbox 812 2343 917 2369; x_wconf 81' lang='lat' dir='ltr'>sactum</span> <span class='ocrx_word' id='word_1_282' title='bbox 937 2343 980 2369; x_wconf 86' lang='lat' dir='ltr'>est</span> <span class='ocrx_word' id='word_1_283' title='bbox 997 2343 1091 2369; x_wconf 87' lang='lat' dir='ltr'>autem</span> <span class='ocrx_word' id='word_1_284' title='bbox 1106 2343 1222 2369; x_wconf 80' lang='lat' dir='ltr'>verbum</span> <span class='ocrx_word' id='word_1_285' title='bbox 1242 2343 1347 2370; x_wconf 89' lang='lat' dir='ltr'>domini</span> <span class='ocrx_word' id='word_1_286' title='bbox 1361 2343 1396 2370; x_wconf 85' lang='lat' dir='ltr'>ad</span> <span class='ocrx_word' id='word_1_287' title='bbox 1411 2343 1523 2370; x_wconf 82' lang='lat' dir='ltr'>Samuel</span> <span class='ocrx_word' id='word_1_288' title='bbox 1536 2343 1644 2370; x_wconf 84' lang='lat' dir='ltr'>dicens:</span> <span class='ocrx_word' id='word_1_289' title='bbox 1664 2345 1692 2370; x_wconf 85' lang='lat'>11</span> <span class='ocrx_word' id='word_1_290' title='bbox 1716 2343 1852 2379; x_wconf 84' lang='lat' dir='ltr'>‘poenitet</span> <span class='ocrx_word' id='word_1_291' title='bbox 1869 2353 1922 2376; x_wconf 83' lang='lat' dir='ltr'>me,</span> 
     </span>
     <span class='ocr_line' id='line_1_40' title="bbox 271 2393 1923 2430; baseline 0.002 -11"><span class='ocrx_word' id='word_1_292' title='bbox 271 2393 344 2426; x_wconf 83' lang='lat' dir='ltr'>quod</span> <span class='ocrx_word' id='word_1_293' title='bbox 363 2393 555 2420; x_wconf 86' lang='lat' dir='ltr'>constituerim</span> <span class='ocrx_word' id='word_1_294' title='bbox 575 2393 639 2420; x_wconf 88' lang='lat' dir='ltr'>Saul</span> <span class='ocrx_word' id='word_1_295' title='bbox 660 2394 770 2428; x_wconf 85' lang='lat' dir='ltr'>regem&#39;.</span> <span class='ocrx_word' id='word_1_296' title='bbox 861 2395 894 2420; x_wconf 85' lang='lat'>32</span> <span class='ocrx_word' id='word_1_297' title='bbox 912 2394 1023 2420; x_wconf 86' lang='lat' dir='ltr'>oblatus</span> <span class='ocrx_word' id='word_1_298' title='bbox 1042 2395 1084 2420; x_wconf 88' lang='lat' dir='ltr'>est</span> <span class='ocrx_word' id='word_1_299' title='bbox 1102 2394 1127 2421; x_wconf 90' lang='lat' dir='ltr'>ei</span> <span class='ocrx_word' id='word_1_300' title='bbox 1147 2394 1286 2428; x_wconf 78' lang='lat' dir='ltr'>(Samueli)</span> <span class='ocrx_word' id='word_1_301' title='bbox 1305 2396 1387 2430; x_wconf 80' lang='lat' dir='ltr'>Agag</span> <span class='ocrx_word' id='word_1_302' title='bbox 1406 2395 1606 2430; x_wconf 83' lang='lat' dir='ltr'>pinguissimus</span> <span class='ocrx_word' id='word_1_303' title='bbox 1625 2417 1631 2423; x_wconf 96' lang='lat'>.</span> <span class='ocrx_word' id='word_1_304' title='bbox 1643 2416 1649 2423; x_wconf 87' lang='lat'>.</span> <span class='ocrx_word' id='word_1_305' title='bbox 1661 2416 1667 2422; x_wconf 92' lang='lat'>.</span> <span class='ocrx_word' id='word_1_306' title='bbox 1685 2396 1719 2423; x_wconf 86' lang='lat'>33</span> <span class='ocrx_word' id='word_1_307' title='bbox 1737 2397 1767 2422; x_wconf 84' lang='lat' dir='ltr'>et</span> <span class='ocrx_word' id='word_1_308' title='bbox 1784 2396 1814 2423; x_wconf 85' lang='lat' dir='ltr'>in</span> <span class='ocrx_word' id='word_1_309' title='bbox 1832 2396 1923 2423; x_wconf 75' lang='lat' dir='ltr'>frusta.</span> 
     </span>
     <span class='ocr_line' id='line_1_41' title="bbox 271 2445 1922 2482; baseline 0.002 -11"><span class='ocrx_word' id='word_1_310' title='bbox 271 2445 393 2472; x_wconf 84' lang='lat' dir='ltr'>concidit</span> <span class='ocrx_word' id='word_1_311' title='bbox 418 2453 481 2471; x_wconf 89' lang='lat' dir='ltr'>eum</span> <span class='ocrx_word' id='word_1_312' title='bbox 508 2445 628 2471; x_wconf 84' lang='lat' dir='ltr'>Samuel.</span> <span class='ocrx_word' id='word_1_313' title='bbox 721 2446 857 2472; x_wconf 82' lang='lat'>281—301</span> <span class='ocrx_word' id='word_1_314' title='bbox 883 2446 900 2472; x_wconf 87' lang='lat'><strong>3</strong></span> <span class='ocrx_word' id='word_1_315' title='bbox 919 2445 984 2480; x_wconf 73' lang='lat' dir='ltr'>Rey.</span> <span class='ocrx_word' id='word_1_316' title='bbox 1005 2447 1046 2478; x_wconf 78' lang='lat'>17,</span> <span class='ocrx_word' id='word_1_317' title='bbox 1060 2447 1158 2478; x_wconf 89' lang='lat'>1—16;</span> <span class='ocrx_word' id='word_1_318' title='bbox 1188 2447 1228 2479; x_wconf 86' lang='lat'>19,</span> <span class='ocrx_word' id='word_1_319' title='bbox 1242 2448 1322 2479; x_wconf 86' lang='lat'>3—9;</span> <span class='ocrx_word' id='word_1_320' title='bbox 1345 2448 1363 2474; x_wconf 87' lang='lat'>4</span> <span class='ocrx_word' id='word_1_321' title='bbox 1376 2447 1440 2482; x_wconf 74' lang='lat' dir='ltr'>Rey.</span> <span class='ocrx_word' id='word_1_322' title='bbox 1465 2448 1490 2479; x_wconf 78' lang='lat'>2,</span> <span class='ocrx_word' id='word_1_323' title='bbox 1503 2448 1544 2474; x_wconf 89' lang='lat'>11.</span> <span class='ocrx_word' id='word_1_324' title='bbox 1633 2448 1692 2475; x_wconf 79' lang='lat'>297.</span> <span class='ocrx_word' id='word_1_325' title='bbox 1705 2448 1757 2475; x_wconf 80' lang='lat'>298</span> <span class='ocrx_word' id='word_1_326' title='bbox 1785 2447 1880 2475; x_wconf 74' lang='lat' dir='ltr'>Sedul.</span> <span class='ocrx_word' id='word_1_327' title='bbox 1893 2447 1922 2475; x_wconf 80' lang='grc'>0.</span> 
     </span>
     <span class='ocr_line' id='line_1_42' title="bbox 267 2497 1923 2533; baseline 0.002 -10"><span class='ocrx_word' id='word_1_328' title='bbox 267 2505 294 2530; x_wconf 80' lang='lat' dir='ltr'>p.</span> <span class='ocrx_word' id='word_1_329' title='bbox 315 2498 335 2523; x_wconf 95' lang='lat' dir='ltr'>I</span> <span class='ocrx_word' id='word_1_330' title='bbox 350 2497 485 2524; x_wconf 80' lang='lat'>184—187</span> <span class='ocrx_word' id='word_1_331' title='bbox 511 2505 593 2531; x_wconf 85' lang='lat' dir='ltr'>quam</span> <span class='ocrx_word' id='word_1_332' title='bbox 618 2497 689 2524; x_wconf 87' lang='lat' dir='ltr'>bene</span> <span class='ocrx_word' id='word_1_333' title='bbox 713 2497 840 2524; x_wconf 83' lang='lat' dir='ltr'>fulminei</span> <span class='ocrx_word' id='word_1_334' title='bbox 866 2498 1030 2532; x_wconf 83' lang='lat' dir='ltr'>praelucens</span> <span class='ocrx_word' id='word_1_335' title='bbox 1050 2498 1150 2524; x_wconf 86' lang='lat' dir='ltr'>semita.</span> <span class='ocrx_word' id='word_1_336' title='bbox 1174 2499 1244 2525; x_wconf 85' lang='lat' dir='ltr'>caeli</span> <span class='ocrx_word' id='word_1_337' title='bbox 1267 2500 1269 2533; x_wconf 91' lang='grc' dir='ltr'>Ι</span> <span class='ocrx_word' id='word_1_338' title='bbox 1291 2498 1423 2526; x_wconf 84' lang='lat' dir='ltr'>convenit</span> <span class='ocrx_word' id='word_1_339' title='bbox 1441 2498 1553 2526; x_wconf 81' lang='lat' dir='ltr'>Heliae:</span> <span class='ocrx_word' id='word_1_340' title='bbox 1579 2498 1735 2533; x_wconf 74' lang='lat' dir='ltr'>meritoque</span> <span class='ocrx_word' id='word_1_341' title='bbox 1757 2501 1784 2526; x_wconf 84' lang='lat' dir='ltr'>et</span> <span class='ocrx_word' id='word_1_342' title='bbox 1810 2499 1923 2526; x_wconf 86' lang='lat' dir='ltr'>nomine</span> 
     </span>
     <span class='ocr_line' id='line_1_43' title="bbox 272 2548 1922 2585; baseline 0.002 -11"><span class='ocrx_word' id='word_1_343' title='bbox 272 2548 380 2582; x_wconf 79' lang='lat' dir='ltr'>fulgens</span> <span class='ocrx_word' id='word_1_344' title='bbox 397 2550 400 2581; x_wconf 84' lang='grc' dir='ltr'>Ι</span> <span class='ocrx_word' id='word_1_345' title='bbox 417 2549 468 2575; x_wconf 84' lang='lat' dir='ltr'>hac</span> <span class='ocrx_word' id='word_1_346' title='bbox 491 2557 543 2583; x_wconf 88' lang='lat' dir='ltr'>ope</span> <span class='ocrx_word' id='word_1_347' title='bbox 567 2549 669 2583; x_wconf 80' lang='lat' dir='ltr'>dignus</span> <span class='ocrx_word' id='word_1_348' title='bbox 694 2551 766 2581; x_wconf 85' lang='lat' dir='ltr'>erat,</span> <span class='ocrx_word' id='word_1_349' title='bbox 794 2558 859 2576; x_wconf 81' lang='lat' dir='ltr'>nam</span> <span class='ocrx_word' id='word_1_350' title='bbox 878 2549 900 2575; x_wconf 91' lang='lat' dir='ltr'>si</span> <span class='ocrx_word' id='word_1_351' title='bbox 921 2550 1056 2576; x_wconf 89' lang='lat' dir='ltr'>sermonis</span> <span class='ocrx_word' id='word_1_352' title='bbox 1075 2550 1174 2577; x_wconf 84' lang='lat' dir='ltr'>Achivi</span> <span class='ocrx_word' id='word_1_353' title='bbox 1191 2551 1195 2585; x_wconf 92' lang='grc' dir='ltr'>Ι</span> <span class='ocrx_word' id='word_1_354' title='bbox 1211 2559 1268 2577; x_wconf 88' lang='lat' dir='ltr'>una</span> <span class='ocrx_word' id='word_1_355' title='bbox 1294 2559 1344 2585; x_wconf 82' lang='lat' dir='ltr'>per</span> <span class='ocrx_word' id='word_1_356' title='bbox 1370 2552 1516 2578; x_wconf 82' lang='lat' dir='ltr'>accentum</span> <span class='ocrx_word' id='word_1_357' title='bbox 1540 2552 1665 2578; x_wconf 81' lang='lat' dir='ltr'>mutetur</span> <span class='ocrx_word' id='word_1_358' title='bbox 1689 2551 1794 2583; x_wconf 78' lang='lat' dir='ltr'>littera,</span> <span class='ocrx_word' id='word_1_359' title='bbox 1813 2551 1854 2578; x_wconf 84' lang='lat' dir='ltr'>sol</span> <span class='ocrx_word' id='word_1_360' title='bbox 1871 2553 1922 2578; x_wconf 77' lang='lat' dir='ltr'>est.</span> 
     </span>
     <span class='ocr_line' id='line_1_44' title="bbox 271 2600 1922 2636; baseline 0.002 -10"><span class='ocrx_word' id='word_1_361' title='bbox 271 2600 407 2626; x_wconf 74' lang='lat'>302—316</span> <span class='ocrx_word' id='word_1_362' title='bbox 422 2601 437 2627; x_wconf 81' lang='lat'>4</span> <span class='ocrx_word' id='word_1_363' title='bbox 451 2600 514 2635; x_wconf 68' lang='lat' dir='ltr'>Ray.</span> <span class='ocrx_word' id='word_1_364' title='bbox 525 2601 548 2632; x_wconf 76' lang='lat'>2,</span> <span class='ocrx_word' id='word_1_365' title='bbox 560 2601 592 2627; x_wconf 83' lang='lat'>13</span> <span class='ocrx_word' id='word_1_366' title='bbox 602 2601 737 2634; x_wconf 73' lang='lat' dir='ltr'>(Eliseus)</span> <span class='ocrx_word' id='word_1_367' title='bbox 749 2601 855 2628; x_wconf 85' lang='lat' dir='ltr'>levavit</span> <span class='ocrx_word' id='word_1_368' title='bbox 870 2602 987 2636; x_wconf 88' lang='lat' dir='ltr'>pallium</span> <span class='ocrx_word' id='word_1_369' title='bbox 998 2601 1087 2634; x_wconf 80' lang='lat' dir='ltr'>Eliae,</span> <span class='ocrx_word' id='word_1_370' title='bbox 1097 2602 1171 2636; x_wconf 92' lang='lat' dir='ltr'>quod</span> <span class='ocrx_word' id='word_1_371' title='bbox 1182 2602 1321 2629; x_wconf 84' lang='lat' dir='ltr'>ceciderat</span> <span class='ocrx_word' id='word_1_372' title='bbox 1334 2602 1360 2629; x_wconf 89' lang='lat' dir='ltr'>ei</span> <span class='ocrx_word' id='word_1_373' title='bbox 1379 2623 1385 2629; x_wconf 92' lang='lat'>.</span> <span class='ocrx_word' id='word_1_374' title='bbox 1396 2623 1403 2629; x_wconf 96' lang='lat'>.</span> <span class='ocrx_word' id='word_1_375' title='bbox 1414 2623 1421 2629; x_wconf 96' lang='lat'>.</span> <span class='ocrx_word' id='word_1_376' title='bbox 1439 2603 1464 2636; x_wconf 83' lang='lat'>4,</span> <span class='ocrx_word' id='word_1_377' title='bbox 1475 2602 1509 2629; x_wconf 75' lang='lat'>42</span> <span class='ocrx_word' id='word_1_378' title='bbox 1523 2602 1567 2629; x_wconf 87' lang='lat' dir='ltr'>vir</span> <span class='ocrx_word' id='word_1_379' title='bbox 1579 2602 1692 2636; x_wconf 80' lang='lat' dir='ltr'>qnidam</span> <span class='ocrx_word' id='word_1_380' title='bbox 1706 2603 1786 2630; x_wconf 86' lang='lat' dir='ltr'>venit</span> <span class='ocrx_word' id='word_1_381' title='bbox 1797 2602 1922 2630; x_wconf 70' lang='lat' dir='ltr'>deferens</span> 
     </span>
     <span class='ocr_line' id='line_1_45' title="bbox 272 2651 1924 2688; baseline 0.002 -12"><span class='ocrx_word' id='word_1_382' title='bbox 272 2651 331 2677; x_wconf 86' lang='lat' dir='ltr'>viro</span> <span class='ocrx_word' id='word_1_383' title='bbox 350 2651 393 2677; x_wconf 85' lang='lat' dir='ltr'>dci</span> <span class='ocrx_word' id='word_1_384' title='bbox 414 2672 436 2678; x_wconf 90' lang='lat'>..</span> <span class='ocrx_word' id='word_1_385' title='bbox 457 2652 559 2686; x_wconf 78' lang='lat' dir='ltr'>viginti</span> <span class='ocrx_word' id='word_1_386' title='bbox 579 2661 665 2686; x_wconf 82' lang='lat' dir='ltr'>panes</span> <span class='ocrx_word' id='word_1_387' title='bbox 684 2653 850 2680; x_wconf 81' lang='lat' dir='ltr'>hordeaceos</span> <span class='ocrx_word' id='word_1_388' title='bbox 870 2674 893 2680; x_wconf 95' lang='lat'>..</span> <span class='ocrx_word' id='word_1_389' title='bbox 905 2674 911 2679; x_wconf 93' lang='lat'>.</span> <span class='ocrx_word' id='word_1_390' title='bbox 930 2655 961 2679; x_wconf 78' lang='lat' dir='ltr'>at</span> <span class='ocrx_word' id='word_1_391' title='bbox 979 2653 1028 2680; x_wconf 91' lang='lat' dir='ltr'>ille</span> <span class='ocrx_word' id='word_1_392' title='bbox 1046 2653 1135 2680; x_wconf 79' lang='lat' dir='ltr'>dixit:</span> <span class='ocrx_word' id='word_1_393' title='bbox 1155 2654 1200 2680; x_wconf 81' lang='lat' dir='ltr'>‘da</span> <span class='ocrx_word' id='word_1_394' title='bbox 1218 2655 1335 2688; x_wconf 84' lang='lat' dir='ltr'>populo,</span> <span class='ocrx_word' id='word_1_395' title='bbox 1354 2655 1388 2680; x_wconf 88' lang='lat' dir='ltr'>ut</span> <span class='ocrx_word' id='word_1_396' title='bbox 1406 2653 1552 2681; x_wconf 81' lang='lat' dir='ltr'>comedat&#39;.</span> <span class='ocrx_word' id='word_1_397' title='bbox 1579 2674 1586 2680; x_wconf 95' lang='lat'>.</span> <span class='ocrx_word' id='word_1_398' title='bbox 1599 2674 1606 2680; x_wconf 89' lang='lat'>.</span> <span class='ocrx_word' id='word_1_399' title='bbox 1624 2653 1659 2680; x_wconf 78' lang='lat'>44</span> <span class='ocrx_word' id='word_1_400' title='bbox 1676 2653 1725 2688; x_wconf 88' lang='lat' dir='ltr'>qui</span> <span class='ocrx_word' id='word_1_401' title='bbox 1744 2654 1924 2681; x_wconf 80' lang='lat' dir='ltr'>comederunt</span> 
     </span>
     <span class='ocr_line' id='line_1_46' title="bbox 273 2702 1922 2740; baseline 0.003 -13"><span class='ocrx_word' id='word_1_402' title='bbox 273 2703 301 2728; x_wconf 86' lang='lat' dir='ltr'>et</span> <span class='ocrx_word' id='word_1_403' title='bbox 319 2702 470 2736; x_wconf 75' lang='lat' dir='ltr'>superfuit;</span> <span class='ocrx_word' id='word_1_404' title='bbox 489 2703 506 2729; x_wconf 84' lang='lat'>4</span> <span class='ocrx_word' id='word_1_405' title='bbox 521 2703 587 2737; x_wconf 67' lang='grc' dir='ltr'>Περ.</span> <span class='ocrx_word' id='word_1_406' title='bbox 605 2704 629 2736; x_wconf 87' lang='lat'>4,</span> <span class='ocrx_word' id='word_1_407' title='bbox 643 2704 677 2730; x_wconf 81' lang='lat'>38</span> <span class='ocrx_word' id='word_1_408' title='bbox 696 2705 756 2731; x_wconf 84' lang='lat' dir='ltr'>erat</span> <span class='ocrx_word' id='word_1_409' title='bbox 774 2705 860 2731; x_wconf 72' lang='lat' dir='ltr'>fames</span> <span class='ocrx_word' id='word_1_410' title='bbox 879 2704 908 2730; x_wconf 89' lang='lat' dir='ltr'>in</span> <span class='ocrx_word' id='word_1_411' title='bbox 922 2706 996 2731; x_wconf 83' lang='lat' dir='ltr'>terra</span> <span class='ocrx_word' id='word_1_412' title='bbox 1015 2724 1021 2731; x_wconf 91' lang='lat'>.</span> <span class='ocrx_word' id='word_1_413' title='bbox 1032 2725 1039 2731; x_wconf 91' lang='lat'>.</span> <span class='ocrx_word' id='word_1_414' title='bbox 1058 2704 1186 2739; x_wconf 81' lang='lat' dir='ltr'>dixitque</span> <span class='ocrx_word' id='word_1_415' title='bbox 1205 2705 1299 2739; x_wconf 88' lang='lat' dir='ltr'>pueris</span> <span class='ocrx_word' id='word_1_416' title='bbox 1318 2705 1387 2732; x_wconf 87' lang='lat' dir='ltr'>suis:</span> <span class='ocrx_word' id='word_1_417' title='bbox 1407 2708 1488 2739; x_wconf 79' lang='lat' dir='ltr'>‘pone</span> <span class='ocrx_word' id='word_1_418' title='bbox 1501 2705 1586 2732; x_wconf 84' lang='lat' dir='ltr'>ollam</span> <span class='ocrx_word' id='word_1_419' title='bbox 1599 2706 1628 2732; x_wconf 86' lang='lat' dir='ltr'>et</span> <span class='ocrx_word' id='word_1_420' title='bbox 1640 2713 1728 2739; x_wconf 85' lang='lat' dir='ltr'>coque</span> <span class='ocrx_word' id='word_1_421' title='bbox 1746 2705 1922 2740; x_wconf 71' lang='lat' dir='ltr'>pulmentum</span> 
     </span>
     <span class='ocr_line' id='line_1_47' title="bbox 274 2753 1924 2791; baseline 0.004 -13"><span class='ocrx_word' id='word_1_422' title='bbox 274 2753 338 2778; x_wconf 82' lang='lat' dir='ltr'>filiis</span> <span class='ocrx_word' id='word_1_423' title='bbox 353 2754 567 2787; x_wconf 82' lang='lat' dir='ltr'>prophetarum&#39;.</span> <span class='ocrx_word' id='word_1_424' title='bbox 597 2775 602 2782; x_wconf 91' lang='lat'>.</span> <span class='ocrx_word' id='word_1_425' title='bbox 614 2775 620 2781; x_wconf 93' lang='lat'>.</span> <span class='ocrx_word' id='word_1_426' title='bbox 640 2755 674 2782; x_wconf 85' lang='lat'>39</span> <span class='ocrx_word' id='word_1_427' title='bbox 691 2757 720 2782; x_wconf 82' lang='lat' dir='ltr'>et</span> <span class='ocrx_word' id='word_1_428' title='bbox 733 2764 858 2790; x_wconf 82' lang='lat' dir='ltr'>egressus</span> <span class='ocrx_word' id='word_1_429' title='bbox 872 2757 914 2782; x_wconf 88' lang='lat' dir='ltr'>est</span> <span class='ocrx_word' id='word_1_430' title='bbox 926 2765 998 2782; x_wconf 90' lang='lat' dir='ltr'>unus</span> <span class='ocrx_word' id='word_1_431' title='bbox 1013 2776 1018 2782; x_wconf 95' lang='lat'>.</span> <span class='ocrx_word' id='word_1_432' title='bbox 1030 2776 1036 2782; x_wconf 93' lang='lat'>.</span> <span class='ocrx_word' id='word_1_433' title='bbox 1050 2758 1079 2783; x_wconf 86' lang='lat' dir='ltr'>et</span> <span class='ocrx_word' id='word_1_434' title='bbox 1091 2756 1206 2791; x_wconf 84' lang='lat' dir='ltr'>collegit</span> <span class='ocrx_word' id='word_1_435' title='bbox 1219 2757 1430 2791; x_wconf 82' lang='lat' dir='ltr'>colocynthidas</span> <span class='ocrx_word' id='word_1_436' title='bbox 1443 2757 1506 2791; x_wconf 81' lang='lat' dir='ltr'>agri</span> <span class='ocrx_word' id='word_1_437' title='bbox 1525 2777 1530 2784; x_wconf 96' lang='lat'>.</span> <span class='ocrx_word' id='word_1_438' title='bbox 1543 2778 1549 2784; x_wconf 92' lang='lat'>.</span> <span class='ocrx_word' id='word_1_439' title='bbox 1560 2778 1567 2784; x_wconf 88' lang='lat'>.</span> <span class='ocrx_word' id='word_1_440' title='bbox 1585 2757 1621 2784; x_wconf 84' lang='lat'>40</span> <span class='ocrx_word' id='word_1_441' title='bbox 1632 2765 1751 2791; x_wconf 87' lang='lat' dir='ltr'>cumque</span> <span class='ocrx_word' id='word_1_442' title='bbox 1762 2757 1924 2791; x_wconf 73' lang='lat' dir='ltr'>gustassent</span> 
     </span>
     <span class='ocr_line' id='line_1_48' title="bbox 273 2804 1922 2843; baseline 0.003 -14"><span class='ocrx_word' id='word_1_443' title='bbox 273 2804 307 2830; x_wconf 78' lang='lat' dir='ltr'>(le</span> <span class='ocrx_word' id='word_1_444' title='bbox 331 2805 470 2838; x_wconf 82' lang='lat' dir='ltr'>coctione,</span> <span class='ocrx_word' id='word_1_445' title='bbox 493 2805 700 2834; x_wconf 75' lang='lat' dir='ltr'>clamaverunt:</span> <span class='ocrx_word' id='word_1_446' title='bbox 725 2811 805 2834; x_wconf 86' lang='lat' dir='ltr'>‘mors</span> <span class='ocrx_word' id='word_1_447' title='bbox 828 2808 858 2834; x_wconf 90' lang='lat' dir='ltr'>in</span> <span class='ocrx_word' id='word_1_448' title='bbox 881 2807 946 2834; x_wconf 80' lang='lat' dir='ltr'>olla&#39;</span> <span class='ocrx_word' id='word_1_449' title='bbox 969 2827 994 2834; x_wconf 88' lang='lat'>..</span> <span class='ocrx_word' id='word_1_450' title='bbox 1016 2808 1050 2834; x_wconf 87' lang='lat'>41</span> <span class='ocrx_word' id='word_1_451' title='bbox 1073 2809 1104 2834; x_wconf 84' lang='lat' dir='ltr'>at</span> <span class='ocrx_word' id='word_1_452' title='bbox 1127 2808 1176 2834; x_wconf 89' lang='lat' dir='ltr'>ille</span> <span class='ocrx_word' id='word_1_453' title='bbox 1200 2808 1313 2835; x_wconf 80' lang='lat' dir='ltr'>‘afferte&#39;</span> <span class='ocrx_word' id='word_1_454' title='bbox 1337 2809 1432 2843; x_wconf 89' lang='lat' dir='ltr'>inquit</span> <span class='ocrx_word' id='word_1_455' title='bbox 1456 2808 1600 2836; x_wconf 79' lang='lat' dir='ltr'>‘farinam&#39;.</span> <span class='ocrx_word' id='word_1_456' title='bbox 1636 2817 1755 2842; x_wconf 88' lang='lat' dir='ltr'>cumque</span> <span class='ocrx_word' id='word_1_457' title='bbox 1781 2808 1922 2840; x_wconf 79' lang='lat' dir='ltr'>tulissent,</span> 
     </span>
     <span class='ocr_line' id='line_1_49' title="bbox 273 2850 1896 2894; baseline 0.007 -14"><span class='ocrx_word' id='word_1_458' title='bbox 273 2856 349 2882; x_wconf 78' lang='lat' dir='ltr'>misit</span> <span class='ocrx_word' id='word_1_459' title='bbox 368 2855 396 2881; x_wconf 84' lang='lat' dir='ltr'>in</span> <span class='ocrx_word' id='word_1_460' title='bbox 416 2856 500 2882; x_wconf 85' lang='lat' dir='ltr'>ollam</span> <span class='ocrx_word' id='word_1_461' title='bbox 521 2878 545 2884; x_wconf 93' lang='lat'>..</span> <span class='ocrx_word' id='word_1_462' title='bbox 565 2859 592 2883; x_wconf 79' lang='lat' dir='ltr'>et</span> <span class='ocrx_word' id='word_1_463' title='bbox 611 2867 666 2884; x_wconf 89' lang='lat' dir='ltr'>non</span> <span class='ocrx_word' id='word_1_464' title='bbox 685 2860 740 2886; x_wconf 80' lang='lat' dir='ltr'>suit</span> <span class='ocrx_word' id='word_1_465' title='bbox 758 2861 878 2894; x_wconf 85' lang='lat' dir='ltr'>amplius</span> <span class='ocrx_word' id='word_1_466' title='bbox 897 2859 1051 2894; x_wconf 87' lang='lat' dir='ltr'>quidquam</span> <span class='ocrx_word' id='word_1_467' title='bbox 1070 2860 1267 2888; x_wconf 83' lang='lat' dir='ltr'>amaritudinis</span> <span class='ocrx_word' id='word_1_468' title='bbox 1286 2861 1316 2887; x_wconf 91' lang='lat' dir='ltr'>in</span> <span class='ocrx_word' id='word_1_469' title='bbox 1335 2861 1399 2888; x_wconf 84' lang='lat' dir='ltr'>olla.</span> <span class='ocrx_word' id='word_1_470' title='bbox 1871 2850 1896 2884; x_wconf 60' lang='grc' dir='ltr'>’ἶ</span> 
     </span>
    </p>
   </div>
  </div>
 </body>
</html>
