2092 3094
200 589 822 672 *CARMINA
888 591 1743 676 CENTULENSIA.

291 754 432 800 Editur
459 767 598 805 tandem,
622 770 790 808 postquam
821 769 878 800 diu
906 769 1002 801 arcuit
1029 772 1150 810 spreta,
1181 771 1356 802 carminum
1385 772 1498 812 sylloqc
1528 773 1739 811 Gentulcnsis,
1768 785 1830 814 qaia

189 830 268 860 quae
290 820 432 851 carmina
454 820 662 857 eontinentur,
685 820 762 851 vilia
782 821 932 860 pleraque
955 823 984 851 et
1005 822 1190 862 aequalibus
1206 823 1298 854 etiam
1314 823 1482 864 iuferiora,
1505 824 1548 854 ad
1562 835 1666 855 remim
1683 826 1831 856 monasti-

187 881 295 903 carum
317 871 496 903 memoriam
519 873 641 902 tantum
662 872 802 910 affer-aut
824 874 853 903 ct
874 873 947 904 novi
969 875 997 904 et
1019 874 1103 911 cert-i,
1127 876 1161 905 ut
1181 875 1446 915 praestriqiarum
1466 876 1537 913 loco,
1562 886 1640 915 quas
1656 877 1830 917 Hariulfus

187 933 285 964 aequo
307 920 470 955 liberalius
493 923 554 954 sibi
569 920 759 963 permiserat
781 924 988 965 audacterque
1011 925 1146 957 credulis
1168 925 1351 958 exhibebant
1374 926 1587 967 liayioyraphi,
1610 938 1694 959 nunc
1708 929 1829 960 demum

183 975 341 1017 fundetur
366 975 491 1007 Centuli
512 975 655 1007 historia.
704 976 870 1007 Centulum
897 977 980 1008 enim
1009 977 1242 1009 nominabimus
1272 979 1493 1010 monasterium
1522 979 1603 1010 illud
1625 980 1658 1011 S.
1683 980 1830 1012 Rielaarii

187 1028 223 1058 iu
240 1037 324 1068 paqo
340 1026 473 1059 Pontivo
494 1028 586 1058 iuxta
601 1027 811 1059 Searduonem
823 1028 986 1066 fluviolum
1002 1029 1095 1060 situm
1111 1040 1126 1060 e
1144 1031 1278 1061 veterum
1292 1030 1519 1068 consuetudine,
1543 1031 1598 1071 qui
1612 1031 1830 1063 subaudierint

187 1079 418 1117 monasterium,
441 1089 509 1110 cum
527 1080 698 1120 posteriore
721 1082 853 1119 tempore
879 1080 1011 1112 Centula
1033 1091 1074 1113 se.
1100 1081 1175 1112 villa
1198 1081 1412 1114 increbruerit.

291 1132 319 1162 1.
361 1130 473 1163 Unus¹
502 1133 597 1162 totam
623 1131 762 1172 sylloyen
789 1133 925 1163 servavit
952 1132 1046 1164 codex:
1075 1133 1327 1165 membranaceus
1359 1134 1430 1165 olim
1461 1134 1714 1166 Gemblacensis²
1746 1146 1830 1167 nune

185 1182 288 1222 reqiae
303 1182 507 1223 bybliothecae
522 1183 746 1215 Bria-eliensis
761 1183 835 1224 (B),
857 1183 911 1215 sed
929 1185 984 1224 qui
1001 1184 1036 1215 in
1058 1185 1139 1216 duas
1156 1187 1266 1224 partes
1289 1185 1464 1217 disiunctus
1485 1186 1535 1224 sit,
1558 1186 1717 1227 deperdita
1737 1189 1829 1226 parte

186 1234 288 1272 tertia,
311 1244 390 1274 quae
411 1237 479 1266 erat
502 1235 614 1267 media.
652 1235 705 1266 Eae
727 1235 777 1273 iis,
801 1245 879 1275 qttae
902 1238 1080 1277 supersunt,
1102 1237 1203 1268 altera
1227 1246 1313 1268 nune
1334 1237 1559 1269 Bruoeellensis
1573 1239 1829 1269 10470—10473

185 1285 284 1318 decem
307 1286 528 1326 quaterniones
550 1289 579 1318 et
601 1287 738 1327 quinque
756 1287 838 1328 folia
861 1288 995 1319 continet
1017 1287 1056 1319 ab
1082 1288 1148 1327 ipso
1170 1289 1273 1320 scriba
1296 1289 1436 1320 numeris
1451 1289 1491 1320 ab
1507 1289 1522 1320 I
1539 1289 1582 1320 ad
1595 1289 1644 1320 XI
1669 1290 1702 1320 in
1725 1290 1828 1330 sinqu-

186 1337 288 1369 lorum
299 1337 526 1379 fasciculorum
539 1339 658 1378 finibus
683 1339 852 1380 iusiynita;
873 1339 974 1370 altera
997 1349 1082 1371 nunc
1097 1339 1320 1372 Bruxelleusis
1344 1342 1448 1371 10859
1470 1352 1490 1372 a
1513 1341 1716 1380 quaternione
1735 1341 1832 1373 XIII

184 1389 312 1420 initium
335 1390 419 1429 capit
440 1400 504 1422 non
526 1391 592 1422 iam
615 1391 743 1431 inteyro,
766 1391 856 1423 cuius
879 1390 1016 1422 condicio
1038 1394 1100 1423 est:

785 1453 806 1512 τ
848 1443 866 1474 ⁶
910 1453 925 1517 τ
968 1454 990 1501 ³³·
1026 1453 1048 1501 ε’
1090 1445 1109 1515 {¹
1145 1446 1168 1536 ῖ
1203 1446 1224 1474 ³

794 1513 796 1535 ι
854 1487 857 1535 Ι
972 1505 1036 1508 —ffl
1067 1523 1098 1526 v
1215 1487 1218 1553 Ι

185 1569 281 1602 Hune
302 1571 534 1610 subsequuntur
556 1571 671 1611 reliqui
693 1572 913 1612 quaterniones
936 1583 956 1604 a
979 1572 1074 1604 XIV.
1098 1572 1142 1606 ad
1162 1573 1259 1604 XXI.
1283 1573 1458 1606 dimidium.
1505 1575 1730 1614 Quaterniones
1752 1575 1831 1606 XII

184 1623 218 1653 et-
235 1621 334 1655 XIII
357 1622 386 1654 si
416 1622 502 1654 modo
530 1625 622 1654 erant
649 1624 715 1655 veri
743 1625 975 1664 quaterniones,
1003 1634 1110 1655 versus
1131 1625 1299 1664 perierunt
1322 1626 1400 1656 546:
1431 1635 1502 1656 nam
1526 1626 1670 1666 singulae
1687 1627 1827 1667 payinae

185 1674 320 1714 sinqutis
338 1674 490 1706 columnis
505 1676 655 1706 exaratae
678 1684 786 1707 versus
801 1676 959 1707 continent
974 1677 1094 1707 vicenos
1109 1676 1258 1717 sinyulos.
1296 1676 1381 1707 Meis
1397 1677 1536 1708 numeris
1551 1678 1579 1708 si
1594 1680 1826 1717 comparantur,

183 1725 285 1757 altera
319 1735 398 1765 pars
433 1726 643 1766 complectitur
679 1727 822 1759 earmina
860 1727 1015 1759 I-—CLX
1022 1727 1123 1766 VIII,
1160 1728 1262 1759 altera
1302 1729 1443 1760 earmina
1486 1729 1824 1763 CLXIX—CLXXI.

185 1776 361 1816 Scriptura,
385 1788 464 1817 quae
478 1788 540 1818 per
562 1788 666 1810 omnes
680 1780 902 1819 quaterniones
917 1779 978 1811 sibi
993 1781 1121 1817 constat,
1145 1780 1262 1811 saeculi
1277 1779 1388 1811 decimi
1403 1781 1447 1811 est
1463 1781 1639 1812 minuscula
1655 1781 1826 1814 Kar-oliuo.

187 1828 296 1860 Cetera
324 1830 430 1860 omnia
451 1840 472 1860 a
494 1829 694 1862 Bethmanno
721 1833 798 1863 reete
820 1834 895 1862 sunt
922 1833 1074 1862 enarrata
1083 1831 1104 1862 ³.
1151 1831 1239 1862 Idem
1261 1831 1483 1863 Bethmannus
1505 1832 1661 1874 (Bethm.)
1683 1834 1827 1865 earmina

184 1881 349 1921 exscripsit
371 1891 457 1913 anno
480 1883 579 1920 1842,
608 1882 663 1913 sed
681 1893 785 1922 pauca
815 1883 944 1923 reliquit
974 1883 1124 1923 neylecta,
1153 1893 1232 1922 quae
1262 1883 1404 1924 supplevi
1432 1885 1497 1923 ipse
1525 1894 1554 1916 a.
1586 1885 1671 1915 1886
1696 1884 1826 1916 codicem

186 1931 351 1964 Bruxelcis
373 1934 560 1965 eoeanzinans
568 1933 592 1966 ⁴.
633 1933 763 1966 Praeter
779 1934 1014 1966 Bethmannum
1037 1935 1111 1966 baro
1133 1934 1171 1965 de
1193 1934 1390 1975 Reiffeuberq
1411 1935 1539 1967 codicem
1563 1935 1733 1975 descripsit,
1756 1947 1825 1967 ear-

183 1984 272 2016 mina
294 1985 446 2024 quaedam
468 1995 507 2016 ea:
528 1996 562 2017 eo
583 1985 688 2024 edidit,
711 1987 810 2018 multa
833 1987 949 2027 cyreqie
971 1988 1006 2017 ut
1028 1986 1144 2017 solebat
1163 1987 1300 2026 peccavit
1311 1987 1332 2019 ³.
1378 1986 1566 2026 Nuper-rime
1589 1987 1627 2020 P.
1657 1987 1826 2019 Ursmarus

289 2098 314 2131 1)
334 2097 438 2131 Nescio,
458 2106 524 2124 mun
542 2098 626 2125 codex
639 2098 825 2125 Bmellensis
837 2098 888 2131 (B)
908 2097 974 2124 fidem
992 2098 1033 2130 sit,
1052 2105 1085 2124 eae
1101 2106 1154 2131 quo
1168 2097 1248 2124 Pitru
1266 2098 1296 2123 in
1314 2098 1399 2123 altera
1420 2097 1556 2132 Spieileyii
1567 2098 1735 2125 §blesmensis
1751 2099 1825 2132 serie,

183 2151 214 2175 ut
238 2149 296 2183 ipse
315 2149 347 2175 in
369 2149 497 2176 editorum
519 2153 649 2177 tomorum
673 2150 824 2184 tequnoentis
849 2149 986 2182 indicarit,
1011 2149 1133 2176 editurus
1156 2152 1213 2175 erat
1233 2149 1374 2176 ‘Miconem
1394 2148 1592 2176 Centulensem'.
1627 2150 1669 2176 De
1692 2150 1825 2177 Trithemii

185 2201 271 2228 codice
281 2201 340 2228 dixi
352 2202 568 2237 Abhandlunyen
586 2202 612 2229 d.
626 2202 712 2237 bayer.
726 2202 812 2229 Acad.
833 2202 855 2228 I.
870 2201 908 2228 CI.
931 2201 1015 2235 XIX,
1033 2205 1049 2228 2
1057 2209 1120 2235 paq.
1133 2204 1271 2228 313-316,
1342 2201 1369 2231 2)
1389 2200 1445 2233 Csr.
1458 2200 1490 2227 de
1504 2201 1668 2236 Reiffenbery
1681 2202 1825 2229 Annuaire

182 2253 209 2280 d.
227 2253 244 2281 l.
263 2253 431 2287 bibliotheque
448 2262 470 2281 r.
489 2254 521 2281 de
540 2254 662 2288 Belqique
681 2254 701 2280 Ῑ
707 2254 730 2280 V
748 2258 805 2286 122‚·
827 2254 973 2287 He'noeque
992 2253 1109 2279 Histoire
1131 2253 1162 2279 de
1179 2253 1296 2287 l‘abbaye
1319 2255 1342 2279 et
1359 2252 1390 2278 de
1408 2253 1435 2278 la
1454 2253 1511 2278 ville
1529 2252 1560 2279 de
1579 2253 1736 2287 sziquer
1753 2255 1824 2287 (Μὲ-

183 2304 276 2331 moires
293 2305 324 2331 de
343 2306 370 2331 la
387 2306 480 2332 societ&
497 2305 540 2332 des
558 2307 726 2340 antiquaires
742 2306 774 2332 de
792 2305 912 2332 Picardie
933 2305 990 2339 IX)
1009 2305 1042 2331 II
1057 2309 1112 2332 546.
1191 2305 1218 2338 3)
1237 2304 1322 2338 Apud
1340 2304 1495 2330 Duemmler
1513 2305 1549 2331 N.
1569 2306 1604 2332 A.
1623 2305 1670 2332 IV
1688 2309 1824 2334 103-122,

181 2357 211 2391 4)
230 2357 298 2390 Apte
314 2357 360 2384 hoc
377 2358 432 2385 loeo
449 2358 580 2392 quaedam
597 2358 628 2384 de
645 2359 711 2391 satis«
730 2367 800 2384 meae
818 2358 941 2384 editionis
958 2358 1116 2390 reserentur.
1148 2356 1318 2383 Tradideram
1334 2356 1465 2383 Guilelmo
1484 2358 1596 2382 Harster
1614 2356 1642 2382 V.
1657 2356 1684 2382 C.
1703 2357 1824 2383 carmina

185 2407 354 2435 Centulensia
372 2410 541 2443 aliquantum
559 2419 577 2436 a
594 2419 633 2437 me
651 2413 771 2442 com-ecta,
789 2410 834 2436 sed
853 2409 1010 2436 emendandi
1027 2417 1135 2435 munere
1152 2408 1272 2435 nondum
1287 2408 1450 2442 perfunctus
1455 2416 1464 2440 ,'
1482 2407 1595 2434 reddidit
1612 2409 1656 2434 ille
1673 2409 1825 2436 emradiora

181 2467 264 2494 eaque
281 2461 323 2487 his
340 2461 415 2488 locis:
435 2462 485 2488 ΙΙΙ
501 2467 525 2495 4,
546 2462 594 2488 IX
604 2467 628 2495 2,
650 2462 726 2488 XVI
739 2466 772 2488 2⁰
790 2465 815 2488 et
833 2466 875 2494 25,
899 2461 977 2487 XIX
993 2465 1032 2494 25,
1054 2460 1135 2487 XXI
1152 2464 1171 2493 7,
1192 2459 1290 2486 XXII
1304 2464 1340 2493 15,
1361 2459 1502 2486 XXVIII
1522 2463 1550 2486 14
1568 2462 1591 2485 ei
1609 2463 1650 2493 24,
1672 2459 1785 2487 XXIX
1803 2466 1823 2494 1,

185 2511 328 2539 XXXIV
341 2517 364 2546 2,
390 2513 512 2540 LXVII
526 2519 549 2547 ὅ,
569 2513 692 2540 LXXV
706 2516 730 2547 3,
749 2513 888 2540 LXXVI
903 2517 926 2546 2,
948 2512 1117 2539 LXXXIV
1131 2516 1146 2539 5
1163 2514 1186 2538 et
1206 2515 1242 2545 13,
1270 2511 1359 2538 XCII
1371 2515 1403 2538 36
1419 2514 1442 2537 et
1461 2515 1500 2544 43,
1526 2511 1564 2538 CI
1580 2514 1620 2544 38,
1642 2511 1695 2537 CV
1710 2515 1726 2538 :3
1742 2514 1767 2538 et
1784 2515 1823 2545 39,

185 2563 254 2590 CVI
268 2567 310 2598 25,
333 2565 420 2591 GVH
435 2570 464 2593 15
483 2568 507 2592 ct
526 2570 568 2599 20,
589 2566 691 2592 CVIII
703 2566 774 2593 titul.
793 2569 815 2592 et
835 2571 863 2592 14
877 2565 1037 2600 (Aspiciam,
1062 2565 1132 2597 hos),
1161 2563 1308 2597 (JV11131,
1335 2563 1451 2590 CXVII
1464 2567 1480 2589 6
1497 2565 1519 2590 et
1539 2566 1564 2596 8,
1589 2563 1772 2590 CXXXVII
1784 2567 1823 2598 36,

185 2615 347 2643 CXLVIII
362 2621 401 2651 29,
426 2617 504 2644 CLV
518 2622 541 2651 2,
567 2618 685 2644 CLVII
698 2621 721 2650 3,
748 2617 849 2644 CLXI
863 2621 886 2644 3.
924 2617 1060 2643 Decuisset
1083 2625 1147 2642 sane
1170 2615 1264 2643 iisdem
1286 2615 1349 2642 locis
1369 2615 1490 2641 Harsteri
1510 2623 1606 2642 nomen
1628 2615 1658 2641 in
1685 2619 1824 2649 apparatu

183 2666 292 2701 adponi,
308 2668 363 2695 nisi
376 2669 494 2703 paqinae
505 2673 636 2696 279-368
648 2671 786 2703 impressae
797 2671 880 2695 essent
893 2669 946 2695 iam
964 2671 1027 2701 tum,
1048 2676 1108 2694 eum
1127 2667 1267 2694 comitium
1285 2667 1365 2693 huius
1385 2667 1525 2693 volmninis
1543 2667 1717 2694 communiter
1734 2666 1825 2693 edendi

182 2719 303 2746 nondum
319 2723 376 2747 erat
393 2721 529 2748 abiectum.
599 2723 627 2754 5)
645 2721 679 2748 J..
697 2730 717 2747 e.
735 2730 796 2755 paq.
816 2725 959 2753 ιο3-122,·
977 2721 1095 2754 repetivit
1114 2727 1143 2746 ea
1163 2719 1303 2752 He'nocque
1321 2719 1336 2744 l.
1356 2726 1376 2745 c.
1396 2718 1547 2751 (Me'nwires
1568 2718 1608 2752 X)
1627 2718 1680 2744 III
1692 2722 1742 2745 545
1760 2720 1825 2744 reete

184 2771 316 2806 quaedam
333 2772 480 2799 observans.

287 2824 391 2852 Poma
410 2832 494 2852 u‘rnu
513 2831 571 2853 Αενι
590 2826 712 2852 υΑιιοιικι
731 2824 780 2856 111,
798 2824 822 2851 2.
1585 2822 1618 2849 34
