2040 2996
675 115 725 142 AD
742 115 990 143 HARTGARIUM
1008 117 1222 146 EPISCOPUM.
1715 127 1723 157 l
1733 127 1772 156 73

487 202 550 233 Ast
573 211 634 244 ego
656 202 856 234 maestificus
879 203 1203 237 tris't‘abarMusieus
1227 196 1389 249 Orpheus,

533 254 687 286 Euridice
710 255 805 296 liquit
827 265 880 286 me
903 255 979 297 quia
1002 266 1122 298 sponsa
1144 268 1228 290 mea.

489 305 555 337 Sed
579 316 653 338 cum
675 306 818 348 florigeri
841 307 1026 339 micuerunt
1050 311 1199 351 tempora
1222 311 1318 349 veris,

534 358 724 390 Dulcisonis
747 359 866 390 cecinit
889 358 1037 402 Calliope
1061 361 1217 398 modulis:

407 418 430 436 1⁵
487 410 635 442 Aedibus
658 410 692 441 in
715 411 833 442 nostris
856 411 1011 442 melliflua
1034 413 1178 444 carmina
1202 414 1337 455 promsit

535 461 698 494 Graecula
721 463 911 504 graecizans
934 473 990 495 ore
1015 474 1131 496 sonora
1154 465 1276 498 modos.

484 513 579 545 Tunc
601 511 654 545 me
677 513 862 545 tristificum
887 515 1012 546 solatur
1035 516 1179 548 carmine
1203 519 1315 548 vatem'

533 565 710 597 Armonico
733 568 831 597 cantu
854 566 996 608 mystica
1017 567 1119 599 verba
1142 578 1275 600 sonans:
1304 559 1307 561 ’

487 617 659 657 ‘Sednlius,
683 619 735 649 sat
757 626 830 657 ave,
852 621 887 649 tu
911 618 1025 650 Mosae
1051 619 1136 651 filius
1160 621 1275 660 amnis,

403 677 429 696 20
534 669 585 701 Tu
607 666 700 701 Maro
722 668 837 701 Leodii
860 669 1135 713 Musigenumque
1160 671 1290 703 comeS.5

485 721 579 753 Tunc
601 724 636 753 et
658 720 829 753 odoriferis
852 721 989 753 caelesti
1013 726 1146 755 nectare
1170 724 1271 765 guttis

533 773 683 816 Aspersit
706 772 875 816 sophicum
899 783 1019 816 corque
1042 775 1197 817 iecurque
1220 786 1329 807 meum

486 826 771 867 Ambroseumque
793 824 883 857 dedit
906 828 1019 868 potum
1042 827 1192 858 mirabile
1215 829 1323 869 gustu,

532 876 584 908 Ex
606 876 820 923 paradisiacis
844 887 940 919 quem
963 877 1039 909 tulit
1060 878 1117 909 illa
1140 878 1232 910 locis.

404 937 430 956 2⁵
488 928 560 965 Quo
584 927 753 960 sorbillato
777 932 916 970 surgunt
938 939 1024 960 nova
1047 929 1167 971 gaudia
1190 931 1302 970 menti,

531 980 621 1012 Artis
643 990 736 1011 amor
758 979 867 1021 gliscit
890 979 1124 1023 Calliopesque
1147 992 1263 1014 novae.

484 1032 563 1064 Mox
585 1031 713 1063 hirsuta
735 1031 813 1063 mihi
837 1031 955 1064 cecidit
977 1033 1196 1076 scabrosaque
1221 1034 1324 1066 barba

530 1084 574 1116 Et
596 1084 706 1116 vultus
729 1083 839 1115 statim
863 1083 1014 1126 sophicus
1038 1085 1181 1117 emicuit.

483 1135 529 1168 Ut
550 1145 603 1167 me
627 1135 787 1178 conspexi
809 1135 997 1167 decoratum
1022 1147 1157 1169 munere
1181 1137 1284 1177 divae,

404 1195 430 1214 ³0
534 1187 573 1219 In
596 1197 706 1219 sacras
729 1197 825 1220 aures
848 1188 988 1230 paucula
1011 1189 1112 1221 verba
1133 1189 1261 1232 loquor:

484 1239 590 1271 ‘Unde
613 1238 714 1271 venis'
737 1239 869 1281 inquam
894 1239 1072 1272 ‘Musarum
1097 1241 1265 1284 splendida.
1287 1242 1393 1274 doxa?

530 1291 679 1323 Fontene
701 1290 850 1332 Pegaseo
873 1291 1138 1334 Hesperidumve
1162 1293 1279 1325 domo?
1348 1296 1350 1298 '

483 1343 558 1375 Heu
581 1352 678 1384 quam
702 1342 850 1374 tristifico
875 1342 1050 1376 doluerunt
1073 1346 1204 1377 corcula
1226 1346 1292 1378 vati

529 1394 578 1426 Te
601 1404 664 1426 non
687 1398 871 1437 praesente,
895 1405 1017 1438 sponsa
1041 1401 1179 1429 venusta
1201 1397 1294 1430 mea!

400 1454 425 1474 π
482 1447 544 1479 Illa
567 1446 626 1479 sed
649 1450 783 1479 econtra
805 1446 892 1479 dulci
916 1448 964 1480 sic
987 1451 1119 1491 gutture
1143 1449 1229 1482 fatur

529 1498 737 1531 Permiscens
760 1498 890 1531 blandis
914 1500 1038 1532 musica
1061 1500 1160 1532 verba
1183 1501 1281 1533 iocis:

483 1551 540 1583 ‘Te
565 1551 642 1593 quia
663 1550 757 1594 pigra
778 1551 909 1594 hiemps
933 1552 1125 1594 glacialibus
1150 1553 1279 1586 horrida
1303 1555 1420 1587 crustis

528 1603 694 1635 Romanas
715 1613 811 1635 arces
834 1603 940 1636 visere
964 1600 1141 1647 prohibuit,

482 1655 574 1687 Haut
595 1655 686 1698 potui
710 1665 846 1697 segnem
868 1655 1037 1688 vobiscum
1061 1656 1183 1699 degere
1207 1658 1319 1697 vitam,

399 1715 425 1734 ⁴⁰
529 1707 700 1739 Pastorem
722 1707 854 1738 rutilum
878 1707 937 1739 sed
961 1708 1116 1740 comitata
1138 1720 1262 1741 meum:

480 1760 564 1792 Nam
587 1760 733 1803 quamvis
756 1759 890 1792 timidus
913 1761 1061 1793 mansisti
1084 1763 1234 1804 garrulus
1259 1762 1422 1805 Orpheus,

530 1812 668 1844 Assecla
689 1809 834 1855 pastoris
859 1811 1006 1856 Calliope
1029 1814 1126 1846 volui.

481 1864 564 1896 Nam
587 1864 666 1896 mihi
688 1862 737 1896 fas
760 1864 866 1896 fuerat
887 1864 1038 1898 Latiares
1062 1876 1196 1898 cernere
1219 1865 1334 1905 teri-as,

526 1915 608 1953 Quis
631 1926 723 1948 meus
746 1916 922 1959 altiloquus
946 1917 1055 1949 floruit
1078 1921 1148 1950 arte
1172 1917 1279 1955 Maro;
1340 1920 1343 1924 '

398 1977 423 1995 ⁴⁵
481 1969 535 2001 Me
559 1968 669 2000 decuit
691 1968 845 2011 sophicas
867 1967 1069 2001 Laurentum
1093 1969 1200 2001 visere
1222 1973 1363 2001 turmas:

526 2019 691 2063 Numquid
714 2030 789 2052 nam
813 2020 902 2052 solus
926 2020 1032 2052 clarus
1055 2020 1221 2053 Homerus
1246 2021 1330 2052 eris?

481 2072 515 2104 Si
538 2072 597 2104 tibi
619 2071 780 2104 Leodium
804 2071 965 2104 dulcescit
988 2082 1048 2104 ceu
1071 2073 1126 2115 pia
1149 2076 1263 2112 mater,

524 2123 594 2155 Nec
618 2123 725 2155 minus
748 2126 800 2155 est
822 2123 926 2155 dulcis
949 2123 1085 2156 Mantua
1107 2125 1195 2156 clara
1218 2124 1305 2156 mihi.

481 2174 515 2207 Si
536 2178 645 2207 tamen
669 2174 812 2206 oblectet
836 2178 980 2207 secretas
1004 2186 1141 2207 noscere
1165 2186 1281 2207 causas

398 2234 423 2252 ⁵⁰
527 2226 692 2268 Migrandi
715 2225 862 2266 Romam,
885 2226 944 2258 has
967 2226 1111 2259 breviter
1132 2227 1285 2258 referam:

481 2277 634 2310 Caesaris
658 2277 769 2310 eximii
792 2277 990 2310 Francorum
1014 2278 1084 2309 iure
1107 2277 1243 2309 Lothari

526 2329 676 2360 Pacificis
699 2329 784 2361 votis
808 2329 1016 2371 consiliisque
1040 2330 1102 2372 piis

218 2458 250 2484 15
267 2459 365 2484 Edibus
378 2459 477 2492 panim
492 2459 515 2484 0
590 2457 622 2484 17
640 2463 725 2485 vatem
746 2459 839 2485 Οτοιεε
857 2468 891 2484 na
909 2460 956 2484 ἠῶ
973 2460 995 2483 C
1071 2458 1104 2484 18
1116 2459 1216 2484 mistica
1229 2458 1262 2490 (et
1274 2457 1435 2491 mysterium)
1448 2466 1546 2490 semper
1561 2457 1583 2482 O
1659 2457 1690 2482 19
1703 2457 1760 2484 *Sc-

113 2501 185 2527 dulia
206 2505 268 2527 sunt
288 2510 337 2527 sne
351 2501 374 2527 O
391 2502 495 2527 Sedulio
515 2502 549 2527 sit
573 2501 636 2528 ‘sve'
661 2502 754 2535 Haupt
810 2506 911 2538 tumose
926 2503 949 2527 G
962 2511 1029 2527 corr.
1049 2501 1197 2527 Duemmler
1287 2499 1322 2525 22
1343 2509 1418 2534 asper
1439 2501 1473 2526 sit
1490 2500 1512 2525 Ο
1527 2509 1594 2525 corr.
1614 2500 1762 2526 Duemmler

113 2543 148 2570 36
164 2545 226 2570 locis
240 2545 262 2570 0
276 2553 342 2570 cm.
363 2544 510 2570 Duemmler
587 2544 623 2570 43
640 2546 747 2570 laciores
763 2545 785 2570 Ο
799 2554 864 2571 cor-r.
879 2545 970 2578 Haupt
1048 2543 1082 2570 44
1099 2553 1157 2570 arce
1169 2545 1191 2570 Ο
1205 2553 1271 2569 corr.
1282 2543 1374 2576 Haupt
1451 2542 1485 2568 46
1504 2544 1570 2568 Num
1589 2545 1651 2576 quin
1669 2553 1728 2569 nam
1743 2544 1765 2570 0

113 2595 180 2613 corr.
200 2587 292 2620 Haupt
310 2588 378 2614 Num
396 2588 518 2621 quidnam
538 2588 630 2614 Graue
649 2588 710 2622 (cfr.
728 2588 906 2621 Enqelbrecht.
920 2593 968 2614 act.
987 2597 1026 2614 ac.
1043 2588 1148 2614 Vindoh.
1169 2587 1223 2620 CX,
1240 2586 1303 2619 457)

217 2662 250 2689 18
269 2662 346 2691 Fert.
362 2663 444 2698 VIII,
461 2664 487 2696 3,
505 2665 522 2691 8
540 2663 658 2698 mystica
670 2664 755 2691 verba
767 2666 880 2691 canunt.
961 2665 996 2691 36
1014 2663 1069 2696 CYr.
1081 2664 1169 2690 Amat.
1183 2664 1238 2696 HI,
1258 2664 1308 2690 796
1326 2663 1384 2689 Nec
1397 2663 1510 2689 taceant
1522 2661 1620 2688 mediis
1633 2661 1760 2695 improba

113 2713 197 2741 verba
213 2714 288 2741 iocis.
376 2716 410 2742 38
429 2715 475 2742 Gt.
490 2716 529 2748 Π,
544 2716 594 2742 178
612 2716 745 2742 Romanis
763 2716 881 2743 arcibus.
966 2716 1001 2742 43
1019 2723 1038 2741 c.
1054 2723 1079 2749 9.
1099 2715 1166 2742 Aen.
1187 2714 1258 2748 XII,
1277 2715 1328 2741 279
1346 2722 1415 2748 quos
1434 2713 1548 2748 agmina
1566 2713 1662 2739 contra
1679 2714 1682 2747 Ι
1697 2722 1760 2747 pro-

113 2766 228 2792 currunt
247 2765 424 2794 Laurentum.
510 2767 545 2795 49
564 2767 610 2794 Ge.
629 2767 669 2801 ΙΙ,
686 2767 739 2794 490
755 2775 846 2794 rernm
866 2752 1032 2801 cognoscere
1050 2774 1154 2793 causas.
