2060 3074
727 173 775 201 DE
793 173 1023 202 SOBRIETATE
1042 173 1150 200 LIBER
1163 173 1197 200 ΙΙ.
1726 174 1789 204 673

423 274 462 294 m
507 261 596 298 Quos
619 261 758 293 Satanas
782 261 915 303 eiusque
938 261 1046 292 ferunt
1067 260 1197 292 feritate
1220 260 1367 300 ministri,

506 314 640 356 Absque
662 314 778 345 timore
801 313 867 345 ullo
891 314 1032 355 gratanti
1055 313 1167 356 splene
1190 312 1319 345 ridebit.

507 365 585 402 Quis
607 376 660 397 me
684 365 863 398 causidicus
885 365 1025 397 salvabit
1047 365 1089 397 ab
1112 365 1258 397 hostibus
1281 365 1364 396 illis?

506 417 585 454 Quis
609 417 760 449 defensor
782 417 852 458 erit,
876 417 931 459 qui
953 417 1086 449 crimina
1109 420 1224 449 cuncta
1247 417 1357 449 citanti

507 469 637 501 Obiciat
658 468 798 501 reddens
819 469 928 500 multis
951 479 1009 511 pro
1032 468 1161 500 milibus
1186 479 1295 509 unum,

423 533 462 553 eso
506 520 605 553 Cuius
628 520 670 552 ob
693 521 850 552 auxilium
874 521 978 562 fugiat
1000 521 1093 563 niger
1115 521 1170 552 ille
1194 521 1345 552 satelles?

507 572 612 610 Quale
636 573 698 605 erit
719 573 800 605 illud
823 576 941 615 opus?:
973 583 1044 605 cum
1068 576 1182 605 cuncta
1205 572 1347 605 admissa
1370 571 1533 613 recordor,

505 624 639 657 Invenio
662 625 785 656 nullum
808 625 916 665 miser,
938 625 971 656 in
994 635 1057 667 quo
1080 624 1182 656 fidere
1204 625 1335 667 possim.

507 676 600 708 Haec
623 679 733 708 tamen
755 676 817 708 hac
838 677 872 708 in
894 687 930 708 re
952 676 1070 708 fiducia
1091 677 1235 708 maxima
1256 676 1405 716 habetur,

508 726 604 764 Quod
626 727 796 759 menbrum
820 727 937 760 Christi
961 738 1052 759 sacro
1077 727 1117 759 de
1141 738 1276 770 corpore
1299 729 1388 768 sisto,

423 791 462 811 sss
507 779 695 812 Catholicae
718 779 794 811 fidei
817 780 937 812 cultum
961 779 1049 822 quod
1071 779 1169 812 corde
1191 783 1357 812 retentans

507 830 673 864 Confiteor
695 832 788 863 labiis
812 835 846 863 et
867 832 900 863 in
922 832 984 863 hac
1006 832 1180 874 persistere
1203 835 1314 863 votum
1338 834 1388 863 est

508 883 561 923 Et,
584 894 682 926 super
704 884 788 922 hanc
810 886 846 915 ut
868 883 942 915 iusti
965 883 1072 926 operis
1095 886 1254 916 structura
1275 884 1412 924 levetur,

507 934 685 967 Auctorem
709 945 854 967 summae
877 934 1031 966 bonitatis
1054 945 1152 977 posco
1176 938 1337 976 verenter,

507 987 645 1019 Auferat
667 990 703 1019 ut
726 987 879 1027 clemens,
903 986 1055 1029 quicquid
1077 987 1138 1019 sibi
1161 986 1310 1030 displicet
1331 987 1364 1019 in
1386 997 1450 1027 me,

423 1051 463 1071 m
505 1038 549 1070 Et
570 1039 691 1071 tribuat
712 1039 813 1081 gratis
836 1038 923 1081 quod
945 1042 1072 1080 gratum
1096 1039 1201 1081 gratia
1224 1038 1349 1071 reddat.

552 1099 679 1132 xxm.
703 1099 854 1131 Praestet
876 1098 910 1131 id
933 1099 1137 1142 omnipotens
1160 1100 1255 1131 solita
1276 1100 1400 1142 pietate
1422 1099 1548 1131 misello

507 1151 550 1183 Et
573 1151 672 1184 donet
694 1151 865 1188 miserator
888 1161 984 1193 opem
1007 1161 1068 1183 uec
1090 1151 1259 1183 subtrahat
1280 1152 1345 1192 uni,

508 1203 604 1240 Quod
626 1203 735 1235 multis
758 1203 876 1245 largita
899 1202 959 1234 fuit
982 1203 1154 1235 clementia
1177 1203 1354 1244 abundans,

509 1255 601 1291 Quae
624 1265 722 1297 super
744 1255 886 1286 excellat
908 1254 1016 1286 librati
1041 1255 1191 1287 examina
1213 1256 1303 1296 recti,

425 1318 464 1338 m
507 1306 553 1338 Ut
575 1307 659 1339 solet
681 1307 714 1338 in
736 1306 865 1349 liquidis
889 1316 986 1349 super
1008 1307 1055 1338 ire
1078 1307 1242 1349 liquamen
1266 1308 1351 1339 olivi.

0 1354 7 1399 ’ξ
509 1358 629 1390 Obviet
651 1359 684 1390 iu
706 1362 829 1390 memet
851 1358 970 1390 misero
993 1359 1156 1390 miseratio
1180 1370 1268 1399 vero,

0 1405 4 1415 '
508 1410 655 1442 Iustitiae
677 1410 757 1453 figat
780 1420 846 1453 pax
869 1410 980 1442 oscula
1002 1411 1114 1442 suavia
1135 1411 1271 1452 amicae,

507 1462 552 1494 Ut
574 1462 728 1494 Salomon
751 1462 872 1502 scribit,
896 1463 923 1494 si
945 1473 1009 1494 nou
1033 1463 1173 1505 cognitio
1198 1463 1290 1495 fallit:

509 1514 703 1546 ‘Obviavere
728 1514 789 1546 sibi
813 1513 904 1546 dives
926 1524 1116 1557 pauperque
1140 1515 1199 1547 sub
1222 1525 1297 1553 uno,

415 1578 467 1598 ιωο
510 1565 553 1598 Et
576 1565 723 1598 dominus
746 1569 856 1597 tamen
879 1569 930 1597 est
951 1565 1020 1597 istis
1044 1569 1196 1608 operator
1218 1565 1381 1609 utrisque.'

508 1617 609 1650 Dives
632 1618 718 1650 euim
743 1617 823 1650 deus
847 1620 907 1658 est,
932 1617 1020 1649 cuius
1042 1618 1208 1650 miseratio
1230 1619 1322 1660 larga
1345 1621 1403 1658 est,

508 1669 690 1713 Paupertas
713 1669 746 1701 in
769 1679 833 1712 quo
857 1669 946 1700 nulla
969 1673 1033 1704 est:
1056 1670 1155 1702 miser
1177 1670 1259 1702 hanc
1282 1674 1392 1702 tamen
1416 1671 1448 1702 in
1471 1680 1505 1702 se

506 1721 704 1765 Pauperiem
726 1721 835 1761 sentit,
859 1721 910 1753 cui
932 1731 996 1752 non
1020 1721 1175 1754 districtio
1198 1722 1301 1764 parcit

509 1772 575 1814 (Sic
597 1773 668 1805 miti
690 1773 779 1804 furor
801 1775 835 1804 et
858 1773 1029 1815 tranquillo
1053 1773 1224 1805 ascribitur
1245 1774 1302 1815 ira,

414 1838 465 1858 ιοοι
509 1824 597 1861 Quos
620 1828 727 1857 motus
749 1825 888 1865 bonitas,
913 1835 997 1867 quae
1020 1835 1084 1857 uon
1107 1828 1258 1866 mutatur,
1281 1825 1460 1868 abhorret).

506 1877 645 1909 Divitias
668 1877 756 1909 cuius
778 1877 887 1919 largas
909 1876 1006 1908 modo
1030 1877 1165 1920 quisque
1188 1877 1328 1920 benigne

507 1928 646 1972 Respuit
668 1928 806 1969 oblatas,
830 1931 905 1960 tuuc
927 1928 980 1960 hic
1003 1928 1171 1960 mendicus
1194 1929 1314 1971 egebit,

508 1980 590 2013 Cum
613 1980 760 2023 frigentis
784 1990 889 2023 aquae
913 1983 1038 2022 guttam
1062 1979 1220 2023 digitique
1242 1981 1386 2023 requiret

507 2032 709 2073 Extremum,
732 2042 793 2064 uec
816 2031 906 2064 adire
931 2032 1061 2075 quidem
1085 2036 1197 2064 sancta
1219 2033 1275 2064 illa
1296 2033 1408 2064 licebit

411 2097 462 2117 ιοιο
506 2083 608 2124 Ostia,
632 2084 744 2116 felices
767 2094 826 2127 per
849 2094 933 2126 quae
956 2094 1105 2116 meruere
1129 2094 1302 2126 supernam

507 2135 630 2168 Urbem
652 2136 773 2168 intrare
797 2134 850 2167 dei
872 2146 1063 2178 summaque
1087 2136 1119 2167 iu
1142 2146 1223 2178 pace
1248 2136 1372 2178 vigere,

508 2186 574 2220 Sed
596 2190 680 2219 tetro
702 2187 736 2219 in
758 2187 889 2220 baratro
912 2190 1070 2230 vastaque
1093 2188 1248 2230 voragine
1272 2188 1399 2219 clausus

506 2239 610 2282 Inque
633 2238 776 2271 undante
799 2239 880 2271 chao
904 2239 977 2282 pice
1001 2239 1155 2282 sulphure
1179 2240 1344 2271 vermibus
1366 2240 1441 2282 igne

506 2290 666 2323 Dentibus
689 2290 845 2323 horrificis
868 2291 1006 2323 stridens
1029 2291 1251 2334 gemitumque
1275 2291 1484 2333 frequentans

243 2428 295 2455 979
312 2430 424 2456 obiiciat
437 2429 463 2455 A
549 2428 599 2455 981
619 2430 741 2456 ammissa
754 2429 778 2455 L
865 2427 916 2455 996
934 2429 968 2454 1111
986 2434 1080 2456 memet
1092 2430 1117 2454 A
1207 2428 1274 2454 1005
1291 2429 1394 2455 aborret
1407 2429 1432 2454 A

244 2505 304 2533 996.
323 2506 373 2534 997
391 2505 464 2534 Μ.
482 2506 524 2537 84,
539 2506 570 2532 11
597 2505 787 2532 misericordia
810 2506 839 2532 et
856 2505 960 2532 veritas
983 2505 1168 2541 obyiaveruut
1192 2504 1259 2531 sibi:
1289 2504 1400 2532 iustitia
1423 2507 1452 2532 et
1474 2514 1530 2541 pax
1553 2506 1694 2533 osculatae
1721 2507 1794 2533 suut.

141 2556 200 2583 999.
211 2557 279 2585 1000
292 2557 371 2586 Prov.
381 2558 447 2591 222
459 2557 537 2585 dives
549 2558 578 2585 et
587 2565 696 2592 pauper
709 2557 896 2585 obviaverunt
907 2557 975 2584 sibi:
989 2557 1136 2591 utriusque
1146 2558 1276 2592 operator
1289 2558 1332 2584 est
1341 2557 1479 2584 dominus.
1545 2557 1610 2584 1001
1626 2557 1704 2584 Rom.
1716 2557 1756 2590 10,
1764 2558 1796 2584 12

141 2607 215 2635 idem
234 2608 364 2637 dominus
382 2609 514 2642 omnium,
533 2609 611 2637 dives
629 2609 659 2636 in
678 2618 774 2636 omnes
792 2609 842 2644 qui
861 2609 996 2636 invocant
1014 2609 1102 2636 illum.
1192 2609 1364 2636 1008—1016
1382 2609 1450 2636 Luc.
1471 2610 1513 2641 16,
1523 2609 1558 2636 24
1576 2609 1699 2636 clamans
1722 2607 1796 2635 dixit

143 2661 232 2694 ‘pstor
244 2660 394 2694 Abraham,
413 2661 543 2689 miserere
560 2661 615 2688 mei
629 2663 659 2689 et
670 2661 752 2688 mitte
765 2661 908 2694 Lazarum,
928 2662 960 2688 ut
972 2661 1118 2694 intinguat
1130 2662 1283 2687 extremum
1298 2660 1381 2694 digiti
1401 2660 1442 2686 sui
1457 2660 1486 2686 in
1499 2669 1581 2694 aqua,
1600 2661 1633 2687 ut
1650 2660 1796 2695 refrigeret

141 2710 266 2745 linguam
286 2713 394 2740 meam'.
430 2713 465 2740 25
483 2714 512 2740 et
530 2712 603 2740 dixit
620 2713 663 2740 illi
683 2713 824 2740 Abraham
844 2733 850 2739 .
862 2733 868 2740 .
887 2713 921 2740 26
940 2713 1023 2739 ‘inter
1042 2721 1091 2738 nos
1110 2713 1139 2738 et
1158 2720 1206 2738 vos
1225 2711 1309 2738 chaos
1328 2720 1461 2746 magnum
1481 2712 1620 2739 firmatum
1639 2713 1694 2744 est,
1714 2713 1746 2739 ut
1766 2712 1795 2739 hi

141 2762 189 2796 qui
203 2763 302 2791 volunt
319 2764 385 2791 hinc
402 2765 521 2792 transire
532 2765 569 2792 ad
582 2773 630 2792 vos
643 2773 699 2792 non
718 2765 826 2800 possint
839 2773 929 2799 neque
942 2765 1007 2791 iude
1022 2765 1075 2791 huc
1088 2764 1278 2791 transmeare'.
1352 2763 1417 2790 1014
1437 2763 1546 2792 vaenc.
1565 2763 1644 2791 1759
1663 2763 1795 2790 dentibus

142 2813 306 2842 horrendum
326 2816 446 2843 stridens
463 2816 615 2851 fletumque
632 2817 820 2851 frequentans.
