2040 2996
310 151 328 181 8
798 149 886 176 VITA
906 149 1017 176 ΒΕΑΤΙ
1036 149 1260 176 LEUDEGARII
1279 149 1477 176 MARTYRIS.

593 244 618 261 60
670 236 805 278 Ingenio
830 237 1030 279 eloquiisque
1054 237 1116 279 piis
1140 237 1326 279 fulgescere
1350 237 1468 279 coepit.

670 288 816 320 Maturos
840 292 1011 331 postquam
1035 288 1150 320 doctus
1174 289 1323 331 pervenit
1347 289 1387 321 ad
1412 299 1524 328 annos,

670 339 732 382 (Ut
754 339 870 382 fertur)
893 340 1002 372 fuerat
1024 340 1184 382 prestanti
1208 351 1342 382 corpore
1366 341 1503 383 pollenS,

671 391 895 433 Doctiloquus,
919 391 1074 433 prudens,
1099 395 1207 423 castae
1231 392 1361 423 virtutis
1385 394 1524 427 amator;

671 443 772 474 Cuius
797 443 829 474 in
854 446 991 485 aspectu
1015 443 1142 486 species
1166 443 1306 475 radiavit
1329 454 1477 482 amoena,

593 502 618 520 6⁵
673 494 773 526 Cuius
798 494 877 526 haut
900 505 1043 536 unquam
1067 495 1204 526 fuscavit
1228 506 1346 537 spurca
1368 495 1466 526 libido

671 546 837 584 Membra,
854 546 912 577 sed
935 547 1094 578 innocuus
1118 547 1296 588 permansit
1320 547 1411 589 virgo
1437 558 1496 589 per
1519 557 1625 578 evum.

671 597 863 639 Virginibus
888 598 1016 629 iunctus
1042 598 1187 640 sequitur
1210 609 1296 630 nunc
1321 598 1478 630 candidus
1503 609 1634 640 agnum,

671 650 786 691 Agnus
810 653 843 681 et
866 650 951 681 hunc
975 650 1062 681 rexit
1085 649 1234 681 ducendo
1259 650 1300 681 ad
1324 661 1461 682 amoena
1484 651 1616 690 virecta,

671 700 763 736 Quae
788 701 960 743 paradisus
984 701 1041 732 alit
1063 701 1183 733 florens
1207 702 1239 732 in
1265 705 1351 733 sorte
1375 701 1481 734 beata.

594 760 619 778 ⁷⁰
724 752 786 792 Da,
812 752 903 791 deus,
928 756 964 784 ut
987 753 1109 795 possim
1132 755 1240 784 tantas
1264 753 1409 795 proferre
1433 753 1563 795 loquela

670 804 838 841 Virtutes;
860 815 934 836 mea
957 804 1104 836 fecundis
1128 805 1252 836 arentia
1275 805 1368 836 donis

671 854 776 887 Corda
798 856 879 898 riga,
902 856 986 887 vatis
1009 867 1050 888 ne
1074 859 1165 888 tanta
1188 857 1310 888 fluenta
1332 857 1509 899 restringat

673 907 823 938 Haustus
847 908 987 950 exiguus
1011 909 1146 940 veniens
1171 907 1211 940 de
1236 919 1380 951 paupere
1405 909 1548 951 lympha.

670 959 851 991 Accessere
876 959 955 997 dies,
980 963 1072 991 aetas
1097 959 1282 991 advolvitur
1304 960 1397 991 annis

598 1017 622 1035 ⁷⁵
674 1010 732 1042 Bis
757 1010 849 1043 denis
875 1011 986 1053 rapido
1010 1011 1074 1043 iam
1098 1011 1160 1043 iam
1186 1014 1355 1043 remeante
1379 1022 1527 1043 recursu:

671 1062 803 1095 Interea
826 1063 927 1095 levita
950 1064 1021 1106 pias
1045 1063 1190 1095 defertur
1214 1063 1255 1094 ad
1278 1074 1367 1099 aras;

671 1114 748 1145 Iura
771 1114 943 1146 ministerii
965 1115 1049 1146 sacri
1073 1115 1242 1146 tractanda
1265 1115 1443 1157 replentur.

673 1165 835 1197 Continuo
860 1169 975 1198 sancto
1000 1167 1176 1208 spiramine
1201 1177 1350 1198 crescere
1374 1167 1491 1209 coepit,

671 1218 839 1249 Laudibus
863 1218 1011 1249 almificis
1035 1221 1169 1249 cunctos
1192 1218 1256 1250 iam
1280 1219 1367 1250 fama
1391 1219 1558 1261 respersit,

595 1277 621 1294 *υ
674 1270 803 1301 Emicat
826 1274 858 1302 et
882 1270 988 1301 subito
1012 1271 1143 1312 populis
1168 1270 1243 1302 dum
1267 1271 1408 1302 lichinus
1432 1271 1550 1303 ardens

673 1321 841 1352 Mentibus
866 1331 908 1352 ex
932 1321 1042 1352 multis
1066 1320 1237 1363 depellens
1261 1325 1355 1352 nocte
1380 1321 1546 1354 tenebras.

672 1373 820 1405 Effectus
845 1374 945 1405 levita
968 1374 1030 1416 piis
1055 1377 1123 1405 tum
1146 1374 1237 1406 iussa
1260 1374 1394 1406 facessit

675 1423 845 1456 Pontificis
869 1425 1083 1464 Pictavensis,
1108 1426 1162 1467 qui
1186 1426 1327 1457 eulmina
1349 1426 1436 1458 rexit

672 1477 825 1509 Eclesiae
850 1488 978 1515 sacrae;
1001 1488 1060 1520 per
1083 1478 1214 1519 glebam
1237 1478 1290 1510 hic
1315 1478 1440 1510 semina
1463 1479 1595 1520 spargit,

595 1537 618 1554 ⁸³
674 1529 830 1571 Squalida
851 1540 927 1560 rura
951 1539 1063 1561 means
1088 1530 1190 1572 spinis
1213 1530 1383 1561 mundavit
1406 1530 1577 1572 ademptis,

672 1581 791 1613 Messis
815 1584 851 1612 ut
874 1592 947 1613 esse
972 1585 1071 1623 queat
1095 1581 1229 1621 domini,
1254 1593 1295 1614 ne
1319 1582 1470 1623 gramina
1493 1593 1592 1614 saeva

675 1633 778 1665 Urant
801 1633 889 1665 culta
911 1634 964 1676 pio
989 1634 1093 1665 cultro
1117 1633 1266 1676 plantata
1289 1634 1435 1669 novella:

674 1685 765 1722 Quae
790 1686 862 1717 loca
885 1685 955 1717 iure
980 1685 1041 1717 sibi
1065 1688 1158 1717 vates
1183 1685 1359 1717 commissa
1382 1685 1527 1725 tenebat,

673 1737 808 1779 Inpiger
832 1740 865 1769 et
889 1738 990 1769 celeri
1015 1748 1128 1779 gressu
1151 1747 1211 1780 per
1234 1741 1351 1768 cuncta
1374 1737 1524 1769 cucurrit.

599 1796 624 1814 ⁹⁰
679 1788 810 1820 Solatur
833 1792 967 1828 mestos,
993 1800 1103 1821 curam
1128 1800 1256 1831 quoque
1281 1790 1385 1831 gessit
1409 1792 1572 1831 egentum,

674 1841 781 1884 Erigit
803 1842 855 1873 hic
879 1843 1019 1874 humiles
1042 1843 1115 1874 imis
1139 1846 1325 1884 mersatque
1349 1842 1525 1885 superbos:

673 1893 802 1925 Blanda
824 1894 885 1936 piis
909 1898 1057 1936 prestare
1081 1897 1184 1937 parat,
1208 1894 1267 1926 sed
1291 1897 1324 1926 et
1347 1904 1463 1937 aspera
1485 1895 1604 1936 pravis,

677 1946 835 1977 Omnibus
858 1946 930 1989 ipse
954 1949 1050 1989 pater
1073 1947 1209 1990 cupiens
1233 1947 1451 1979 medicamina
1472 1945 1603 1979 blanda.

675 1997 793 2028 Diruta
817 2001 1005 2030 restaurans
1029 1998 1145 2030 melius
1169 2001 1371 2040 renovatque
1394 2000 1540 2029 vetusta:

598 2056 622 2074 1¹5·
677 2049 768 2085 Quae
792 2049 968 2091 necglegta
990 2050 1080 2091 prius
1104 2053 1244 2092 purgata
1267 2049 1362 2081 sorde
1385 2049 1560 2081 nitescunt.

726 2100 801 2132 Ibat
824 2101 932 2143 opima
955 2101 1015 2132 viri
1039 2101 1188 2133 redolens
1211 2101 1276 2132 iam
1300 2101 1387 2132 fama
1411 2111 1469 2143 per
1492 2111 1615 2132 omnes.

678 2152 772 2184 Haec
797 2153 924 2195 lampas
948 2152 1048 2184 furvis
1072 2153 1219 2184 tenebris
1244 2163 1285 2184 ne
1310 2163 1419 2183 mersa
1442 2155 1601 2194 tepescat,

415 2242 449 2267 60
466 2243 574 2275 eloquiis
587 2252 653 2276 quae
669 2244 692 2268 G
780 2242 813 2269 70
826 2245 953 2277 proferrae
971 2244 994 2269 G
1081 2242 1113 2269 77
1127 2244 1240 2277 repletur
1255 2244 1278 2269 G
1290 2252 1358 2268 corr.
1372 2243 1398 2268 P
1482 2242 1516 2268 84
1531 2242 1593 2276 *per
1606 2244 1707 2269 blebem
1720 2243 1834 2277 (plebem
1849 2242 1883 2276 Ρ)
1895 2243 1932 2269 sie
1946 2243 1970 2268 G

311 2284 345 2310 89
363 2285 469 2318 *gressu
487 2295 564 2319 super
579 2287 602 2311 G
693 2286 725 2312 91
745 2291 840 2312 mersat
857 2295 923 2320 quae
938 2287 961 2312 0
1055 2286 1088 2312 93
1106 2286 1158 2312 *απ
1176 2287 1281 2312 danda?
1367 2285 1401 2311 94
1420 2290 1527 2312 renouat
1545 2295 1612 2319 quae
1628 2286 1652 2311 (ἶ
1739 2285 1772 2312 97
1791 2289 1932 2320 temptam-t
1945 2286 1969 2311 G

414 2379 448 2406 62
467 2380 534 2406 Aen.
550 2379 613 2413 VII,
629 2380 679 2406 783
697 2379 853 2414 praestanti
872 2388 985 2414 corpore
1004 2379 1121 2406 Turnus.
1207 2379 1242 2406 63
1261 2378 1388 2406 Aldhelm.
1407 2380 1422 2406 l.
1443 2379 1506 2413 viry.
1519 2379 1588 2406 2018
1607 2380 1700 2406 castae
1718 2379 1833 2407 virtutis
1851 2380 1968 2407 amator.

312 2432 345 2458 64
367 2431 442 2458 Fon.
456 2432 483 2458 G.
498 2432 555 2464 III,
575 2432 616 2463 24,
635 2433 652 2458 2
670 2432 755 2459 Cuius
773 2432 802 2458 in
821 2433 937 2466 aspectu
954 2440 1032 2458 mens
1051 2431 1175 2466 pretiosa
1193 2431 1286 2458 micat.
1373 2431 1408 2457 65
1426 2430 1555 2458 Amans.
1573 2431 1647 2458 laud.
1665 2431 1729 2465 virq.
1744 2431 1809 2458 1291
1828 2431 1970 2459 fuscarent

314 2484 345 2509 ut
369 2492 511 2517 nunquam
535 2483 651 2510 crimine
676 2483 807 2510 membra.
903 2484 937 2510 66
960 2483 1088 2510 Aldhelm.
1111 2483 1185 2510 laud.
1208 2483 1271 2517 viry.
1293 2483 1360 2510 1848
1383 2482 1463 2516 virgo
1487 2491 1537 2517 per
1561 2492 1671 2510 aevum.
1767 2484 1802 2511 68
1819 2492 1840 2511 e.
1856 2492 1881 2518 9.
1900 2484 1968 2510 Aen.

319 2535 365 2568 VI,
385 2535 436 2561 638
455 2537 483 2562 et
501 2544 618 2562 amoena
636 2535 748 2562 virecta.
837 2537 870 2562 72
887 2544 923 2569 sq.
941 2536 988 2568 cfr.
1002 2536 1109 2562 Arator.
1124 2536 1147 2568 I,
1159 2535 1211 2561 493
1220 2543 1265 2568 sq..
1350 2534 1382 2560 77
1401 2534 1510 2561 Arator.
1524 2535 1547 2567 Ι,
1566 2536 1617 2562 552
1636 2535 1700 2561 Iura
1717 2535 1867 2562 ministerii
1884 2535 1969 2562 sacris

313 2586 457 2613 altaribus.
555 2587 588 2613 78
610 2588 706 2614 sancto
730 2587 881 2622 spiramine
906 2587 1012 2614 Iurene.
1029 2587 1052 2620 I,
1072 2587 1124 2614 250
1141 2589 1165 2613 et
1182 2587 1241 2613 376.
1337 2585 1372 2612 80
1395 2585 1484 2613 Sedul.
1503 2586 1560 2620 ΠΙ,
1579 2587 1631 2613 276
1647 2594 1684 2620 sq.
1708 2586 1808 2613 ardens
1823 2587 1828 2620 Ι
1843 2587 1970 2621 lychnus.

313 2639 347 2665 82
365 2639 433 2664 Aen.
453 2638 502 2671 IV,
521 2639 573 2666 295
590 2647 623 2665 ac
640 2638 715 2665 iussa
738 2640 886 2666 facessunt.
982 2639 1017 2665 85
1033 2647 1070 2672 sq.
1089 2638 1215 2665 Aldloelm.
1234 2637 1308 2664 laud.
1326 2638 1389 2671 vim.
1409 2638 1460 2664 642
1484 2637 1614 2671 squalida
1634 2647 1712 2670 rura,
1734 2638 1782 2671 din
1795 2637 1858 2668 7573
1881 2637 1969 2664 δἀἰιιῑ.

314 2690 337 2722 1,
357 2690 389 2716 57
402 2698 438 2723 sq.
457 2697 535 2724 seges
554 2690 642 2724 spinis
659 2690 811 2717 mundatur
829 2691 976 2726 ademptis,
997 2692 1000 2725 Ι
1017 2692 1049 2718 ut
1067 2691 1164 2718 messis
1182 2692 1269 2725 queat
1291 2699 1350 2718 esse
1372 2690 1426 2718 dei.
1513 2692 1546 2717 87
1568 2691 1614 2718 Ge.
1626 2691 1666 2725 IL
1685 2691 1736 2718 196
1758 2692 1871 2718 urentes
1893 2691 1970 2718 culta

314 2742 444 2776 capellas,
465 2742 511 2774 cfr.
530 2742 575 2769 Ge.
593 2743 616 2775 I,
635 2743 681 2775 773
704 2744 790 2770 Sahal.
810 2745 832 2778 1,
850 2745 908 2771 277.
996 2745 1030 2772 95
1049 2745 1154 2772 Iuvenc.
1171 2745 1195 2778 L
1214 2744 1265 2771 347
1288 2744 1387 2772 abluta
1409 2743 1489 2772 sorde
1513 2742 1625 2771 niteret.
1713 2743 1748 2769 96
1765 2743 1832 2769 Aen.
1846 2742 1899 2776 IV,
1919 2743 1970 2770 173

314 2794 338 2820 it
356 2793 430 2820 fama
448 2802 498 2828 per
516 2794 605 2821 urbes.
