2138 3106
842 123 992 152 MICONIS
1011 125 1187 154 CARMINA.
1775 133 1836 163 365

554 207 691 240 Munere
714 219 772 250 pro
794 220 894 251 parvo
917 221 1033 252 parvos
1055 211 1115 244 tibi
1139 213 1242 254 dirigo
1265 214 1372 253 sticos‚

489 273 514 292 ιο
595 259 696 300 Quos,
720 260 865 293 didascle
889 273 991 301 meus,
1017 264 1157 306 corrige;
1182 264 1300 296 deinde
1323 266 1407 298 vale.

951 505 1082 539 CLXV.

885 568 951 604 AD
978 569 1142 608 ALIVM.

551 642 665 674 Dulcis
687 643 802 683 amice,
827 644 911 683 vale,
936 645 1031 687 cupio
1055 656 1152 688 quem
1175 656 1309 679 cernere
1332 647 1427 680 valde

551 693 729 735 Inlaesum,
753 694 890 727 hilarem
914 697 1037 738 pariter
1059 697 1263 740 multumque
1286 699 1467 736 valentem;

550 746 683 779 Interea
706 746 828 779 domini
851 750 884 780 te
908 747 1047 781 dextera
1069 752 1220 792 protegat
1243 754 1342 793 atque

551 798 680 830 Salvet:
704 799 766 831 hoc
788 799 875 831 votis
899 800 1128 843 precibusque,
1152 802 1214 833 hoc
1239 803 1381 835 carmine
1404 813 1513 845 posco.

499 862 510 881 ⁵
547 849 731 883 Attonitum
756 854 789 884 te
811 851 912 884 reddo
934 853 1026 893 meis,
1051 857 1140 896 puto,
1163 854 1323 894 versibus,
1347 855 1443 895 alme,

547 901 634 934 Dum
658 903 728 944 sine
751 914 803 935 mc
826 903 964 945 pedibus
988 904 1168 937 inhiantem
1192 906 1305 938 ludere
1330 910 1472 950 spectas.

549 953 614 985 Sed
637 954 722 996 potis
746 958 797 986 est
820 954 952 987 domino
976 957 1095 989 nostris
1121 957 1198 990 dare
1221 959 1391 1000 gressibus
1415 959 1533 1001 aegris,

547 1004 687 1038 Currere
711 1017 774 1048 quo
798 1007 929 1039 valeant
951 1019 1092 1051 propere
1116 1020 1176 1052 per
1198 1013 1292 1052 prata
1315 1010 1501 1052 sophorum,

548 1056 612 1093 Qui
632 1057 723 1090 dedit
745 1069 780 1090 os
803 1059 927 1099 asinae,
952 1064 988 1091 ut
1011 1064 1181 1092 resonaret
1203 1061 1305 1093 verba
1327 1062 1444 1094 furoris

482 1121 507 1140 ιο
546 1108 716 1141 Sessorem
739 1113 862 1150 contra,
885 1111 994 1143 nimiis
1017 1112 1081 1144 iam
1106 1112 1252 1144 calcibus
1275 1114 1370 1146 ictae.

546 1161 680 1194 Arbiter
702 1161 762 1194 hoc
786 1162 886 1195 faciat
910 1167 1032 1203 noster,
1058 1168 1093 1196 tu
1117 1165 1250 1197 sedulus
1273 1176 1340 1205 ora,

547 1212 696 1246 Cemuus
719 1224 758 1246 ac
781 1215 921 1258 supplex
943 1216 1042 1248 iubeo
1066 1227 1247 1259 moneoque
1272 1228 1429 1260 rogoque.

936 1460 1021 1493 CLX
1026 1461 1083 1493 VI.

811 1522 839 1572 φ
862 1523 926 1560 AD
956 1523 1199 1568 QVENDAM.

546 1595 612 1629 Hic
637 1597 767 1640 quidam
792 1598 893 1630 levita
917 1599 1018 1631 cubat
1041 1599 1102 1631 sub
1125 1601 1270 1643 tegmine
1293 1602 1384 1643 ponti

590 1647 708 1682 Custos
732 1650 874 1683 eclesiae
898 1651 982 1683 fidus
1005 1651 1127 1694 ubique
1150 1652 1246 1690 bene,

546 1700 629 1733 Sunt
652 1701 704 1734 cui
728 1702 921 1735 commissae
946 1706 1056 1736 vestes
1080 1714 1118 1735 ac
1142 1714 1222 1736 vasa
1246 1708 1372 1736 sacrata

1452 1572 1495 1589 UD.
1523 1586 1525 1588 .

588 1777 1243 1788 .............

3 1847 5 1851 .
495 1825 506 1843 ⁵
545 1812 572 1845 Ο
596 1817 700 1856 pater,
724 1824 742 1846 o
766 1817 888 1855 custos,
910 1815 1029 1847 multos
1053 1815 1104 1848 hic
1128 1815 1247 1848 vadere
1271 1817 1346 1855 noli,

0 1883 4 1900 ,
588 1864 639 1898 Ne
662 1865 795 1898 valeant
819 1870 966 1898 sanctam
991 1867 1228 1899 commaculare
1251 1868 1361 1899 larem.

0 1913 6 1923 ³
544 1915 722 1959 Frangitur
744 1917 798 1950 hic
821 1929 939 1961 corpus
963 1918 1085 1951 domini
1107 1920 1301 1962 saepissime
1324 1922 1486 1951 sanctum:

588 1968 796 2012 Quapropter
818 1971 971 2003 mundam
997 1970 1156 2003 condecet
1180 1971 1281 2013 es(se)
1305 1971 1448 2004 domum.

545 2089 606 2121 His
629 2100 756 2132 quoque
779 2101 837 2132 pro
861 2101 999 2134 cuppam
1023 2091 1157 2124 studeas
1181 2091 1259 2124 dare
1283 2093 1431 2124 versibus
1454 2103 1551 2125 unam

481 2154 506 2172 ιο
585 2140 655 2173 Nec
679 2152 745 2174 non
769 2143 896 2185 copello
917 2143 1060 2186 desuper
1080 2144 1243 2186 imposito.

546 2192 581 2224 Si
605 2192 736 2226 dederis
759 2197 869 2226 tamen
892 2194 987 2235 hanc,
1011 2198 1126 2227 contra
1149 2198 1276 2227 certare
1299 2195 1438 2238 parabo:

589 2245 647 2278 Sin
671 2256 748 2279 vero
770 2246 914 2286 minime,
939 2250 1004 2279 stat
1026 2247 1104 2279 mihi
1128 2257 1206 2279 cura
1228 2247 1319 2279 levis.

282 2389 667 2423 30didascle]acoecorr.B

282 2431 401 2466 [CLXV]
419 2433 529 2458 ALIVM
547 2439 598 2460 ποι.
622 2435 708 2461 Ίῖτοπ.
729 2436 767 2467 (ut
785 2445 865 2469 vapra
882 2446 907 2469 p.
920 2436 983 2469 3630)
1001 2437 1026 2462 B
1130 2437 1145 2462 7
1164 2438 1282 2470 gessibus
1299 2446 1366 2462 corr.
1387 2437 1412 2462 B
1517 2435 1546 2461 ll
1566 2437 1629 2462 hora
1646 2445 1712 2462 corr.
1732 2437 1757 2462 B

282 2475 414 2509 [CLXVL]
433 2476 448 2502 1
465 2476 595 2511 *tegmina
611 2478 639 2510 (a
656 2487 687 2504 ex
704 2479 728 2511 e)
747 2479 773 2504 B
910 2479 927 2504 4
944 2481 1020 2505 nulla
1038 2481 1134 2505 lacuna
1151 2480 1179 2505 in
1197 2480 1222 2504 B
1359 2480 1376 2505 5
1394 2479 1512 2505 *credere
1530 2479 1556 2504 Β
1645 2479 1703 2505 nolo
1721 2487 1788 2505 corr.
1806 2479 1832 2504 B

178 2517 196 2544 8
212 2527 240 2545 ss
258 2519 284 2544 B
300 2528 368 2546 απτ.
386 2519 484 2546 ΒείΙιπι.

283 2603 409 2639 [CLXV]
428 2605 445 2631 6
463 2605 510 2638 cfr.
529 2614 551 2632 c.
571 2606 618 2633 GL
626 2606 704 2639 VIII,
720 2608 760 2634 16.
865 2608 881 2633 9
899 2608 944 2640 cfr.
966 2607 1095 2640 XXVII,
1113 2609 1150 2634 18.

283 2655 424 2691 [CLXVI]
444 2656 558 2684 Coo-men
575 2658 684 2684 iocandi
701 2666 785 2684 causa
803 2659 929 2692 epitaffliii
947 2659 1026 2692 specie
1044 2658 1169 2685 indutum
1185 2658 1222 2684 ad
1240 2658 1378 2684 ostiarium
1396 2658 1474 2684 aiam
1491 2658 1601 2684 restium
1618 2661 1643 2684 et
1660 2666 1782 2685 vawmm
1799 2661 1831 2685 ut

177 2714 234 2733 nm
249 2706 345 2740 serebat
363 2715 457 2734 curam
474 2712 590 2743 aymam
607 2718 625 2735 α
643 2710 751 2736 Miwne
772 2711 880 2736 mimam
898 2714 943 2736 eat.
1084 2711 1096 2736 1
1116 2710 1224 2736 Pontiri
1248 2718 1342 2736 nomen
1364 2710 1505 2736 mebmtiri
1527 2709 1616 2736 voluit.
1749 2711 1765 2737 9
1781 2711 1831 2743 cfr.

177 2765 198 2785 c.
218 2757 299 2792 XVI,
313 2759 354 2786 75.
459 2760 492 2787 12
509 2761 558 2793 cfr.
576 2768 599 2787 c.
618 2760 751 2795 XXVII,
765 2763 790 2788 8.
