2060 3074
429 446 468 465 670

429 705 468 724 6'15

429 1225 469 1245 esf»

430 2004 469 2023 700

429 2263 467 2283 ¹10⁵

739 141 787 168 DE
806 141 1035 168 SOBRIETATE
1054 142 1162 168 LIBER
1176 142 1211 169 11.

511 225 685 268 Eloquium
709 230 742 258 et
765 237 824 269 per
846 230 912 259 tres
934 228 1072 270 populos
1097 228 1285 260 disseminat
1308 228 1394 260 orbis

515 278 740 322 Convivasque
764 290 884 312 vocans
904 280 946 312 ad
969 281 1076 313 celsae
1099 281 1223 314 fercula
1243 292 1376 314 mensae

511 330 693 372 Largifiuas
717 331 831 374 epulas
855 335 888 363 et
911 331 1021 364 dulces
1043 336 1219 376 praeparat
1242 344 1342 365 escas.

512 382 576 414 Hic
598 383 716 414 vitulus
739 382 884 414 Christus
908 384 1035 426 pinguis
1057 385 1202 421 bonitate
1226 386 1358 428 saginae

512 433 671 466 Cornibus
694 434 824 466 obnisus
847 445 945 467 saevo
969 435 1099 467 feritate
1123 436 1254 468 draconi

512 484 695 517 Substravit
716 485 855 528 pedibus
879 489 1072 529 captumque
1096 488 1128 519 in
1150 489 1256 520 vincla
1278 489 1402 531 ligavit.

513 537 632 569 Servus
655 538 767 570 Abrae
791 542 841 570 est
863 539 1012 581 populus,
1036 540 1090 582 qui
1113 540 1330 582 degeneratus
1353 541 1394 573 ab
1417 541 1488 583 ipso

511 589 694 632 Acceptum
718 589 880 622 Christum
903 590 1012 633 gladio
1035 591 1177 634 perfodit
1200 595 1294 624 acuto

513 640 615 684 Inque
640 642 741 674 crucis
764 643 862 674 ramis
885 642 986 674 densa
1008 644 1098 674 velut
1120 643 1192 675 ilice
1216 644 1312 675 coxit.

511 693 672 736 Prodigus
696 694 754 725 has
778 695 878 737 patris
900 695 1024 737 pietate
1048 698 1198 738 receptus
1221 695 1263 727 ad
1287 707 1377 728 escas

511 745 654 786 Gaudet,
679 749 711 777 et
735 746 830 777 elatis
853 757 970 778 suaves
993 747 1202 778 concentibus
1226 747 1304 779 odas

512 796 727 830 Oonsooiante
751 798 850 830 choro
875 798 975 830 dulcis
998 799 1179 842 simphonia
1203 800 1326 831 crescit.

509 848 660 892 Huicque
682 860 743 882 nec
766 851 990 893 improperans
1016 850 1119 882 olidos
1142 852 1269 894 pavisse
1293 852 1403 883 suillos

510 900 626 943 Diligit
648 905 746 944 atque
770 902 860 933 fovet
882 903 1063 945 strictisque
1087 903 1291 945 amplexibus
1314 903 1426 935 ambit.

510 952 628 985 Frater
651 957 722 985 erat
745 954 853 985 senior
874 957 1023 996 perstans
1049 958 1201 996 operator
1222 955 1255 986 in
1278 966 1368 997 agro,

510 1005 608 1047 Isque
633 1005 764 1038 domum
788 1005 918 1037 rediens
941 1006 995 1037 ubi
1020 1006 1120 1048 patris
1143 1005 1262 1048 gaudia
1285 1007 1393 1047 sensit,

511 1056 646 1088 Restitit
668 1057 838 1099 indignans
860 1067 1050 1099 germanum
1074 1058 1106 1088 in
1129 1061 1216 1089 tecta
1238 1061 1404 1100 receptum

510 1109 701 1152 Invidiaque
725 1110 816 1153 gravi
839 1110 1020 1142 stimulatus
1043 1114 1151 1142 mente
1176 1111 1302 1143 furente

513 1161 585 1194 Stat
607 1162 684 1194 foris
708 1165 742 1194 et
763 1162 881 1194 multas
905 1162 988 1194 irato
1012 1173 1053 1194 ex
1078 1162 1175 1194 corde
1199 1163 1348 1205 querelas

512 1213 637 1256 Ingerit
659 1225 697 1246 ac
719 1218 847 1257 patrem
870 1225 935 1246 non
957 1215 1024 1246 volt
1047 1214 1158 1246 audire
1181 1219 1361 1257 rogantem,

511 1265 644 1308 Augeat
666 1266 815 1308 ingressu
837 1267 967 1309 proprio
992 1277 1054 1309 quo
1079 1267 1198 1309 gaudia
1220 1268 1314 1308 votis,

512 1317 691 1350 Mactatum
715 1318 849 1350 vitulum
873 1319 1018 1361 queritur
1040 1329 1098 1361 pro
1122 1319 1221 1351 fratre
1246 1320 1400 1352 tenellum

510 1368 582 1401 Neo
604 1369 666 1401 sibi
689 1381 760 1402 cum
784 1370 878 1402 sociis
902 1370 1056 1402 donatum
1078 1371 1201 1412 gratius
1223 1371 1375 1403 haedum.

511 1420 598 1454 Huic
622 1421 723 1454 dulcis
747 1422 875 1464 genitor
898 1422 1070 1463 blanditur,
1094 1426 1129 1454 ut
1151 1423 1361 1465 ingrediatur,

513 1473 563 1505 Sit
585 1474 690 1506 socius
713 1484 855 1515 mensae,
879 1475 1030 1516 iungatur
1053 1478 1086 1506 et
1108 1475 1178 1518 ipse
1202 1479 1342 1518 reperto.

512 1524 668 1568 Perspice
693 1525 865 1568 digestum,
888 1526 992 1558 lector
1013 1537 1116 1567 meus,
1140 1527 1285 1568 obsecro,
1310 1530 1437 1559 textum

511 1577 718 1621 Moralesque
741 1577 855 1610 modos
878 1578 1002 1610 intento
1026 1578 1123 1610 corde
1147 1582 1302 1616 retracta;

509 1628 594 1662 Nam
618 1640 731 1662 sensus
754 1631 879 1673 typicos
902 1641 967 1662 non
991 1634 1041 1662 est
1064 1634 1203 1663 tractare
1226 1642 1370 1672 necesse,

511 1680 600 1717 Quos
623 1682 740 1724 sparsit
762 1682 882 1724 passim
906 1685 1033 1724 patrum
1057 1682 1202 1715 doctrina
1224 1683 1376 1725 priorum.

511 1732 661 1776 Percipe,
685 1733 844 1766 sobrietas
868 1734 989 1766 referat
1011 1745 1095 1777 quae
1119 1734 1237 1766 damna
1259 1735 1384 1775 relicta,

512 1783 617 1817 Omne
641 1785 742 1828 patris
765 1784 885 1817 donum
909 1795 973 1828 qua
996 1785 1149 1828 prodigus
1172 1786 1233 1818 iste
1257 1787 1390 1818 voravit.

511 1834 628 1877 Cerne,
651 1835 694 1868 ad
717 1846 801 1879 quae
825 1836 978 1868 miserum
1002 1837 1103 1879 turpis
1126 1836 1280 1879 perduxit
1303 1841 1444 1880 egestas,

512 1887 668 1920 Pascsret
690 1891 726 1920 ut
748 1898 864 1931 porcos
888 1888 991 1920 macie
1016 1891 1166 1920 tenuatus
1189 1889 1294 1930 inerti,

512 1939 576 1971 Pro
599 1940 732 1972 summis
756 1940 860 1982 epulis
884 1942 1019 1982 cuperet
1042 1939 1228 1972 distendere
1251 1943 1398 1973 ventrem

512 1991 697 2023 Attendens
720 1991 820 2023 oculis
844 1991 986 2033 siliquas,
1010 1991 1126 2033 quibus
1147 1991 1218 2034 ipse
1242 1996 1376 2024 careret.

511 2043 697 2076 Ambitiosa
719 2043 797 2086 gula
820 2046 854 2075 et
877 2043 1024 2075 convivia
1046 2043 1228 2086 sumptibus
1250 2047 1354 2085 aucta,

510 2094 623 2127 Luxus
647 2098 680 2127 et
703 2094 877 2127 ardescens
901 2095 1030 2137 gravius
1053 2094 1194 2137 repetita
1216 2094 1316 2127 libido

511 2146 668 2190 Turpavit
689 2147 854 2179 iuvenem:
879 2147 924 2178 sic
947 2147 1173 2189 gastrimargia
1195 2146 1316 2189 adegit,

511 2198 565 2231 sic
587 2199 674 2231 iacet
695 2199 820 2239 infelix,
844 2198 974 2230 domina
996 2198 1057 2230 hac
1081 2199 1274 2241 quicumque
1297 2199 1436 2241 iugatur.

510 2250 655 2294 Exactor
678 2250 858 2282 Pharaonis
881 2251 966 2282 enim
989 2261 1048 2282 sua
1070 2261 1172 2292 pensa
1195 2245 1329 2293 requirit

509 2302 650 2345 Hocque
673 2302 742 2334 luto
765 2302 915 2334 insistens
939 2312 1069 2334 casuras
1093 2302 1213 2334 extruit
1234 2302 1341 2334 urbes.

511 2354 616 2387 Solvit
638 2354 679 2386 ab
701 2354 753 2386 his
775 2352 916 2397 Moyses,
941 2364 1012 2386 cum
1035 2354 1091 2386 lex
1114 2353 1222 2386 divina
1244 2353 1368 2386 reducit

511 2406 633 2449 Captos
655 2406 808 2448 ingluvie,
833 2405 958 2438 discant
980 2409 1016 2438 ut
1038 2406 1147 2438 vivere
1170 2415 1278 2448 parce,

246 2552 298 2579 676
315 2554 406 2580 suauis
422 2561 444 2579 e.
463 2553 514 2579 oda
526 2553 550 2579 L
636 2552 688 2578 685
706 2553 764 2579 uult
777 2553 800 2578 L
887 2551 938 2578 688
956 2553 1049 2578 sedum
1064 2551 1114 2577 AL

1736 145 1800 175 665

247 2629 385 2658 704-705
402 2629 493 2657 Eoeod.
513 2630 537 2662 1,
552 2630 583 2657 11
608 2629 772 2664 praeposuit
794 2629 834 2656 eis
862 2629 1013 2669 magistros
1036 2637 1165 2663 operum,
1194 2631 1225 2656 ut
1246 2629 1404 2663 affligerent
1431 2638 1477 2656 eos
1500 2630 1643 2662 oneribus,
1669 2630 1798 2657 aedifica-

144 2682 300 2715 veruntque
312 2679 393 2708 urbes
405 2680 557 2713 Pharaoni3
576 2681 600 2713 ὃ,
615 2682 648 2708 14
666 2681 857 2716 flagellatique
870 2683 944 2713 suut,
963 2681 1011 2716 qui
1026 2683 1173 2716 praeerant
1185 2681 1315 2716 operibus
1326 2681 1446 2708 filiorum
1460 2682 1553 2716 Israel,
1572 2682 1608 2709 ab
1621 2681 1796 2709 exactoribus

144 2730 335 2759 Pharaonibus
353 2731 511 2759 dicentibus
530 2735 625 2767 ‘quare
644 2740 700 2760 non
719 2732 844 2767 impletis
856 2741 1013 2759 mensuram
1033 2733 1151 2759 laterum
1171 2733 1244 2759 sicut
1262 2733 1339 2767 prius
1353 2741 1404 2760 nec
1422 2733 1482 2760 heri
1496 2742 1547 2761 nec
1565 2733 1677 2761 hodie?
1703 2733 1797 2760 semor.

145 2781 251 2816 Qum.
268 2783 299 2810 in
317 2785 366 2810 vet.
384 2785 528 2811 mutent.
547 2783 635 2811 moa.
654 2784 670 2810 3
688 2783 742 2817 (M.
763 2784 804 2816 76,
817 2784 888 2818 288).
