2040 2996
467 123 676 152 PASSIONUM
695 124 747 151 BB.
764 124 908 152 IULIANI
925 124 974 152 ΕΤ
994 125 1179 153 SOCIORUM
1197 127 1278 154 EIUS
1297 127 1404 154 LIBER
1422 128 1456 156 11.
1742 131 1783 162 99

139 217 164 240 c.
178 218 251 241 xxn.
547 211 640 244 Haec
663 210 788 252 dicens,
811 211 922 244 horret
946 212 1048 254 geniti
1071 212 1146 244 dum
1172 223 1306 246 cernere
1330 218 1467 247 mortem

501 263 623 303 Mente,
647 264 698 296 sui
721 263 854 302 socium,
878 267 953 295 voto
976 265 1139 306 parilique
1163 275 1345 308 coaequum

407 323 445 342 2⁷⁵
499 314 585 348 Sede
609 315 725 347 sedere
749 325 809 346 sua
830 315 917 355 fecit,
943 316 998 357 qui
1021 315 1204 348 includeret
1227 317 1299 348 illos

502 367 665 399 Caesareo
687 367 778 398 iussu
800 366 987 398 fornacibus
1011 370 1109 409 atque
1134 367 1268 399 subacto

502 418 575 460 Igni
598 429 675 450 mox
698 418 850 458 flammis,
872 422 946 461 post
967 422 1066 450 vento
1089 419 1234 451 traderet
1257 421 1352 453 omni.

501 470 578 513 Ipso
602 474 712 502 autem
735 470 848 502 scissis
872 480 945 502 cum
968 470 1046 502 fletu
1069 471 1218 502 vestibus
1241 482 1305 503 una

503 522 585 554 Cum
611 522 758 554 Mariona
780 532 886 554 uxore
909 522 1040 554 domum
1063 523 1227 565 propriam
1250 523 1420 562 redeunte,

387 582 445 613 „280
503 574 680 616 Consurgit
702 575 855 616 planctus
878 574 1125 605 lacrimantibus
1149 574 1292 616 undique
1316 575 1455 607 cunctis:

500 626 585 658 Nam
600 628 695 668 pater
711 629 744 658 et
759 626 922 668 genetrix,
938 626 1051 657 famuli
1067 636 1194 668 quoque
1209 637 1274 658 non
1291 627 1396 658 minus
1413 638 1524 659 omnes

501 677 660 710 Emulctis
683 677 826 710 lacrimis
849 680 1001 720 torquent
1023 678 1206 720 penetralia
1228 679 1342 710 frontis

500 730 564 762 Pro
587 730 657 761 nati
679 729 803 772 poenis,
826 729 949 761 domini
973 740 1031 772 pro
1054 734 1157 761 morte
1180 730 1377 772 propinqua;

500 782 619 814 Nullus
643 785 713 813 erat
735 781 872 824 gemitui
895 785 1008 824 posset
1030 782 1084 823 qui
1107 792 1230 824 ponere
1253 783 1362 821 finem,

405 841 443 860 2⁸⁵
501 833 618 866 Nullus
641 836 721 872 erat,
743 833 858 865 mestis
880 837 994 875 posset
1016 833 1071 875 qui
1093 833 1179 865 ferre
1203 834 1364 866 levamen.

139 890 164 912 c.
178 890 264 912 xxm.
310 915 314 917 ,
544 885 630 922 Quid
651 885 774 920 multa?
797 885 950 916 adsessor
972 885 1115 927 complet
1137 885 1199 916 sibi
1222 885 1311 917 iussa
1332 886 1480 917 tirannus

499 936 691 979 Ineludique
713 936 807 968 iubet
828 939 958 968 sanctos
981 936 1169 968 fornacibus
1192 937 1268 970 illis.

498 989 544 1021 At
567 999 644 1021 vero
667 991 811 1028 sanctus,
834 988 888 1031 qui
912 998 1099 1031 numquam,
1124 988 1264 1028 Celsius,
1288 990 1366 1020 almi

498 1041 652 1083 Disiungi
674 1040 781 1083 potuit
804 1050 880 1072 caro
903 1040 1006 1072 latere
1030 1040 1160 1080 Iuliani,

401 1100 440 1119 ²⁹⁰
499 1092 592 1124 Dans
615 1102 732 1135 pacem
754 1092 839 1134 patri
862 1095 1017 1134 properat
1041 1102 1176 1124 securus
1199 1092 1241 1124 ad
1263 1093 1356 1134 ignes

499 1144 768 1187 Suppliciumque
790 1143 852 1176 sibi
874 1144 978 1176 multo
1002 1144 1121 1176 sudore
1145 1148 1304 1187 paratum.

498 1195 569 1228 Nec
591 1205 694 1232 mora,
717 1206 791 1227 cum
813 1196 1003 1238 singillatim
1027 1196 1162 1238 plumbo
1186 1197 1411 1238 inmerguntur

498 1247 662 1291 Sulphure
685 1247 873 1287 commixto,
897 1248 968 1290 pice
992 1248 1060 1280 sive
1083 1248 1242 1280 bitumine
1266 1249 1384 1280 sancti:

499 1299 666 1342 Congesta
687 1310 810 1342 aggere
834 1300 988 1332 silvarum
1012 1300 1178 1332 molimina
1200 1300 1333 1332 mandat

403 1359 442 1379 ²⁹⁵
500 1351 671 1384 Oarnificis
694 1351 804 1384 rabies
828 1351 957 1394 stuppis
981 1352 1150 1395 spinisque
1174 1352 1319 1384 subactis

498 1403 598 1436 Ocius
621 1403 768 1436 accendi.
813 1403 900 1436 Socii
923 1403 1009 1446 quod
1033 1404 1182 1446 protinus
1205 1404 1356 1446 implent:

497 1455 540 1488 Et
563 1455 672 1498 fragor
694 1455 836 1487 intonuit
859 1455 1023 1498 tellusque
1047 1459 1190 1488 tremore
1213 1456 1352 1487 resultat

495 1507 705 1551 Mutaturqne
729 1508 796 1551 poli
818 1508 932 1549 facies,
956 1519 1030 1541 cum
1053 1509 1204 1541 flammea
1227 1509 1332 1541 nubes

496 1559 591 1591 Aeris
615 1563 764 1592 extrema
786 1560 1020 1593 transcendere
1044 1561 1158 1606 nititur
1181 1564 1215 1593 et
1237 1572 1331 1593 mons
1383 1561 1386 1563 ’

402 1618 441 1638 ³⁰⁰
498 1610 620 1653 Igneus
643 1611 700 1643 ille
723 1621 837 1652 vorax,
861 1612 949 1645 fumo
973 1612 1170 1655 densusque,
1194 1613 1346 1645 favillans

494 1662 694 1695 Antiochiae
716 1663 798 1696 fines
822 1674 951 1696 summa
973 1664 1146 1696 formidine
1170 1665 1281 1696 turbat

495 1713 540 1746 Et
562 1717 667 1746 totum
690 1725 827 1758 regnum
851 1716 950 1748 nimio
973 1719 1099 1748 terrore
1122 1716 1238 1758 fatigat

495 1765 724 1809 Eructansque
746 1767 832 1810 ignis
855 1771 907 1800 ter
928 1767 1013 1800 deno
1037 1769 1089 1800 vel
1114 1778 1213 1811 super
1235 1778 1300 1800 uno

495 1817 630 1851 Vei-tice
653 1818 856 1851 flammarum
880 1820 1025 1852 subitum
1049 1820 1260 1852 cernentibus
1284 1820 1379 1852 affert

395 1878 432 1897 ³⁰⁵
496 1869 661 1903 Pallorem
684 1871 863 1914 mortisque
887 1874 1024 1904 metum:
1050 1882 1189 1915 seseque
1213 1875 1391 1904 retrorsum

232 1958 274 1985 45.
295 1960 371 1985 Tunc
391 1967 493 1992 praeses
517 1967 568 1984 non
592 1958 703 1984 tolerans
720 1958 807 1984 videre
824 1959 972 1985 incendium
996 1959 1042 1985 fflii
1065 1967 1217 1985 assessorem
1236 1968 1312 1985 suum
1330 1959 1451 1992 reliquid,
1475 1961 1519 1994 qui
1543 1962 1612 1987 iussa
1636 1962 1780 1995 principum

129 2001 275 2035 compleret.
315 2003 373 2036 Ipse
395 2006 481 2028 sutem
503 2002 589 2028 scissis
610 2002 726 2028 vestibus
746 2005 772 2028 et
794 2002 898 2028 ululans
920 2011 980 2028 cum
1003 2011 1083 2028 uxore
1104 2003 1171 2028 domi
1199 2002 1312 2033 (domum
1335 2002 1386 2027 ΕΒ
1409 2012 1439 2028 ea:
1461 2004 1539 2036 corr.)
1563 2005 1711 2030 revertitur:
1737 2013 1780 2030 ex-

130 2045 201 2078 urgit
222 2045 307 2071 luctus
333 2045 452 2071 immanis
474 2045 657 2078 plangentibus
681 2045 782 2070 cunctis
808 2043 847 2077 (in
870 2046 976 2071 confuso
995 2044 1047 2078 B):
1078 2046 1204 2078 lugebant
1230 2050 1348 2079 parentes
1371 2046 1465 2078 filium,
1489 2055 1621 2072 servor-iun
1643 2047 1780 2072 multitudo

130 2087 274 2120 dominatu
292 2096 339 2114 nec
357 2093 419 2120 erat,
437 2089 482 2121 qui
499 2089 681 2114 consolaretur.
1687 2109 1691 2113 .

232 2131 300 2163 Quid
318 2131 418 2157 multa?
434 2139 548 2157 auser
565 2139 660 2156 munus
677 2131 727 2156 sibi
744 2131 888 2157 iniunctum
905 2131 1038 2165 sdimplet:
1056 2131 1129 2157 iubet
1146 2135 1247 2156 sanctos
1265 2131 1381 2164 singulos
1401 2131 1427 2156 in
1447 2131 1562 2164 singulas
1582 2132 1675 2164 deponi
1692 2139 1779 2165 cupas.

129 2173 239 2200 fisum·
254 2182 316 2200 vero
332 2174 441 2206 (klsius,
459 2175 504 2207 qui
521 2182 662 2207 numquam
679 2182 695 2199 a
712 2174 791 2200 latere
808 2175 834 2199 S.
852 2175 945 2200 Iuliani
963 2175 1114 2200 discesserat
1133 2173 1227 2206 (fuerat
1245 2174 1388 2198 disiunctus
1407 2173 1458 2206 E),
1477 2174 1541 2199 dans
1559 2183 1648 2207 pacem
1666 2175 1730 2208 patri
1747 2175 1780 2199 ad

129 2220 308 2250 praeparatum
326 2217 481 2250 supplicium
498 2217 651 2251 properabat
668 2217 819 2251 intrepidus.
854 2218 887 2243 Et
904 2226 964 2243 cnm
982 2218 1079 2250 singuli
1096 2226 1112 2243 a
1131 2217 1254 2242 ministris
1276 2217 1526 2249 apprehenderentur
1549 2221 1575 2242 et
1593 2217 1780 2250 deponerentur

129 2259 156 2284 in
178 2267 270 2292 cupas,
292 2261 360 2286 sicut
381 2261 499 2294 superius
521 2260 644 2292 diximus,
669 2259 726 2293 pice
749 2265 775 2286 et
797 2261 922 2294 pimmine
940 2264 966 2286 et
983 2260 1108 2293 sulphure
1126 2260 1273 2293 implentur.
1309 2260 1457 2292 Aggregata
1474 2268 1535 2285 vero
1557 2260 1631 2293 copia
1649 2260 1778 2292 lignorum

131 2305 157 2327 ot
174 2306 360 2328 sarmentorum
378 2307 404 2329 et
421 2298 529 2337 stuppae
547 2304 620 2329 iubet
636 2311 751 2329 assessm
768 2304 854 2337 ignem
872 2303 990 2336 supponi.
1026 2303 1100 2334 Quod
1124 2307 1153 2328 ut
1172 2304 1267 2328 factum
1286 2306 1338 2334 est,
1362 2303 1512 2327 eructuabat
1535 2303 1638 2327 flamma
1656 2303 1780 2328 excelsior

130 2344 258 2371 obeolisco
281 2345 403 2377 (obelisco
421 2346 448 2371 Ε
463 2355 534 2380 supr.
553 2347 608 2378 lin„
630 2347 680 2379 cfr.
700 2346 828 2372 Aldloelm.
847 2346 887 2372 ed.
908 2346 958 2371 01⁶1.
975 2355 1002 2379 p.
1021 2345 1066 2378 48)
1093 2350 1118 2371 et
1139 2346 1234 2371 cubitis
1251 2345 1362 2378 amplius
1386 2353 1462 2377 quam
1489 2345 1594 2378 triginta
1618 2345 1779 2377 elevabatur-3

231 2481 284 2509 276
300 2484 407 2510 subacta
423 2493 491 2510 corr.
510 2484 536 2510 P
635 2484 688 2511 ae2
705 2485 810 2512 emultis
826 2494 894 2511 corr.
912 2484 938 2509 P
1038 2483 1090 2510 283
1108 2461 1256 2516 profflffiffils
1265 2483 1291 2508 Ρ
1392 2482 1442 2508 286
1460 2487 1586 2516 tyrannus
1604 2481 1634 2507 1²¹

233 2558 284 2586 279
305 2559 448 2587 Mai-ienae
471 2568 566 2588 nomen
588 2560 660 2594 qaod
682 2569 738 2588 mm
759 2560 851 2587 dubito
874 2561 942 2594 quin
964 2568 978 2587 e
995 2569 1044 2587 suo
1065 2559 1152 2586 codice
1174 2558 1314 2585 servaverit
1333 2558 1493 2592 Ambracius,
1523 2558 1555 2585 in
1575 2557 1637 2584 meis
1659 2559 1780 2584 actorum

130 2609 202 2636 h'bn's
222 2612 260 2637 at
276 2610 436 2638 Mat-ionilla
454 2612 504 2646 (B)
521 2612 693 2639 Marcionilla
710 2611 756 2646 (N
763 2612 794 2638 Ε
801 2615 837 2646 β),
861 2611 936 2645 apud
955 2612 1022 2638 Bou.
1042 2619 1071 2645 p.
1093 2611 1143 2638 587
1164 2610 1316 2643 Marciana,
1341 2609 1416 2644 apud
1435 2609 1579 2636 Flodoard.
1601 2609 1632 2635 de
1654 2608 1779 2642 tmmph.

130 2660 228 2689 ‹nu-inti
254 2661 376 2688 Antioch.
396 2665 459 2696 qest.
483 2662 508 2696 L
534 2663 567 2690 13
589 2662 627 2691 od.
651 2663 738 2698 Πιςη.
757 2672 785 2698 p.
804 2664 855 2691 664
874 2665 898 2690 A
921 2663 1102 2690 Martianilla.
1213 2662 1264 2688 286
1286 2662 1333 2694 cfr.
1351 2670 1373 2688 v.
1391 2662 1434 2689 28.
1539 2662 1588 2689 291
1612 2661 1659 2694 cs'r.
1677 2669 1700 2688 v.
1718 2662 1777 2688 212.

129 2711 181 2739 292
198 2712 257 2740 Nec
274 2721 352 2740 mora
369 2721 390 2740 e.
403 2721 428 2747 ⁹·
443 2713 491 2741 Ge.
506 2714 564 2748 HL
578 2714 630 2742 110
732 2715 784 2742 293
800 2714 850 2747 dr.
867 2722 890 2741 v.
903 2715 945 2740 22.
1048 2713 1100 2740 295
1116 2713 1162 2745 dr.
1182 2713 1205 2746 I,
1219 2713 1260 2739 24.
1364 2713 1415 2740 297
1434 2713 1481 2746 cfr.
1498 2714 1564 2740 Aen.
1583 2713 1613 2747 V,
1627 2713 1678 2740 150
1696 2712 1779 2739 colles

129 2763 249 2792 clamore
267 2764 413 2792 resultant.
518 2766 567 2793 ml
586 2766 632 2800 dr.
652 2774 673 2792 v.
694 2766 751 2794 149.

518 2829 523 2834 .
1522 2812 1575 2839 13*
