2040 2996
276 153 337 183 230
833 146 976 175 SEDULII
994 146 1122 175 SCOTTI
1141 146 1308 174 CARMINA
1326 145 1360 174 11.

642 235 828 267 Rinoceron
851 236 1000 267 mutilam
1024 235 1176 277 protrivit
1199 234 1348 266 acumine
1371 233 1527 265 frontem:

641 288 812 320 Adversus
836 288 950 320 doctos
973 288 1039 319 noli
1063 290 1200 323 certare,
1224 286 1386 329 sophista:

643 339 678 371 Si
701 351 850 382 pugnare
873 340 963 379 libet,
988 350 1045 371 cur
1068 339 1175 370 desint
1198 348 1319 370 cornua
1342 338 1462 369 fronti?

642 392 772 424 Aureus
797 390 840 423 ex‘
862 392 957 423 Luna
978 391 1138 434 processit
1161 393 1273 422 noster
1295 389 1426 431 Apollo,

560 451 584 468 ¹⁰
637 443 730 480 Quae
755 454 844 475 soror
868 446 919 475 est
942 443 999 474 olli
1022 442 1115 474 violis
1139 441 1344 484 praedulcior
1366 440 1514 482 Ibelac3

641 495 758 527 Nobile
781 495 957 537 puniceum
971 494 1131 537 *provenit
1155 494 1195 525 ab
1219 493 1336 524 arbore
1358 493 1492 531 malum,

640 546 732 578 Intra
756 546 841 589 quod
864 547 973 578 latitat
996 546 1096 578 robur
1119 545 1268 577 mirabile
1292 545 1389 577 vitae.

1048 680 1152 702 LXXXI.

420 736 480 767 DE
505 736 651 767 ROSAE
675 735 880 772 LILIIQUE
905 733 1170 767 OERTAMINE
1193 733 1309 765 IDEM
1333 733 1557 766 SEDULIUS
1583 734 1777 766 CEOINIT.

666 796 798 839 chlica
821 796 1009 839 quadrifidis
1034 796 1209 828 currebant
1231 798 1379 837 tempora
1401 795 1508 833 metis,
1688 796 1837 827 POETA

664 848 835 880 Vernabat
857 849 947 880 vario
971 847 1069 880 tellus
1094 847 1314 888 decorataque
1338 847 1447 889 peplo.

665 900 790 933 Lactea
813 911 887 933 cum
909 900 1014 932 roseis
1039 899 1210 931 certabant
1231 899 1300 931 lilia
1325 899 1432 937 sertis,

666 952 749 984 Cum
772 963 847 984 rosa
871 953 918 984 sic
943 963 1059 984 croceo
1085 962 1253 983 semones
1277 953 1483 993 prompserat
1505 960 1580 982 ore:

601 1011 612 1029 ⁵
665 1004 815 1047 Purpura
837 1004 893 1036 dat
918 1014 1066 1046 regnum,
1089 1004 1126 1035 fit
1149 1013 1293 1046 purpura
1316 1002 1418 1045 gloria
1440 1002 1548 1043 regni;
1686 1002 1806 1034 ROSA

664 1055 811 1098 Regibus
834 1057 963 1098 ingrato
986 1056 1148 1088 vilescunt
1172 1055 1248 1087 alba
1271 1055 1391 1087 colore.

664 1109 786 1140 Albida.
808 1109 994 1151 pallescunt
1015 1109 1137 1140 misero
1159 1107 1341 1139 marcentia
1363 1106 1472 1143 vultu;

665 1160 829 1193 Puniceus
854 1161 942 1192 color
965 1163 1017 1193 est
1040 1163 1108 1192 toto
1132 1159 1330 1192 venerabilis
1355 1158 1443 1190 orbe.

664 1212 719 1244 Me
742 1212 844 1245 decus
867 1213 1069 1245 auricomum
1091 1212 1218 1244 telluris
1242 1210 1382 1254 pulcher
1404 1210 1525 1253 Apollo
1688 1210 1850 1243 LILIUM

587 1272 611 1290 1⁰
662 1264 779 1306 Diligit
802 1275 840 1297 ac
860 1265 960 1297 niveo
984 1264 1103 1296 faciem
1125 1264 1259 1296 vestivit
1282 1263 1415 1295 honore.

666 1317 762 1358 Quid,
784 1327 871 1356 rosa,
894 1320 987 1349 tanta
1010 1316 1113 1348 refers
1136 1314 1326 1358 pudibundo
1349 1314 1469 1357 perlita
1491 1314 1578 1354 fuco,

666 1368 809 1401 Conscia
831 1369 964 1401 delicti?
995 1369 1105 1400 vultus
1129 1368 1189 1400 tibi
1212 1377 1321 1399 nonne
1345 1366 1511 1398 rubescit?

665 1420 744 1452 Sum
769 1431 861 1453 soror
883 1421 1040 1460 Aurorae,
1065 1419 1147 1452 divis
1173 1421 1313 1461 cognata
1337 1418 1504 1460 supernis;
1688 1418 1807 1450 ROSA

664 1472 708 1504 Et
730 1484 782 1505 me
805 1473 939 1506 Phebus
963 1475 1061 1513 amat,
1083 1472 1174 1504 rutili
1198 1482 1270 1503 sum
1293 1471 1413 1502 nuncia
1434 1470 1555 1507 Phebi;

586 1531 609 1550 1⁵
661 1523 796 1556 Lucifer
819 1528 895 1557 ante
919 1535 1029 1557 meum
1052 1523 1223 1555 hilarescit
1245 1532 1376 1554 currere
1400 1522 1540 1554 vultum:

664 1577 726 1608 Ast
748 1577 829 1609 mihi
852 1577 990 1619 virginei
1013 1576 1142 1608 decoris
1166 1575 1262 1607 rubet
1286 1574 1372 1606 alma
1394 1577 1562 1606 venustas.

665 1628 758 1660 Talia
781 1639 839 1660 cur
861 1628 995 1660 tumidis
1020 1630 1150 1660 eructas
1174 1627 1277 1658 verba
1300 1626 1448 1668 loquelis,
1690 1626 1850 1659 LILIUM

663 1679 756 1716 Quae
780 1680 839 1712 tibi
862 1680 940 1712 dant
962 1680 1096 1712 meritas
1121 1682 1256 1711 aeterno
1279 1678 1415 1710 vulnere
1440 1681 1589 1720 poenas?

663 1732 749 1763 Nam
773 1731 925 1764 diadema
947 1732 996 1763 tui
1020 1731 1122 1774 spinis
1145 1731 1330 1763 terebratur
1352 1730 1473 1763 acutis:

585 1790 610 1809 20
663 1783 760 1816 Eheu
784 1802 822 1806 —
849 1794 946 1826 quam
968 1783 1125 1815 miserum
1146 1782 1273 1814 lanian-t
1297 1782 1426 1825 spineta
1447 1784 1604 1814 rosetum.

662 1835 709 1867 Ut
732 1835 808 1878 quid
831 1835 959 1868 deleras
982 1835 1104 1875 verbis,
1129 1837 1244 1867 occata
1267 1836 1439 1866 vetustas?
1685 1834 1805 1867 ROSA

663 1887 755 1924 Quae
777 1890 814 1919 tu
836 1888 957 1931 probra
979 1888 1093 1927 refers,
1116 1888 1215 1929 plena
1238 1889 1314 1918 sunt
1338 1886 1448 1918 omnia
1470 1885 1582 1918 laude:

664 1940 821 1972 Conditor
844 1940 1049 1972 omnicreans
1073 1940 1168 1982 spina
1190 1949 1242 1970 me
1266 1939 1370 1981 sepsit
1393 1941 1499 1978 acuta,

662 1992 783 2024 Muniit
805 1995 839 2024 et
862 2002 972 2024 roseos
997 1992 1166 2035 praeclaro
1190 1991 1336 2033 tegmine
1359 1991 1479 2021 vultus.

580 2052 605 2071 25
658 2044 794 2077 Aureoli
818 2044 946 2077 decoris
969 2044 1047 2076 mihi
1070 2047 1188 2076 vertex
1212 2043 1349 2075 comitur
1372 2043 1477 2074 almus
1686 2043 1849 2076 LILIUM

661 2096 732 2129 Nec
756 2107 827 2128 sum
852 2096 1019 2139 spinigera
1042 2095 1182 2127 crudelis
1207 2098 1302 2138 septa
1325 2104 1453 2134 corona,

660 2148 797 2180 Profluit
820 2150 854 2180 at
875 2148 978 2180 niveis
1003 2147 1090 2180 dulei
1113 2148 1165 2180 lac
1187 2147 1291 2179 ubere
1314 2146 1476 2178 mammis:

663 2200 717 2232 Sic
739 2200 890 2232 holerum
913 2200 1077 2232 dominam
1101 2210 1154 2231 me
1177 2199 1291 2231 dicunt
1314 2209 1389 2230 esse
1412 2198 1554 2230 beatam.

664 2252 755 2284 Tunc
778 2252 848 2284 Ver
871 2252 1026 2294 florigera
1047 2252 1173 2288 iuvenis
1196 2251 1358 2294 pausabat
1380 2251 1414 2282 in
1436 2250 1558 2282 herba:
1686 2250 1836 2283 POETA

582 2312 607 2330 ³⁰
660 2304 726 2336 Olli
746 2307 879 2346 tegmen
901 2307 972 2336 erat
994 2304 1118 2347 pictum
1142 2302 1359 2335 viridantibus
1383 2302 1505 2342 herbis,

660 2357 768 2399 Ipsius
791 2356 832 2389 ad
855 2357 985 2399 patulas
1009 2356 1202 2398 redolebant
1224 2355 1375 2387 balsama
1397 2365 1493 2386 nares

661 2409 933 2452 Floripotensque
957 2411 1056 2451 caput
1078 2408 1176 2441 sertis
1198 2407 1362 2440 renitebat
1385 2406 1528 2439 honoris.

375 2543 408 2569 10
424 2544 506 2580 hybre
522 2543 543 2568 0
654 2541 758 2575 [Lxxx1.]
778 2543 817 2568 ed.
836 2543 986 2568 Daemmler
1003 2543 1036 2568 ib.
1050 2551 1078 2575 p.
1097 2541 1132 2568 35
1149 2550 1184 2574 sq.
1266 2540 1297 2566 11
1317 2540 1470 2574 pudipuudo
1485 2540 1507 2565 0
1516 2548 1582 2565 corr.
1597 2539 1747 2566 Dzoemmler
1826 2540 1860 2566 12
1871 2550 1924 2567 non

271 2587 398 2612 erubescit
410 2587 431 2612 0
446 2596 513 2612 corr.
530 2587 692 2612 wattenbach
762 2585 798 2612 20
809 2587 902 2612 misero
913 2595 979 2612 corr.
988 2586 1018 2612 ‚0
1084 2584 1118 2610 22
1131 2594 1167 2610 an
1175 2583 1267 2618 *plena
1280 2582 1319 2619 (a)
1329 2583 1340 2609 :³
1410 2583 1444 2609 27
1454 2582 1601 2617 *profluimt
1615 2583 1638 2608 O
1703 2582 1738 2609 30
1748 2587 1774 2609 te
1785 2588 1893 2617 generat
1903 2584 1927 2610 0

271 2639 337 2654 corr.
350 2630 498 2655 Duemmler
567 2629 601 2655 32
618 2628 760 2655 *retinebat
774 2630 796 2655 Ο
811 2630 944 2656 redimibat
962 2638 1028 2655 corr.
1047 2629 1197 2654 Duaemmler

374 2705 390 2731 8
409 2705 468 2732 Ed.
486 2705 534 2738 VI,
552 2706 585 2732 51
605 2713 709 2732 cornua
720 2705 819 2732 fronte.
905 2706 939 2732 10
957 2705 1016 2732 Ecl.
1032 2704 1096 2738 VII,
1114 2705 1148 2731 37
1161 2704 1258 2738 thymo
1271 2703 1341 2730 mihi
1354 2703 1462 2730 dulcior
1474 2703 1591 2737 Hyblae.
1706 2701 1814 2737 [mxxxi]
1832 2703 1849 2730 3
1863 2710 1886 2730 ο.
1896 2711 1922 2737 9.

274 2756 348 2783 Fort.
370 2757 427 2790 XI,
453 2757 499 2788 11,
522 2757 539 2783 5
562 2757 653 2784 lactea
674 2757 736 2784 lilia.
754 2778 760 2784 .
774 2778 781 2785 .
795 2778 801 2785 .
892 2758 909 2784 8
928 2757 1004 2784 Fon.
1020 2756 1103 2790 VHI,
1127 2756 1173 2788 16,
1195 2756 1212 2782 3
1238 2756 1299 2782 toto
1324 2754 1492 2782 venerabilis
1517 2754 1591 2781 orbe.
1678 2754 1695 2780 9
1713 2754 1780 2780 Aen.
1795 2754 1852 2788 HL
1872 2755 1922 2782 119

271 2809 387 2843 pulcher
405 2808 513 2842 Apollo.
602 2810 634 2835 19
653 2809 714 2836 Ecl.
730 2809 759 2843 V,
777 2810 810 2836 39
829 2809 917 2844 spinis
936 2809 1026 2843 surgit
1044 2807 1172 2843 paliurus
1190 2806 1289 2834 acutis.
