2060 3074
707 163 753 189 DE
771 162 1001 189 SOBRIETATE
1021 163 1128 189 LIBER
1147 163 1182 190 ΙΙ.
1702 167 1765 196 675

388 261 438 280 ιοεο
481 248 542 280 His
566 251 676 281 tamen
697 249 730 281 in
753 250 874 281 cunctis
897 250 1099 292 cognosceris
1123 253 1234 281 auctor
1257 252 1290 281 et
1312 249 1405 289 altor,

481 300 586 332 Omne
609 301 730 332 bonum
754 301 893 343 sapiens,
916 312 976 344 per
998 312 1094 344 quem
1117 302 1276 344 sapientia
1299 302 1397 342 venit,

483 352 588 384 Omne
612 352 710 384 decus
734 363 898 395 superans,
921 353 962 384 de
987 364 1050 395 quo
1074 353 1172 385 decus
1196 364 1290 385 omne
1313 353 1442 385 meavit.

479 403 620 436 Pulchra
643 407 793 436 creatura
816 408 865 436 est
887 408 920 436 te
943 405 1077 448 pulchro
1101 409 1232 438 auctore
1257 409 1382 441 creata:

483 455 578 487 Hanc
601 459 711 488 tamen
735 457 867 488 excellis
890 460 1044 499 quantum
1067 458 1184 489 virtute
1208 458 1355 498 creantis,

390 520 441 539 1065
485 507 547 538 Illa
569 507 632 539 tuis
655 511 779 540 tantum
803 509 983 540 succumbit
1005 509 1153 542 laudibus
1177 510 1301 552 amplis.

482 558 610 601 Lingua
633 560 754 602 loquax
778 563 867 591 muta
891 564 949 600 est,
972 561 1083 592 rethor
1105 566 1194 593 caret
1216 565 1285 593 arte
1309 561 1446 593 disertus

484 610 527 642 Et
549 614 652 642 totum
675 610 796 643 dixisse
818 612 908 643 velut
930 612 1068 644 tacuisse
1091 616 1230 654 putatur.

482 661 576 694 Mens
598 662 736 694 hominis
758 666 888 695 terrena
912 664 1052 706 quidem,
1075 675 1158 707 quae
1181 668 1275 696 nocte
1300 664 1417 708 dieque

483 713 595 746 Cernit
617 714 771 746 odoratur
793 718 902 757 gustat
925 719 1104 748 contrectat
1126 720 1159 748 et
1182 717 1281 757 audit,

391 779 443 798 now
486 765 560 798 Non
581 766 670 798 valet
693 766 784 798 effari
807 777 868 799 nec
891 778 925 799 se
949 778 1156 810 cognoscere,
1180 769 1256 811 quid
1278 769 1331 800 sit:

485 817 570 854 Quin
592 819 707 859 minus,
730 819 799 861 ipse
823 829 900 851 suae
924 820 967 851 sis
991 824 1128 862 quantus
1151 821 1282 863 originis
1306 824 1426 859 auctor,

483 869 602 905 Dicere
625 870 773 911 sufficiet,
797 870 873 902 dum
896 881 960 902 non
984 871 1122 904 effabilis
1145 873 1215 914 ipse
1239 883 1284 912 es,

486 921 594 953 Altior
616 921 757 962 inferior,
780 923 892 964 procul
915 923 1009 963 intra,
1033 927 1190 966 extraque
1214 934 1384 966 supraque.

482 973 556 1006 Hoc
580 973 620 1006 de
644 977 677 1005 te
701 977 810 1006 tamen
833 975 966 1006 indubia
987 976 1112 1007 ratione
1136 979 1297 1008 tenemus:

388 1038 440 1057 1⁰75
483 1025 564 1057 Esse
588 1025 719 1066 bonum,
743 1036 806 1069 quo
830 1027 875 1058 nil
897 1027 1022 1067 melius,
1045 1027 1217 1069 aequabile
1240 1028 1284 1059 nil
1306 1028 1362 1060 sit:

484 1077 658 1120 Principio,
683 1081 728 1118 tu,
751 1078 814 1110 fine
839 1088 963 1118 carens,
986 1079 1152 1121 iustusque
1174 1079 1320 1121 piusque,

483 1129 611 1170 Talem,
634 1129 704 1161 iure
727 1129 785 1162 tibi
809 1130 863 1172 qui
885 1140 969 1162 nunc
992 1131 1196 1169 famulantur,
1219 1131 1375 1162 honorem

482 1181 648 1223 Largiflua
671 1181 816 1213 bonitate
841 1182 902 1214 tuis
926 1182 1120 1225 quandoque
1144 1182 1286 1222 daturus,

485 1232 530 1264 Ut
552 1236 586 1264 te
610 1233 821 1276 conspiciant,
844 1234 933 1266 velut
957 1244 1002 1275 es,
1026 1235 1058 1266 in
1081 1235 1152 1266 luce
1175 1244 1290 1266 serena

391 1296 441 1316 1⁰⁸0
484 1283 594 1327 Atque
618 1285 765 1317 revelata
788 1285 871 1317 facie
894 1286 1101 1328 speculentur
1125 1288 1269 1326 ovantes,

485 1335 590 1373 Quem
613 1347 697 1369 nunc
720 1347 780 1379 per
801 1338 967 1380 speculum
992 1337 1164 1380 quoddam,
1187 1348 1246 1380 per
1269 1337 1397 1379 enigma
1424 1340 1565 1378 tuentur,

484 1388 528 1420 Et
549 1391 657 1420 tecum
681 1388 812 1421 tandem
834 1389 962 1432 placida
985 1390 1017 1421 in
1040 1390 1173 1432 regione
1196 1390 1293 1421 locati

484 1439 613 1472 Felices
636 1441 764 1483 capiant
787 1445 940 1473 aeternae
963 1442 1111 1484 praemia
1135 1442 1232 1473 vitae.

485 1491 580 1524 Haec
602 1496 648 1534 ut,
671 1493 783 1533 lector,
807 1503 907 1526 ovans
930 1494 1048 1536 capias,
1073 1504 1173 1525 exoro
1195 1503 1255 1536 per
1276 1493 1396 1535 ipsum:

393 1555 443 1575 1085
486 1543 654 1576 Immerito
678 1545 806 1577 veniam
830 1545 988 1578 scelerum
1012 1545 1152 1588 deposce
1176 1544 1298 1584 Miloni,
1406 1548 1409 1550 '

486 1595 548 1632 Qui
571 1596 683 1640 scripsi
705 1597 852 1639 geminos
875 1597 916 1629 de
940 1597 1116 1629 sobrietate
1139 1590 1277 1636 libellos,

484 1647 630 1690 Exiguas
652 1649 792 1681 retinent
814 1649 896 1681 binis
920 1649 974 1692 qui
996 1649 1125 1681 milibus
1149 1648 1238 1680 odas.

785 1763 894 1800 SIGN
896 1763 1108 1800 ACULUM.

487 1829 610 1862 Pistica
633 1829 782 1872 fraglavit
804 1829 923 1862 nardus
947 1830 1076 1862 detecto
1101 1830 1296 1869 alabaustro,

488 1881 560 1918 Quo
586 1885 684 1924 caput
707 1884 805 1924 atque
828 1881 931 1924 pedes
955 1881 1073 1914 Christi
1096 1892 1170 1914 reus
1192 1881 1262 1924 ipse
1285 1880 1371 1923 piavi

394 1946 445 1965 ιωο
487 1933 622 1965 Flebilis
646 1936 680 1965 et
703 1933 824 1976 fragilis
847 1933 967 1966 domini
990 1934 1128 1976 vestigia
1150 1934 1285 1975 lingens,

490 1984 665 2017 Confessus
689 1986 793 2017 scelus
817 1995 912 2017 omne
937 1989 970 2017 et
993 1985 1098 2017 adhuc
1122 1994 1279 2027 exposco:
1303 1983 1420 2015 iacenti

489 2036 561 2077 Dic,
585 2037 639 2079 pie
663 2036 803 2077 Christe,
826 2037 919 2069 mihi:
944 2038 1018 2069 ‘iam
1042 2047 1138 2079 surge
1161 2036 1284 2068 solutus
1307 2036 1348 2067 ab
1372 2035 1459 2066 omni

488 2088 630 2120 Crimine
653 2098 734 2131 pace
758 2099 832 2120 mea
855 2092 952 2129 tutus,
976 2089 1143 2120 sociabere
1167 2087 1300 2127 dextris,

487 2139 559 2177 Quo
583 2140 662 2172 mihi
685 2141 848 2182 gratificas
872 2140 960 2173 dicas
983 2151 1042 2183 per
1064 2140 1194 2172 saecula
1216 2137 1349 2171 laudes’.

394 2204 444 2224 im
490 2192 544 2224 Sic
567 2193 618 2232 sit,
641 2203 747 2233 amen,
771 2193 826 2233 sic,
851 2203 983 2235 quaeso,
1006 2193 1063 2224 fiat
1085 2195 1141 2223 tua
1164 2191 1268 2234 gratia
1291 2200 1428 2222 mecum.

507 2251 674 2279 CARMINE
695 2252 828 2284 FINITO,
848 2252 1000 2283 LECTOR,
1019 2252 1102 2280 SINE
1123 2251 1208 2278 FINE
1228 2249 1383 2278 VALETO.

225 2390 293 2417 1060
313 2390 379 2416 alwr
401 2391 437 2416 n’c
455 2390 507 2416 LE
521 2394 593 2416 actor
615 2390 656 2423 (ue
675 2390 785 2422 videtur)
806 2390 846 2416 A.-
863 2392 897 2423 cf,
915 2399 997 2424 cupra
1019 2400 1042 2416 υ.
1063 2389 1113 2415 927
1210 2388 1276 2414 1068
1299 2392 1399 2414 terrene
1418 2387 1442 2412 L
1541 2385 1607 2412 1076
1630 2385 1701 2412 *tum
1722 2386 1772 2411 AL

123 2432 187 2459 loel
206 2435 264 2466 an
277 2434 302 2459 A
337 2434 468 2468 quondam
480 2434 504 2460 L
575 2432 641 2459 1087
654 2434 768 2459 retinens
780 2433 803 2458 L
875 2433 941 2459 1088
960 2433 1082 2467 fraglauit
1099 2433 1135 2458 eie
1148 2432 1198 2457 AL
1232 2432 1360 2457 alabastro
1373 2431 1398 2455 L
1468 2429 1535 2456 1095
1553 2430 1594 2455 Sic
1612 2431 1641 2455 fit
1658 2438 1732 2455 amen
1745 2429 1771 2454 A

225 2518 300 2546 1080.
314 2518 380 2546 1081
406 2519 420 2545 1
436 2518 495 2545 Gor.
515 2518 556 2550 13,
570 2518 603 2545 12
622 2517 746 2544 videmus
768 2526 842 2545 nunc
861 2526 910 2552 per
928 2518 1070 2552 speculum
1091 2517 1119 2544 in
1139 2516 1294 2550 enigmate,
1318 2516 1386 2541 tunc
1405 2515 1498 2541 autem
1518 2513 1588 2540 facie
1607 2514 1644 2541 ad
1663 2513 1770 2541 faciem.

123 2569 189 2597 1087
207 2569 318 2597 Sum
334 2577 456 2597 ure-aum
473 2569 610 2596 amborum
631 2569 758 2596 librorum
776 2572 811 2595 est
830 2569 994 2596 MMLXX
1001 2569 1028 2596 V.
1122 2569 1188 2595 1088
1203 2567 1299 2594 Matth.
1312 2567 1354 2598 26,
1367 2567 1382 2593 7
1401 2565 1517 2592 accessit
1534 2565 1570 2592 ad
1589 2573 1651 2592 eum
1670 2565 1770 2591 mulier

121 2621 227 2649 habens
244 2621 415 2648 alabastrum
438 2621 588 2655 unguenti;
614 2621 674 2648 Ioh.
693 2621 732 2654 12,
746 2621 762 2648 3
781 2621 870 2647 Maria.
893 2620 1002 2655 accepit
1025 2620 1124 2647 libram
1149 2619 1287 2654 unguenti
1312 2617 1391 2645 nardi
1417 2617 1510 2652 pistici
1534 2617 1662 2652 pretiosi,
1689 2617 1772 2643 unxit

122 2673 206 2709 pedes
224 2673 286 2700 Iesu
304 2674 334 2700 et
351 2672 468 2700 ext-enit
486 2672 596 2707 capillis
614 2671 679 2699 suis.
