2060 3074
724 123 834 149 VITAE
852 124 878 150 S.
898 123 1065 150 GERMANI
1084 124 1293 152 INVOGATIO.
1769 127 1830 158 435

602 209 774 246 Quondam
801 211 1111 244 ΘΕΣΜΟΦΟΡΟΝ
1130 211 1267 254 Moysea
1290 215 1398 244 tecum

538 274 562 294 w
600 263 674 294 ΕΙΣ
694 265 724 293 Γ
722 263 881 294 ΝΟΦΟΝ
901 262 1002 305 Sinay
1026 263 1073 294 sie
1097 264 1253 296 indidisti.

602 339 808 375 Quaerentes
832 339 939 371 valida
962 340 1072 372 iuvate
1097 340 1223 381 dextra,

603 391 740 428 Quando
763 402 826 423 non
846 392 934 434 potis
958 395 1007 423 est
1030 392 1120 424 adire
1143 396 1211 425 tete

601 443 771 485 Cuiquam,
795 443 853 474 des
876 443 939 475 nisi
963 446 998 475 tu
1022 444 1132 476 venire
1155 456 1214 487 per
1235 449 1279 478 te.

602 495 765 527 Ostendas
789 495 906 527 faciem
930 495 1026 528 decet
1049 500 1157 528 tamen
1181 501 1213 529 te

601 547 675 587 His,
698 547 752 589 qui
775 547 821 578 nil
843 547 931 578 aliud
954 550 1070 590 petunt
1093 549 1154 579 nisi
1177 551 1226 580 te:

537 610 561 630 τε
598 598 682 630 Nam
706 610 766 630 nee
790 599 852 630 hoc
874 602 1038 641 poterunt,
1062 600 1125 631 nisi
1149 600 1190 631 sit
1213 611 1255 632 ex
1279 604 1322 633 te.

601 676 714 708 Nubes
737 687 850 719 rumpe
872 677 1039 719 malasque
1063 677 1232 718 fantasias,

601 728 682 765 Quis
705 728 822 760 mentis
846 729 933 760 acies
958 729 1167 761 reverberata

602 780 686 812 Pure
709 791 772 812 non
796 780 912 812 sinitur
935 780 1031 812 deum
1055 781 1151 820 tueri,

602 831 670 864 Ceu
694 843 729 863 se
753 831 947 863 invisibilem
971 832 1080 864 videre
1104 835 1251 874 praestat

601 883 673 923 His,
697 884 751 925 qui
775 883 941 915 lucifluum
965 884 1055 916 sitire
1079 884 1203 916 sontem

535 948 560 967 ⁸⁴
598 935 780 967 Noverunt:
805 936 950 978 requiem
973 946 1131 978 suumque
1154 936 1263 968 finem.

601 1012 694 1050 Quod
715 1015 819 1045 restat
843 1013 1014 1056 siquidem,
1037 1013 1124 1056 quod
1147 1014 1248 1046 instat
1271 1014 1414 1057 inquam,

599 1066 799 1098 Praesentes
823 1076 940 1108 operas
965 1066 1012 1097 tui
1035 1065 1219 1108 indigentes

601 1118 786 1162 Componas
809 1119 950 1162 petimus
973 1119 1152 1162 favensque
1176 1123 1252 1151 voto

600 1171 643 1202 Et
666 1181 780 1203 sensus
804 1171 950 1203 cumules
974 1174 1008 1202 et
1031 1181 1089 1203 ora
1113 1172 1231 1211 solvan,

599 1223 645 1255 Ut
667 1223 764 1255 mutis
787 1222 931 1266 liquidae
954 1223 1056 1254 fluant
1078 1223 1243 1265 loquelae,

534 1289 560 1308 ω
596 1275 724 1318 Largiri
748 1275 862 1307 solitus
885 1286 946 1307 nee
970 1275 1175 1318 impotenter.

599 1352 763 1386 Germano
787 1353 918 1385 titulum
940 1363 1059 1396 parare
1082 1353 1188 1385 laudis

597 1405 703 1447 Urget
725 1405 890 1445 materies,
914 1415 1005 1436 amor
1028 1408 1154 1437 coartat

598 1457 635 1488 In
658 1460 692 1490 te
715 1457 881 1496 mirificus,
904 1467 986 1500 puer
1009 1456 1174 1496 Hlothari,

599 1508 660 1541 cui
683 1509 733 1541 fas
756 1519 821 1541 non
844 1508 943 1540 fuerit
966 1519 1089 1551 negare
1113 1509 1296 1551 quicquam,

598 1560 671 1592 Non
694 1571 744 1600 os,
766 1571 831 1592 non
853 1560 998 1592 animum
1021 1571 1081 1593 nee
1105 1561 1162 1592 illa
1185 1563 1284 1600 certe,

533 1625 558 1645 κ
595 1612 688 1649 Quae
711 1615 787 1644 sunt
809 1612 924 1644 officiis
947 1613 1053 1645 amica
1075 1612 1230 1656 pulchris.

599 1689 634 1722 Id
657 1701 720 1733 quo
745 1700 899 1733 congrue,
923 1700 986 1733 quo
1010 1690 1067 1722 fiat
1090 1689 1254 1730 decenter,

597 1742 642 1774 Et
665 1753 740 1786 spes
763 1741 965 1774 omnimodae
989 1743 1124 1785 speique
1148 1753 1308 1774 summam

598 1794 632 1826 ln
656 1797 688 1826 te
712 1794 921 1833 conferimus,
945 1797 1092 1837 repertor
1115 1794 1205 1833 artis,

598 1846 672 1884 Qua
693 1849 807 1889 peetus
829 1846 970 1878 hominis
992 1846 1250 1888 praeominatum

599 1898 732 1931 Scandit
755 1897 902 1930 sidereos
926 1898 1049 1930 honore
1073 1908 1218 1941 campos,

523 1961 560 1982 m
597 1949 798 1982 Distinetum
819 1949 926 1982 beluis
950 1950 1057 1982 nitore
1079 1949 1210 1982 mentis.

596 2027 671 2059 Non
693 2027 776 2059 haec
799 2027 840 2059 ob
864 2027 971 2059 meriti
994 2027 1198 2066 beatitatem,

598 2078 753 2111 Germani
777 2082 854 2122 peto
879 2079 937 2111 sed
961 2089 1020 2122 per
1044 2079 1238 2111 almitatem:

598 2130 633 2162 Si
655 2130 732 2173 quid
755 2131 922 2162 lucifluum
945 2131 1075 2173 peregit
1097 2131 1163 2170 ille,

597 2182 694 2219 Quod
716 2182 806 2214 laudi
829 2182 927 2214 fuerit
949 2183 1034 2224 patri
1059 2193 1213 2224 superno:

597 2233 633 2265 Si
655 2233 778 2265 vexilla
801 2233 847 2265 tui
872 2236 1005 2265 secutus
1030 2233 1125 2265 heros

523 2297 559 2316 108
596 2284 768 2328 Oppressit
791 2284 933 2327 rigidum
958 2295 1094 2317 severus
1118 2284 1263 2321 hostem:

282 2387 389 2412 Scholia
410 2400 444 2405 -
467 2386 498 2412 71
519 2386 558 2421 8.]
582 2388 754 2421 legislatorem
859 2387 892 2413 72
912 2389 937 2412 E.
959 2387 995 2421 Γ.]
1020 2389 1047 2413 in
1065 2388 1200 2420 caliginem
1305 2387 1339 2413 '14
1362 2390 1392 2419 Q.
1413 2397 1437 2413 n.
1456 2397 1480 2421 p.
1501 2387 1533 2421 e.]
1559 2390 1684 2422 siquidem
1710 2400 1761 2416 non
1785 2395 1824 2417 est

180 2429 300 2462 punibile
387 2429 420 2455 79
438 2430 470 2456 N.
489 2429 520 2462 r.]
538 2430 563 2456 id
581 2435 620 2456 est
632 2431 764 2457 cecitatem
777 2431 869 2456 mentis
882 2431 992 2456 dissolve
1036 2429 1170 2463 fantasias]
1191 2431 1316 2463 imagines
1328 2431 1474 2463 diabolicae,
1493 2432 1588 2464 quibus
1599 2433 1685 2459 anima
1697 2434 1825 2467 decipitur

178 2470 214 2497 80
231 2471 306 2505 Quis]
324 2481 370 2506 pro
387 2473 482 2506 quibus
525 2472 600 2505 acies]
619 2482 727 2499 acumen
739 2474 811 2499 visus
855 2473 1027 2507 reverberata]
1046 2475 1148 2499 ebetata
1235 2473 1267 2499 81
1287 2483 1338 2499 non
1350 2473 1454 2508 sinitur]
1474 2483 1524 2501 non
1543 2477 1699 2509 permittitur
1746 2476 1824 2511 tueri]

179 2515 205 2540 id
221 2518 260 2540 eet
276 2515 378 2546 intueri.
397 2516 483 2542 videre
501 2515 554 2548 (—i
573 2515 607 2548 Ρ)
690 2515 724 2542 82
742 2516 805 2550 Ceu]
824 2525 900 2550 quem
919 2517 951 2542 ad
970 2517 1073 2542 modum
1118 2515 1242 2550 praestat]
1262 2525 1298 2542 sc.
1321 2517 1397 2542 sicuti
1415 2521 1454 2542 est
1539 2517 1574 2544 83
1591 2519 1648 2553 His]
1668 2521 1694 2545 id
1712 2523 1752 2546 est
1770 2521 1823 2546 illis

179 2557 323 2590 lucifluum]
344 2558 370 2583 id
387 2562 426 2584 eet
442 2558 526 2584 lucem
545 2560 665 2585 fluentem
718 2558 798 2593 sitire]
822 2560 964 2585 desiderare
1067 2559 1101 2585 84
1126 2561 1197 2585 Deus
1214 2561 1282 2585 enim
1307 2564 1346 2586 est
1364 2561 1464 2593 requies
1482 2564 1507 2586 et
1525 2563 1642 2588 suavitas
1660 2564 1774 2589 omnium
1793 2572 1821 2590 se

179 2601 375 2627 desiderantium
401 2606 428 2627 et
453 2606 538 2628 certus
563 2603 622 2628 finis
648 2603 680 2628 ad
707 2611 734 2628 se
761 2604 932 2632 currentium:
959 2604 1044 2628 omnia
1070 2604 1137 2628 enim
1164 2603 1198 2628 ad
1225 2604 1308 2636 ipsum
1331 2607 1466 2628 recurrunt
1488 2607 1513 2629 et
1536 2605 1562 2630 in
1588 2605 1672 2638 ipsum
1697 2607 1825 2632 finiuntur

180 2642 232 2668 100
253 2643 469 2678 praeominatum]
490 2646 600 2678 quodam
623 2646 699 2678 quasi
723 2646 807 2672 omine
827 2647 938 2678 (homine
957 2646 992 2678 P)
1017 2647 1187 2671 ‹amtor-tatum
1240 2646 1309 2671 Idem
1332 2650 1370 2672 est
1397 2647 1564 2680 augur-iatum
1669 2647 1719 2675 102
1744 2650 1825 2675 nitore

180 2685 282 2720 mentis]
299 2687 418 2714 acumine
435 2689 540 2714 rationis

287 2771 320 2798 77
339 2772 418 2799 nichil
437 2781 503 2799 corr.
523 2774 549 2800 P
650 2773 684 2800 ⁷8
702 2775 751 2800 nisi
769 2773 814 2808 sit]
832 2775 894 2800 nisit
911 2783 980 2800 corr.
999 2775 1024 2800 P

1562 2827 1618 2854 55*
