2060 3074
760 124 870 150 VITAE
889 125 914 151 S.
934 125 1100 152 GERMANI
1121 127 1225 153 LIBER
1240 128 1273 154 II.
1775 132 1836 161 455

556 210 618 241 Vel
643 221 716 241 cum
740 210 898 242 Tartareo
923 213 1027 243 vietor
1052 212 1215 244 redivivus
1238 214 1279 245 ab
1305 215 1388 245 Oreo

559 261 686 293 Extulit
710 262 870 294 humanae
895 274 1006 294 seeum
1032 264 1152 303 vexilla
1177 265 1306 296 salutis:

559 314 696 356 Singula
721 314 885 345 sollemnis
910 326 967 357 pro
992 316 1160 357 relligione
1186 316 1250 348 diei

494 378 517 396 η
556 366 733 397 Indulsisse
756 367 864 397 ferunt
888 367 1043 408 expensis
1068 368 1186 409 pocula
1208 369 1329 410 parcis:

557 418 643 449 Vina
667 418 724 450 sed
749 418 877 459 irriguis
902 418 1076 450 undantius
1102 419 1219 451 obruta
1243 420 1382 461 lymphis

554 469 708 501 Nativum
732 469 915 501 abnuerant
939 488 978 492 —-
1002 481 1061 502 nee
1085 471 1147 502 iam
1173 471 1265 502 modo
1291 472 1363 503 vina
1387 491 1424 494 —r
1451 483 1610 514 saporem.

599 522 727 563 Corpus
751 521 846 552 inane
870 521 942 553 cibo
966 522 1227 553 substentaturus
1253 523 1348 554 inerti
1579 532 1699 565 Qualitas
1729 534 1777 558 cibi
1811 538 1833 557 et

554 572 690 604 Davidis
715 583 838 604 memor
863 573 916 604 ille
941 572 1027 611 boni,
1052 573 1102 604 eui
1127 574 1268 605 carmina
1292 585 1400 613 curae,
1668 577 1740 600 hora.

489 637 514 655 20
550 624 682 656 Libavit
705 624 808 666 primo
831 625 969 656 eineres.
993 624 1038 655 sic
1062 624 1184 656 hordea
1208 626 1354 668 sumpsit.

555 676 587 707 Is
612 675 707 707 modo
732 676 824 718 panis
849 679 934 707 erat:
961 676 1080 706 factum
1106 677 1284 718 sumpsisse
1309 682 1416 708 reatus

556 727 700 759 Alterius
725 727 884 765 manibus,
909 726 936 758 si
961 738 1023 758 non
1049 727 1133 758 hunc
1157 728 1291 770 impiger
1316 729 1385 770 ipse

553 779 734 810 Excuteret
757 779 957 820 moleretque
982 779 1059 818 suis,
1084 779 1204 811 referre
1229 780 1363 822 peritus,

554 830 699 862 Externa
723 841 763 861 an
787 831 916 872 proprio
942 831 1061 862 victum
1086 830 1203 862 sudore
1227 836 1358 873 pararet

488 895 514 913 aa
552 882 710 924 Quodque
734 883 817 914 foret
841 893 994 914 manuum
1019 882 1098 914 felix
1124 882 1284 924 probitate
1309 894 1449 914 suarum.

551 934 743 976 Temperius
768 934 949 976 sumpsisse
974 934 1080 965 eibum
1106 934 1244 966 fortasse
1270 935 1420 976 voluptas

550 986 828 1028 Qualemcumque
853 986 952 1017 foret:
977 996 1135 1028 praeceps
1159 996 1233 1017 cum
1257 986 1418 1028 linqueret
1441 997 1518 1017 arva

552 1037 702 1069 Phoebus
726 1038 758 1069 in
783 1037 964 1080 Hesperias
989 1048 1105 1069 oeeasu
1130 1039 1259 1080 pronior
1283 1037 1398 1072 undas,

552 1090 710 1122 Persiceis
733 1089 872 1132 dapibus
896 1094 1017 1121 certam
1042 1090 1299 1132 praescripserat
1323 1090 1445 1121 horam.

485 1154 510 1174 so
548 1141 598 1173 Ad
623 1141 767 1174 medium
789 1141 979 1173 ebdomadis
1003 1142 1130 1183 quoties
1154 1142 1281 1173 duravit
1306 1143 1444 1174 inanis?:

550 1194 688 1236 Saepius
712 1194 743 1225 in
767 1197 893 1236 septem
917 1193 1018 1225 traxit
1041 1194 1160 1227 ieiunia
1184 1198 1305 1226 noctes.

592 1246 664 1282 Qua
687 1245 758 1277 tulit
781 1246 922 1278 aestivos
946 1246 1020 1277 anni
1044 1256 1101 1288 pro
1125 1250 1215 1288 parte
1240 1247 1375 1282 calores,
1573 1255 1611 1279 De
1639 1255 1731 1279 vilitate
1762 1256 1830 1279 veeti-

549 1297 621 1330 Hac
647 1298 718 1329 tulit
742 1301 775 1329 et
797 1297 920 1340 rigidas
945 1297 1015 1340 ipsa
1039 1309 1111 1329 cum
1136 1301 1227 1330 veste
1252 1298 1393 1340 pruinas.
1661 1299 1744 1323 menti-

550 1349 663 1380 Vestis
687 1353 758 1381 erat
779 1349 868 1380 tenui
892 1349 1033 1380 tunicam
1059 1349 1229 1391 supplesse
1254 1350 1382 1381 cuculla

482 1414 508 1433 ⁹⁵
547 1401 761 1444 Ciliciamque
786 1402 912 1434 interne
937 1402 1058 1434 latens:
1085 1402 1144 1434 hoc
1169 1402 1298 1434 horrida
1322 1402 1464 1439 menbra,

551 1453 642 1486 Dura
664 1454 758 1490 cutis,
782 1454 870 1486 nullo
894 1454 1008 1486 molles
1034 1454 1063 1485 in
1090 1458 1236 1496 tempore
1262 1455 1375 1486 somni.

549 1506 685 1548 Sumpta
712 1506 815 1538 semel
838 1506 905 1548 iugi
929 1517 1092 1548 nunquam
1117 1507 1278 1538 concessit
1301 1506 1342 1538 ab
1367 1517 1436 1542 usu,

550 1557 685 1589 Tradita
707 1557 907 1600 pauperibus
932 1558 993 1589 nisi
1019 1568 1092 1589 cum
1117 1558 1276 1590 successit
1299 1558 1331 1589 in
1355 1568 1448 1589 usum

549 1608 616 1640 Aut
639 1609 751 1640 attrita
775 1609 870 1641 nimis
894 1609 1000 1641 nullos
1024 1609 1164 1641 decessit
1187 1609 1228 1641 ad
1251 1620 1340 1641 nsua.

474 1674 511 1692 ιου
549 1660 597 1692 Aa
622 1660 711 1692 velut
734 1660 870 1693 hostiles
895 1661 927 1692 in
951 1661 1084 1704 planum
1110 1661 1244 1692 fundere
1269 1666 1374 1693 turres

547 1712 694 1754 Quisque
718 1722 816 1744 ruens
842 1712 948 1744 valida
971 1713 1090 1754 premit
1113 1712 1283 1744 obsidione
1307 1713 1445 1744 rebelles

547 1763 615 1796 Nec
639 1769 748 1796 cessat
770 1765 930 1796 machinis
954 1775 1013 1797 nec
1037 1765 1120 1797 fietis
1145 1769 1215 1797 arte
1239 1765 1372 1797 latebris

547 1816 692 1858 Cumque
716 1817 794 1848 foris
819 1816 926 1858 gladio
950 1820 1082 1860 pugnat,
1106 1816 1282 1848 terroribus
1306 1817 1403 1848 intus.

547 1867 618 1899 Nou
643 1868 731 1910 prius
755 1868 929 1900 absistens.
954 1872 1064 1900 teneat
1088 1878 1184 1910 quam
1209 1869 1337 1900 moenia
1360 1870 1476 1900 victor:

472 1932 508 1951 10³
546 1919 683 1951 Hisdem
707 1921 824 1952 animis
848 1931 963 1962 corpus
987 1931 1112 1952 vexans
1136 1921 1312 1952 acerrimus
1336 1920 1438 1952 hostis

545 1970 739 2014 Exosusque
764 1972 826 2004 sibi
850 1983 935 2004 nunc
960 1972 1019 2006 his.
1045 1982 1128 2004 nune
1152 1972 1279 2014 impetit
1302 1972 1366 2004 illis

545 2022 738 2055 Mortificate
762 2023 883 2055 modis:
908 2024 1022 2055 ieiunis
1047 2023 1148 2055 afficit
1171 2023 1266 2057 intus.

546 2074 734 2117 Asperitate
758 2075 835 2107 foris
859 2075 1044 2117 domitoque
1069 2075 1207 2107 immane
1231 2075 1319 2106 leoni

545 2126 674 2169 Aspera
697 2137 877 2169 proponens
901 2131 968 2158 tum
993 2126 1155 2158 deteriora
1179 2126 1328 2159 minatur.

470 2190 507 2209 no
545 2179 573 2210 O
597 2187 680 2210 nova
703 2178 903 2221 perdomitae
927 2179 1061 2210 nimium
1086 2178 1270 2210 constantia
1293 2178 1408 2215 carnis,

544 2229 689 2262 Naturae
714 2231 764 2262 cui
789 2230 860 2262 iura
883 2230 992 2262 datum
1017 2234 1068 2262 est
1091 2240 1247 2272 superare
1272 2229 1411 2272 potentis

284 2341 389 2366 Scholia
407 2355 437 2360 —
457 2341 491 2367 '12
510 2343 519 2367 1
547 2350 570 2367 e.
588 2347 678 2368 saneto
697 2343 791 2375 paseha
810 2343 849 2367 vel
869 2343 909 2368 die
927 2343 1053 2367 dominica
1157 2341 1188 2367 77
1215 2341 1368 2374 abnuerant]
1387 2343 1576 2375 denegaverant
1680 2343 1711 2368 81
1739 2343 1822 2376 modu]

180 2387 277 2408 tanturn
302 2385 383 2410 modu.
407 2397 439 2402 —
461 2385 529 2410 Ordo
553 2386 704 2410 verborum:
733 2387 828 2411 factum
853 2386 959 2411 alterius
982 2386 1101 2411 manibus
1125 2386 1262 2419 sumpsisse
1288 2390 1374 2411 reatus
1397 2390 1451 2411 erat
1555 2386 1588 2411 83
1615 2385 1678 2418 suis]
1703 2387 1822 2412 manibus
1866 2390 1870 2395 ’

180 2426 284 2459 referre]
303 2428 398 2453 distare
444 2427 551 2462 peritus]
571 2429 660 2454 doctus
755 2428 789 2454 84
808 2428 928 2461 Externo]
948 2429 1031 2454 alieno
1078 2428 1179 2461 sudore]
1198 2429 1284 2454 labore
1380 2428 1414 2454 92
1433 2430 1495 2454 Nam
1515 2437 1596 2461 neque
1614 2429 1697 2454 hieme
1715 2430 1822 2455 accessit

179 2469 286 2495 adiectio
304 2469 425 2501 (abiectio
439 2470 471 2499 Ρ)
490 2471 697 2498 vestimentorum
717 2480 799 2505 neque
817 2476 913 2497 aestate
931 2472 1047 2497 levamen
1070 2473 1208 2497 admissum
1229 2477 1267 2497 est
1357 2472 1405 2497 105
1428 2471 1533 2504 vexans]
1553 2481 1684 2498 macerans
1732 2471 1819 2506 hostis]

179 2513 320 2538 Germanus
392 2512 440 2538 106
459 2513 620 2548 Exosusque]
634 2515 650 2540 i.
662 2524 684 2540 e.
698 2520 786 2541 contra
799 2524 825 2540 se
839 2515 986 2548 indignatus
1057 2515 1107 2540 110
1125 2514 1279 2548 wnstantia]
1300 2516 1499 2548 perseverantia.
1520 2529 1551 2533 —
1570 2516 1709 2541 Admiratio
1723 2517 1820 2549 poetica

281 2589 314 2615 76
341 2591 482 2616 undantius
506 2591 638 2625 Bacchius]
662 2593 784 2618 undatius
810 2593 834 2617 I’
935 2592 969 2617 85
996 2591 1131 2625 Quodque]
1161 2601 1226 2618 eras.
1251 2593 1266 2617 d
1292 2592 1316 2617 P
1367 2592 1436 2623 fellix
1462 2593 1486 2617 P
1586 2592 1620 2618 88
1648 2593 1775 2625 I'hoelbus
1799 2594 1823 2619 P

178 2632 215 2658 ad
231 2631 265 2658 92
283 2633 375 2658 vilitas
394 2633 517 2660 Bacchius
621 2635 654 2660 98
671 2636 779 2662 mellens
797 2645 863 2662 corr.
883 2635 908 2660 P
1011 2634 1059 2661 107
1079 2636 1180 2661 ieiuniis
1199 2635 1224 2660 P

281 2709 314 2736 79
341 2708 439 2737 Ptolom.
468 2711 526 2743 101.
546 2712 583 2739 10.
687 2711 721 2740 88
749 2711 804 2745 Ofr.
829 2710 905 2739 Fast-
933 2711 968 2738 II
981 2711 1014 2739 73
1119 2711 1167 2739 103
1195 2710 1342 2738 200rinth.
1369 2712 1392 2744 7,
1405 2713 1429 2739 5.
1538 2712 1586 2739 108
1614 2712 1681 2739 Aen.
1704 2712 1819 2741 Vlleefi

178 2758 298 2793 immane
317 2760 412 2792 leonis.
