2060 3074
247 172 309 203 618
903 167 1055 194 MILONIS
1074 167 1250 194 CARMINA.

541 268 565 287 τε
610 254 812 297 Pauperibus
835 255 947 297 parcit,
972 254 1047 296 quia
1069 254 1118 286 his
1142 253 1325 286 dominatur
1347 256 1492 296 egestas;

613 307 774 338 Divitibus
797 307 926 348 patulas
947 306 980 337 in
1002 306 1114 337 fauces
1136 306 1255 348 ingerit
1277 305 1366 337 offas.

611 358 738 399 Dicam,
762 357 849 400 quod
872 357 964 389 dolor
987 360 1050 389 est:
1075 358 1208 389 sacratis
1229 358 1330 400 impia
1351 358 1436 389 vasis

613 409 764 452 Turpiter
786 409 923 441 adtactis
946 409 1010 441 iam
1033 410 1155 441 nullum
1178 409 1316 452 praebet
1338 409 1505 441 honorem.

612 461 697 493 Hinc
720 462 780 493 fuit
803 462 855 493 hic
878 462 993 502 luctus,
1018 471 1081 504 quo
1104 462 1205 493 nostri
1229 462 1377 493 carminis
1401 461 1481 493 ordo

540 526 565 544 so
610 513 789 556 Coeperat;
813 514 876 545 hoc
898 514 999 548 fixum
1021 514 1124 545 lector
1146 513 1207 545 sibi
1229 516 1340 545 mente
1362 513 1527 546 recondat.

612 564 707 601 Quod
730 564 879 607 Babylon
902 565 1019 607 signat,
1043 565 1203 596 scelerum
1227 565 1372 597 confusio
1394 568 1505 596 nostra
1529 567 1588 604 est,

611 616 776 648 Robustus
799 619 911 648 contra
934 616 1099 648 dominum
1122 627 1219 659 quam
1242 620 1406 649 struxerat
1427 617 1540 657 hostis,

613 668 675 705 Qui
697 669 846 700 zabulum
869 669 973 711 pingit
999 669 1152 711 cuiusque
1177 669 1328 711 superbia
1350 669 1446 700 turris

613 719 695 752 Cum
719 723 878 753 structore
901 731 959 752 suo
982 721 1075 763 lapso
1098 721 1230 763 lapsura.
1251 731 1311 763 per
1334 731 1461 761 aevum,

540 785 566 804 85
611 771 674 808 Qui
698 773 785 815 cupit
807 773 965 804 humanas
988 773 1108 815 iugiter
1129 773 1278 804 venarier
1300 783 1402 805 escas.

612 824 769 856 Fluminis
791 825 844 856 hic
866 825 982 865 fluxus,
1006 824 1092 866 quod
1115 824 1226 856 mundi
1249 825 1290 856 ab
1315 825 1438 867 origine
1461 824 1567 861 fluxit;

611 877 678 908 Iste
702 878 792 909 locus
815 877 959 918 salicum,
983 887 1046 919 quo
1070 877 1189 909 multus
1213 878 1315 919 surgit
1337 888 1480 913 amaror;

613 928 745 970 Organa
769 939 831 971 quo
855 931 993 969 cessant,
1018 929 1094 971 quia
1115 929 1220 960 tristia
1243 929 1337 971 plura
1360 930 1527 961 resultant.

613 980 684 1012 Has
706 980 883 1023 Babylonis
906 991 1007 1023 aquas
1029 981 1186 1012 meretrix
1208 983 1321 1012 aurata
1343 984 1493 1022 retentat,

539 1044 565 1063 90
607 1031 695 1064 Exul
719 1033 807 1075 quod
829 1032 909 1065 vidit
933 1032 1054 1064 domini
1077 1033 1221 1064 sinmista
1243 1033 1416 1074 Iohannes,

612 1083 675 1120 Qui
698 1088 828 1127 gustum
850 1085 994 1117 melioris
1017 1095 1122 1127 aquae
1147 1084 1188 1116 de
1211 1088 1344 1127 pectore
1367 1085 1444 1117 Iesu

611 1136 731 1168 Hausit
754 1140 788 1168 et
810 1137 843 1168 in
865 1140 968 1168 totum
992 1137 1130 1169 metavit
1153 1137 1270 1179 pocula
1293 1137 1458 1176 mundum,

612 1188 850 1231 Laetificatque
875 1188 929 1220 dei
950 1189 1002 1220 hic
1025 1189 1166 1220 fluminis
1187 1189 1328 1231 impetus
1350 1189 1475 1221 urbem.

614 1239 667 1271 Sic
690 1241 779 1272 missi
803 1240 892 1272 Siloe
918 1240 1008 1272 vadit
1030 1240 1155 1283 piscina
1177 1240 1320 1280 silenter,

539 1304 564 1323 ⁹5
609 1291 663 1323 Ad
687 1303 783 1334 quam
806 1293 922 1324 missus
945 1292 1013 1324 abit
1035 1302 1151 1324 caecus
1175 1292 1341 1334 genetrice
1364 1295 1502 1333 creatus,

611 1343 684 1376 Hac
707 1355 836 1387 quoque
859 1344 945 1376 fotus
968 1354 1053 1386 aqna
1074 1346 1201 1375 remeat
1224 1344 1391 1387 visumque
1414 1347 1560 1386 reportat

612 1396 654 1428 Et
678 1396 774 1428 docet
796 1397 969 1434 indocilcs3
994 1406 1163 1439 synagoga
1184 1396 1296 1439 pulsus
1318 1396 1428 1428 Iesum

613 1448 740 1480 Invenit
762 1449 795 1480 in
817 1449 951 1491 templo,
975 1447 1079 1480 credit
1101 1451 1275 1480 veneratur
1299 1447 1423 1480 adorat.

612 1499 680 1531 Nos
702 1500 792 1532 Evae
817 1511 860 1532 ex
882 1503 975 1532 utero
1000 1510 1115 1532 caecos
1138 1500 1306 1542 generatio
1330 1499 1427 1536 fudit;

530 1564 569 1584 ιοο
613 1552 703 1583 Tunc
727 1553 837 1584 oculos
861 1553 985 1593 clausit,
1009 1563 1081 1584 cum
1106 1552 1301 1584 delectabile
1324 1563 1456 1595 pomum

614 1603 705 1636 Vidit
729 1607 762 1635 et
785 1607 957 1647 acceptum
980 1615 1089 1636 morsu
1112 1615 1185 1636 cum
1207 1606 1312 1635 morte
1335 1603 1520 1636 momordit.

616 1655 683 1688 Sed
705 1657 760 1698 pia
782 1657 840 1688 lux
857 1655 1014 1698 Christus,
1039 1666 1122 1699 quae
1146 1655 1301 1687 mundum
1323 1656 1482 1688 illuminat
1505 1667 1645 1697 omnem,

612 1708 712 1740 Venit
735 1711 770 1740 et
791 1708 944 1740 amissum
967 1709 1032 1740 iam
1055 1709 1166 1740 lumen
1187 1707 1329 1740 reddidit
1352 1708 1434 1740 orbi.

656 1768 735 1801 IIII.
759 1767 919 1800 Exulibus
941 1769 1034 1801 nobis
1058 1769 1198 1812 paradisi
1221 1769 1300 1800 sede
1324 1769 1443 1811 fugatis

531 1832 568 1851 105
612 1819 646 1850 Si
670 1819 758 1851 venit
781 1819 813 1850 in
836 1822 979 1851 mentem
1002 1821 1127 1863 patriae
1150 1820 1286 1852 mutatio
1309 1823 1451 1859 nostrae,

613 1871 794 1903 Flebilibus
817 1872 957 1904 lacrimis
980 1873 1046 1904 vita
1069 1873 1261 1915 plangamus
1284 1873 1316 1904 in
1338 1873 1411 1912 ista,

614 1924 749 1955 Laetius
773 1925 922 1967 antiquos
945 1924 1050 1956 donec
1072 1924 1245 1957 redeamus
1268 1924 1311 1956 ad
1333 1925 1454 1956 hortos.

354 2089 458 2115 82—85
477 2088 545 2115 Gen.
567 2089 606 2120 10,
620 2089 636 2114 9
655 2088 800 2121 (Nemrod)
819 2089 880 2114 erat
902 2087 1033 2115 robustus
1051 2089 1170 2115 venator
1193 2097 1285 2115 coram
1309 2089 1418 2122 (contra
1436 2089 1616 2123 Auyustv'mcs)
1641 2089 1763 2116 domino.
1798 2089 1834 2116 ob
1853 2089 1907 2116 hoc

252 2141 340 2167 exivit
357 2141 548 2176 proverbium:
569 2141 649 2174 quasi
668 2140 791 2167 Nemi-od
810 2140 942 2167 robustus
961 2142 1080 2167 venator
1098 2149 1190 2167 coram
1209 2140 1332 2167 domino.
1367 2140 1463 2167 hidam.
1482 2140 1600 2175 Aueyor.
1614 2141 1647 2167 1⁷
1664 2141 1772 2175 (Miyne
1789 2141 1833 2173 83,
1845 2141 1909 2174 103)

252 2193 373 2219 Nemi-od
392 2193 474 2227 gigas
492 2193 596 2220 diaboli
617 2194 716 2227 typum
742 2193 890 2228 expressit,
916 2193 965 2227 qui
989 2193 1110 2227 superbo
1133 2193 1263 2227 appetitu
1287 2193 1396 2219 eulmen
1421 2192 1533 2219 divinae
1555 2193 1731 2220 celsitudinis
1757 2192 1907 2228 appetivit.

251 2245 389 2278 Augu-stin
404 2245 457 2272 Oiv.
476 2245 517 2271 dei
532 2245 613 2271 XVI
621 2245 638 2271 4
656 2245 800 2278 (Dombart
819 2248 877 2271 tom.
891 2245 931 2271 II
941 2253 1006 2279 pay.
1023 2245 1079 2276 131.
1094 2245 1121 2279 1)
1140 2245 1180 2272 sic
1198 2253 1264 2280 ergo
1282 2245 1490 2279 intellegendus
1509 2246 1551 2271 est
1569 2244 1687 2280 ‘gigans'
1706 2245 1760 2271 iste
1778 2246 1907 2272 ‘venabr

253 2297 350 2323 contra
368 2296 528 2323 dominum'.
564 2296 633 2330 quid
651 2298 746 2323 autem
766 2296 812 2323 hic
830 2296 1006 2331 significatur
1030 2296 1083 2323 hoc
1100 2296 1227 2329 nomine,
1255 2296 1330 2330 quod
1350 2298 1392 2323 est
1410 2297 1551 2328 ¹venator',
1570 2297 1624 2323 nisi
1642 2297 1808 2324 animalium
1825 2296 1908 2324 terri-

252 2357 387 2382 genarum
406 2348 567 2375 extinctor?
604 2349 732 2383 erigebat
751 2357 819 2382 ergo
839 2357 901 2375 curn
919 2348 976 2375 suis
997 2348 1110 2383 populis
1134 2350 1240 2375 turrem
1264 2350 1361 2375 contra
1386 2349 1481 2381 deum,
1506 2357 1563 2383 qua
1581 2350 1624 2375 est
1640 2349 1730 2384 impia
1748 2349 1908 2383 significata

253 2400 392 2434 superbia..
484 2401 518 2427 86
537 2400 594 2433 Gs‘r.
617 2400 683 2428 Gen.
705 2401 729 2432 2,
744 2401 786 2427 14.
880 2401 913 2427 87
943 2400 1076 2427 salicibus
1098 2400 1310 2427 amam'tmlinem
1334 2400 1483 2434 siqnificam‘
1507 2408 1564 2427 non
1589 2400 1681 2426 intem*
1706 2403 1771 2427 ante
1795 2399 1906 2426 Petrum

257 2452 421 2485 Capuanum
443 2455 500 2486 (ap.
521 2453 602 2479 Pitra
622 2452 744 2487 Spicileq.
764 2452 871 2480 Solesm.
890 2452 1008 2486 11365).
1095 2453 1138 2480 89.
1152 2453 1187 2479 90
1212 2454 1291 2486 Apoc.
1311 2453 1352 2485 17,
1367 2454 1380 2478 l
1406 2451 1557 2479 meretricis
1579 2460 1712 2486 magnae,
1737 2460 1810 2486 quae
1827 2451 1908 2478 sedet

255 2512 337 2538 super
358 2513 446 2538 aquas
464 2505 576 2532 multas,
612 2505 629 2532 4
648 2525 670 2532 ..
691 2504 791 2531 mulier
809 2506 870 2531 erat
889 2525 912 2531 ..
932 2504 1063 2531 inaurata
1086 2513 1163 2531 auro.
1234 2505 1265 2531 91
1287 2504 1398 2536 Ioh.13.
1410 2505 1446 2531 25
1469 2513 1531 2531 cum
1556 2504 1729 2531 recubuisset
1749 2503 1800 2530 ille
1822 2511 1907 2538 supra

255 2558 351 2590 pectus
370 2557 440 2583 Iesu.
529 2558 563 2584 93
587 2557 660 2585 Psaz.
679 2558 721 2590 45,
735 2559 752 2585 5
774 2558 896 2584 fluminis
922 2557 1043 2592 impetus
1066 2557 1202 2584 laetificat
1226 2557 1380 2584 civitatem.
1467 2557 1571 2583 94-98
1592 2556 1648 2582 1⁰11.
1668 2557 1693 2587 9,
1707 2557 1720 2583 1
1740 2556 1816 2583 Iesus
1833 2555 1908 2583 vidit

256 2608 394 2634 hominem
415 2617 526 2636 caecum
546 2618 563 2635 a
581 2610 745 2636 nativitate.
782 2610 797 2636 7
817 2611 846 2636 et
864 2609 938 2636 dixit
957 2609 1002 2637 ei:
1015 2609 1103 2641 ‘vada
1121 2610 1186 2636 lava
1203 2610 1233 2636 in
1251 2609 1394 2636 natatoria
1412 2608 1531 2643 (piscina
1549 2608 1625 2635 Siloa
1642 2607 1800 2635 inser-um
1818 2606 1904 2635 M.

255 2661 325 2687 Ditt.
338 2662 382 2694 33)
400 2661 482 2688 Siloe'
502 2663 587 2696 (quod
608 2663 813 2698 interpretatur
825 2662 947 2697 missus).
974 2662 1047 2689 abiit
1065 2670 1132 2696 ergo
1149 2663 1178 2688 et
1195 2662 1266 2689 lavit
1285 2663 1313 2688 et
1326 2662 1405 2688 venit
1417 2660 1515 2687 videns
1534 2681 1540 2686 .
1551 2681 1558 2687 .
1576 2661 1611 2687 15
1628 2660 1730 2686 iterum
1750 2659 1909 2694 interroga-

256 2712 326 2738 bant
352 2721 415 2738 eum
444 2713 598 2745 Pharisaei,
626 2715 765 2748 quomodo
788 2714 913 2742 vidisset.
948 2714 997 2741 ille
1022 2715 1118 2741 antem
1145 2714 1230 2740 dixit:
1259 2735 1282 2741 ..
1310 2713 1375 2740 ‘lavi
1399 2714 1429 2739 et
1451 2712 1541 2739 video'
1571 2733 1594 2740 ..
1620 2713 1656 2739 34
1679 2712 1822 2738 eiecerunt
1845 2719 1908 2738 eum

256 2764 328 2790 foras
344 2785 367 2791 ..
385 2765 419 2791 38
430 2766 460 2791 at
478 2765 526 2791 ille
544 2766 596 2792 ait:
616 2766 715 2798 ‘credo‚
734 2767 864 2793 domine‘.
895 2768 924 2793 et
941 2766 1088 2800 procidens
1101 2765 1230 2792 adoravit
1242 2774 1313 2792 eum.
1385 2765 1504 2791 99—103
1521 2764 1710 2798 interpretatio
1722 2762 1909 2797 praecedent-'0

255 2817 381 2842 miraculi
397 2820 502 2850 sumpta
520 2825 551 2844 ex
570 2817 672 2844 Sedulii
691 2818 779 2845 Garm.
796 2819 885 2852 pasch.
905 2818 952 2844 IV
960 2817 1108 2845 251—2'1'0.
1858 2855 1882 2878 θ

1872 2875 1881 2887 ι
