2040 2996
739 108 788 135 AD
806 109 980 137 CAROLUM
1000 110 1158 139 CALVUM.

412 199 436 218 2⁵
490 194 691 235 Magnanimi
715 194 830 227 Karoli
854 196 1020 238 specimen
1044 198 1218 240 vultusque
1243 205 1404 234 coruscat:

322 538 383 570 DE
407 539 625 583 ADVENTU
649 540 842 573 DUORUM
865 541 1026 574 REGUM
1049 543 1280 576 LUDEWICI
1303 545 1360 577 ΕΤ
1384 546 1566 580 KAROLI.

417 813 428 830 5

405 1074 427 1093 io

405 1334 427 1352 15

365 2117 370 2122 ·
395 2108 421 2128 δυ

536 245 669 287 Aspice,
693 257 789 288 quam
812 248 871 278 flos
895 251 946 280 est
967 249 1029 280 iste
1053 260 1155 281 novus
1178 250 1302 283 Karoli.

492 297 634 329 Vincere
658 298 724 330 tale
748 298 847 331 decus
870 310 931 331 nec
955 300 1023 332 lilia
1046 312 1107 333 nec
1131 312 1206 334 rosa
1229 308 1359 336 norunt:

538 349 714 392 Angelicos
738 351 847 383 vultus
872 351 960 384 sidus
984 352 1046 385 hoc
1069 354 1250 388 assimulat.

920 487 973 510 XV.

485 595 550 632 Hic
573 601 696 642 gemini
719 602 853 634 rutilant
874 602 992 634 Libani
1016 604 1057 636 de
1081 605 1204 636 vertice
1228 605 1360 637 fratres:

534 652 664 685 Aureus
687 656 723 685 ut
745 653 896 694 Rau-olus,
920 655 966 686 sic
989 655 1183 688 Ludewicus
1207 656 1308 689 adest.

486 703 588 736 Arma
610 705 727 747 quihus
751 706 829 738 iusti
852 706 969 739 dextra
990 707 1150 750 laevaque
1175 713 1356 749 coruscant,

532 755 656 788 Hostes
678 757 840 790 ecclesiae
863 758 935 800 quis
959 758 1115 791 domuere
1138 763 1258 792 truces.

482 807 558 840 Rex
581 811 692 841 aetate
716 809 814 852 prior,
839 810 962 842 boreali
986 811 1116 844 climate
1140 815 1274 844 cunctos

527 859 630 892 Arces
653 860 852 901 barbaricos,
876 861 943 894 dux
966 862 1149 903 benedicte,
1173 864 1274 902 viros;

483 911 632 945 Dextera
655 914 704 945 sic
726 912 848 946 domini
871 913 1028 946 Karolum
1052 915 1139 947 levat
1161 915 1274 947 inclita
1297 915 1418 948 Christi

529 963 692 1006 Partaque
715 964 857 997 dextrali
881 966 970 998 clara
993 965 1133 1008 trophea
1155 966 1267 998 refert:

482 1015 589 1048 Ambo
611 1020 764 1058 rectores,
787 1018 883 1050 ambo
906 1021 983 1050 sunt
1005 1018 1140 1050 fulmina
1163 1019 1253 1058 belli,

533 1069 616 1101 Sunt
638 1070 789 1112 geminae
813 1070 941 1109 stellae,
965 1073 1041 1102 sunt
1063 1069 1164 1103 decus
1188 1071 1358 1103 ecclesiae.

482 1119 566 1152 Nam
590 1120 672 1153 deus
695 1122 899 1155 omnicreans
922 1122 1059 1154 ducibus
1082 1122 1133 1154 his
1161 1126 1269 1154 rector
1290 1122 1385 1155 Iesus

530 1171 658 1204 cornua
681 1173 770 1206 clara
793 1184 872 1206 suae
894 1174 1037 1216 protegit
1060 1174 1233 1213 ecclesiae,

483 1223 546 1255 His
568 1223 700 1267 Europa
722 1225 832 1265 micat,
855 1225 907 1258 his
930 1225 1053 1268 gaudet
1075 1226 1141 1257 filia
1165 1225 1253 1265 Sion,

526 1275 589 1307 His
612 1280 723 1309 manet
744 1277 884 1309 invictus
908 1277 1136 1310 Christicolum
1160 1278 1308 1320 populus,

481 1326 551 1359 Hos
574 1327 746 1360 benedixit
769 1329 856 1361 enim
880 1328 1004 1362 Caesar
1026 1330 1099 1372 pius
1123 1333 1221 1372 atque
1245 1329 1371 1369 beatus,

527 1378 599 1411 Hos
622 1379 817 1412 Ludewicus
841 1390 940 1412 ovans
963 1380 1056 1423 liquit
1079 1381 1111 1412 in
1134 1381 1211 1413 orbe
1236 1380 1343 1412 duces.

481 1430 637 1467 Quamvis
659 1432 831 1474 perplures
854 1433 1036 1464 micuerunt
1059 1435 1230 1465 stemmate
1254 1443 1360 1475 reges.

525 1482 595 1515 Nec
618 1485 685 1515 tam
709 1484 896 1527 praeclaras
920 1494 1124 1527 progenuere
1147 1495 1257 1516 rosas:

479 1534 533 1566 Sic
556 1533 752 1567 Ludewicus
776 1536 862 1568 enim
886 1536 946 1567 sub
970 1536 1054 1568 caeli
1077 1535 1209 1568 cardine
1233 1536 1321 1567 solus

525 1585 597 1618 Hoc
620 1587 787 1629 geminum
811 1588 929 1619 meruit
952 1588 1071 1630 pignus
1094 1587 1216 1620 habere
1241 1598 1345 1620 suum.
1370 1606 1408 1610 —

478 1637 550 1670 Hos
574 1638 748 1671 comitetur
771 1657 810 1662 —
835 1650 931 1671 amen
955 1659 995 1663 —
1020 1640 1155 1671 victoria
1177 1650 1296 1682 pompa
1318 1639 1456 1682 trophea

523 1689 604 1730 Pax,
627 1689 746 1723 ardens
769 1691 883 1729 virtus,
911 1691 1107 1724 intemerata
1131 1691 1237 1728 salus;

477 1740 636 1782 Linguosi
658 1742 771 1785 populi
795 1742 913 1775 dextra
935 1743 1094 1785 laevaque
1119 1743 1214 1775 locati

523 1792 596 1825 Hos
619 1794 722 1836 primo
745 1794 893 1833 timeant,
916 1795 991 1826 hinc
1015 1797 1222 1833 venerentur,
1247 1797 1373 1831 ament3

476 1843 590 1876 Aures.
613 1845 724 1877 saecla.
746 1845 841 1877 novis
863 1849 1042 1878 contexant
1066 1845 1178 1877 ordine
1202 1846 1350 1888 sceptris,

523 1895 708 1939 Disponant
729 1896 866 1929 Francis
890 1908 1046 1940 prospers.
1069 1908 1171 1940 regna
1194 1898 1278 1935 suis;

477 1947 633 1990 Quasque
658 1951 775 1991 regunt
797 1952 888 1986 nutu,
913 1949 1118 1981 dominentur
1141 1952 1276 1992 perpete
1301 1954 1429 1992 sceptro

523 1998 648 2032 Gentes
671 2000 871 2043 multiplices
895 2001 1093 2043 propitiante
1116 2000 1190 2033 deo.

479 2050 603 2083 Unicus
627 2050 677 2083 his
700 2062 791 2084 amor
813 2055 864 2083 est
886 2052 966 2084 felix
991 2053 1162 2084 concordia
1187 2053 1290 2096 pacis:

523 2102 693 2144 Augustos
716 2103 864 2145 geminos
887 2107 1033 2146 protege,
1058 2103 1198 2144 Christe,
1221 2105 1317 2137 viros.

901 2238 964 2259 XVl.

475 2289 640 2333 Vulfengo
662 2291 792 2323 domino
813 2291 980 2324 duodenas
999 2286 1079 2334 'opto
1103 2292 1240 2324 salutes:

520 2342 605 2374 Nam
627 2343 745 2375 chorus
769 2343 830 2375 hoc
854 2354 988 2376 numero
1011 2343 1132 2386 gaudet
1156 2345 1365 2386 apostolicus.

214 2468 277 2502 [xv]
295 2469 335 2495 ed.
353 2469 502 2496 Duevaer
520 2471 621 2498 &elidii
639 2473 757 2498 cao-mina
772 2482 799 2506 p.
815 2473 846 2498 12
927 2472 944 2499 3
961 2472 1052 2498 *iustis
1067 2473 1101 2502 G}
1119 2474 1168 2506 cfr.
1180 2481 1261 2506 supra
1275 2473 1365 2499 Sedul.
1378 2473 1398 2498 I
1411 2478 1493 2498 XVII!
1504 2474 1538 2500 36

108 2511 242 2543 nau-pero

212 2646 276 2682 [ιιι]
289 2647 442 2676 ‘Dummler
452 2650 616 2684 commitam
623 2653 705 2685 putat
715 2651 780 2678 dum
791 2659 859 2685 reyes
872 2652 946 2686 apud
959 2652 1101 2685 Marsuam
1113 2652 1273 2678 conveniunt
1284 2652 1334 2679 847
1343 2655 1393 2679 aut
1401 2653 1459 2680 851.

108 2698 159 2725 aut
179 2698 318 2733 geminos,
340 2700 396 2728 duo
419 2701 538 2729 fulmine
559 2702 638 2734 beni,
658 2703 835 2738 [Scipiadas.

1715 120 1773 151 183

1619 2474 1636 2500 4
1647 2475 1757 2508 iensque

325 2511 357 2538 17
380 2512 442 2547 *per
459 2514 546 2547 plures
560 2515 582 2540 C
671 2515 704 2540 ‘27
723 2514 862 2549 *Quosque
876 2517 898 2542 0
986 2515 1020 2541 ‘28
1040 2517 1197 2549 propiciante
1215 2525 1313 2549 semper
1327 2517 1350 2542 Ο
1393 2521 1454 2549 post
1471 2516 1506 2543 30
1524 2518 1592 2543 viros
1609 2522 1637 2543 ιιι
1653 2527 1757 2544 carmen

108 2553 141 2578 ab
158 2554 298 2587 inaequenh'
315 2555 454 2589 distinqual
471 2557 540 2590 quod
556 2558 629 2584 analo
647 2563 717 2584 caret
734 2559 791 2584 fluit
805 2559 827 2584 G
945 2557 1016 2591 [xvi-J
1035 2559 1074 2584 cd.
1094 2559 1242 2584 Duemmler
1260 2560 1277 2584 l.
1296 2568 1316 2585 c.
1331 2568 1360 2592 p.
1381 2559 1413 2585 12
1430 2569 1466 2592 sq.

108 2748 260 2778 Dama-«ter
279 2751 366 2779 Sedul.
384 2761 463 2780 carm.
480 2762 507 2789 p.
528 2754 539 2780 1
559 2753 623 2781 adn.
641 2755 665 2781 8.

1542 2655 1559 2681 9
1572 2655 1636 2681 Aen.
1649 2655 1694 2688 VI,
1704 2655 1756 2682 842

967 2703 1039 2739 [xvi.]
1070 2703 1209 2738 Vulfinqus
1231 2703 1412 2732 ministerialis
1435 2707 1492 2732 erat
1514 2705 1645 2733 Hlothari
1666 2706 1689 2732 Ι.
1707 2706 1755 2739 dr.
