2060 3074
484 470 522 488 225

484 728 523 747 ²³⁰

485 986 524 1005 2³5

487 1245 526 1264 240

489 1506 527 1525 2⁴5

488 1764 527 1783 25⁰

491 2283 530 2302 ²6⁰

494 2541 532 2561 ²⁶⁵

998 178 1007 191 n

754 215 865 242 VITAE
884 215 910 242 S.
929 215 1097 242 GERMANI
1116 215 1223 242 LIBER
1238 215 1283 242 VI.
1782 216 1843 246 507

560 301 630 333 Nec
653 302 742 344 prius
767 303 904 334 antistes
929 306 1018 334 artus
1042 313 1060 334 e
1085 303 1219 345 pulvere
1243 302 1328 333 tollit

560 353 748 386 Comminus
772 354 921 394 adnixus,
946 354 1048 387 donec
1073 355 1240 397 consurgit
1263 358 1400 397 uterque

560 405 603 437 Et
625 416 707 448 puer
730 410 763 438 et
785 407 930 449 praesul:
956 407 1008 438 hic
1034 407 1133 445 loeto,
1156 407 1286 438 fletibus
1311 407 1378 438 ille.

560 456 744 489 Germanus
768 458 919 490 iuvenem
945 469 1044 491 saevo
1068 459 1109 490 de
1132 459 1247 490 funere
1273 461 1399 500 raptum

560 509 678 551 Erigit,
702 513 847 541 erectum
872 510 976 542 turbis
998 509 1231 552 plaudentibus
1255 510 1362 542 infert.

562 561 714 592 Procedit
737 561 778 592 de
800 565 906 593 morte
930 572 1033 593 novus
1057 562 1200 604 flatuque
1225 562 1359 594 reducto

558 612 716 655 Respirat
738 613 860 645 residet
883 614 1050 646 refovetur
1073 613 1207 656 respicit
1230 614 1340 645 horret

563 663 672 706 Seque
697 667 808 707 stupet
831 675 1006 708 superesse
1030 665 1112 697 sibi:
1135 675 1211 696 mox
1234 665 1358 696 viribus
1382 666 1463 696 actis

562 715 652 748 Exiit
676 716 708 748 in
733 716 874 748 solidum
897 717 1014 748 conixo
1038 720 1170 759 pectore
1194 717 1300 748 robur.

559 768 664 799 Laeta
686 769 734 800 rei
757 768 858 800 facies
883 769 989 800 luctus
1012 769 1110 801 elusit
1132 769 1269 800 acerbos

561 819 604 851 Et
627 823 784 862 percepta
805 819 893 852 diem
917 820 1147 863 pepe(re>runt
1170 820 1290 862 gaudia
1312 821 1443 854 festum.

561 871 709 903 Vocibus
733 872 827 903 elatis
851 872 1010 914 contingit
1033 872 1141 904 sidera
1166 873 1267 904 virtus

561 921 770 964 Magnificata
793 922 861 954 dei:
887 923 933 955 sic
956 926 1002 961 tu,
1027 923 1084 962 sic,
1110 922 1251 962 Christe,
1275 923 1384 955 futuro

561 973 638 1006 Mox
661 978 768 1007 tecum
792 974 912 1006 famulo
937 975 1083 1007 cumulas
1107 975 1282 1018 praeconia
1305 975 1451 1007 laudum.

563 1025 677 1058 Gloria
699 1037 826 1058 summa
849 1026 920 1065 tibi,
943 1027 1056 1058 mortis
1079 1027 1134 1069 qui
1158 1027 1262 1058 victor
1285 1027 1426 1058 acerbae

562 1077 728 1121 Praecipis
753 1078 867 1110 electis
891 1078 1104 1110 succumbere
1127 1078 1265 1110 Tartara
1289 1079 1403 1110 servis.

604 1129 738 1172 Regalis
762 1130 914 1173 princeps
938 1130 999 1162 hac
1022 1133 1219 1172 tempestate
1243 1130 1361 1162 cubilis
1596 1139 1845 1171 lftAccoliiynwrmn

562 1180 604 1212 Et
627 1185 773 1214 servator
796 1192 893 1225 opum
917 1182 1109 1225 perhibetur
1130 1182 1212 1214 forte
1236 1182 1337 1214 fuisse
1588 1182 1710 1206 daemone
1719 1183 1845 1215 mmor&-

562 1233 716 1266 Accolius
741 1235 829 1266 claro
853 1234 998 1266 famosus
1022 1234 1152 1266 nomine
1176 1233 1291 1276 spado.

562 1285 690 1318 Nobilis
714 1286 766 1318 hic
788 1286 929 1329 dampno
952 1290 1020 1318 tum
1045 1286 1259 1329 torquebatur
1281 1286 1404 1318 alumni

564 1338 632 1370 Iam
656 1339 792 1377 iuvenis,
816 1339 881 1370 iam
903 1349 968 1381 qua
991 1339 1095 1371 velles
1119 1349 1162 1371 ex
1185 1342 1256 1371 arte
1279 1338 1387 1381 periti.

564 1389 728 1434 Repserat
752 1391 786 1422 in
809 1391 964 1423 miserum
987 1390 1094 1423 rabies
1118 1390 1281 1423 horrenda
1304 1390 1422 1422 furoris

562 1442 739 1475 Daemonis
763 1442 886 1481 afflatu,
908 1442 1039 1484 propria
1061 1442 1115 1484 qui
1138 1445 1232 1484 peste
1254 1442 1391 1474 nocivus

564 1493 681 1525 Allidit
703 1497 816 1537 captas
839 1493 935 1526 foedo
958 1493 1147 1526 discrimine
1170 1497 1308 1531 mentes,

562 1545 730 1578 Menstrua
752 1545 908 1578 deciduos
931 1556 1004 1578 cum
1028 1545 1122 1577 Luna
1145 1546 1304 1588 recolligit
1328 1546 1433 1587 ignes.

565 1596 714 1639 Reginae
737 1597 890 1640 precibus
914 1597 1098 1629 miserantis
1122 1597 1202 1632 talia
1225 1601 1340 1629 sancto

566 1647 710 1680 Offertur
731 1648 830 1691 longa
853 1648 986 1681 tandem
1010 1648 1051 1680 de
1075 1647 1168 1681 clade
1192 1648 1340 1691 piandus.

563 1700 708 1743 Suscipit
731 1704 828 1744 atque
853 1700 905 1733 die
930 1700 1134 1743 purgandum
1158 1700 1286 1732 distulit
1308 1701 1376 1737 illo,

563 1751 646 1784 Cum
669 1756 780 1785 tamen
805 1753 954 1785 inmanes
976 1753 1158 1795 praemisso
1181 1752 1303 1784 famine
1326 1755 1451 1784 tantum

559 1803 710 1837 -Trudere
732 1815 803 1837 mos
826 1807 913 1836 esset
934 1814 1095 1847 quoquam
1119 1803 1160 1836 de
1184 1814 1320 1847 corpore
1343 1807 1465 1846 pestes.

563 1855 711 1899 Namque
734 1855 817 1889 adeo
840 1855 996 1889 miserum
1024 1866 1142 1888 caecus
1167 1859 1399 1898 penetraverat
1421 1855 1525 1886 hostis

563 1906 745 1951 Intimaque
769 1911 803 1940 et
825 1907 940 1940 fluidas
963 1907 1155 1950 persederat
1177 1917 1281 1950 usque
1305 1907 1477 1946 medullas,

566 1959 616 1992 Ac
639 1960 667 1992 si
689 1964 780 1993 certa
803 1961 918 1993 domus
940 1970 999 1992 seu
1021 1970 1080 1992 vas
1104 1959 1248 2003 speciale
1272 1959 1424 2001 malignis

506 2023 529 2042 'a
564 2011 688 2044 Usibus
711 2011 876 2045 addictum
900 2013 1031 2055 captiva
1053 2015 1141 2044 sorte
1167 2012 1292 2044 fuisset.

566 2063 663 2096 Hune
687 2068 792 2107 pater,
816 2065 901 2096 hunc
923 2075 1032 2096 secum
1056 2064 1116 2096 sub
1140 2066 1270 2096 noctem
1295 2063 1447 2095 claudere
1471 2063 1580 2094 iussit:

565 2115 643 2148 Mox
666 2117 758 2158 quasi
781 2116 951 2148 tormentis
975 2116 1114 2148 daemon
1137 2115 1324 2158 compulsus
1347 2115 1466 2147 amaris

567 2166 757 2210 Prorumpit
781 2168 887 2200 caecis
911 2167 1003 2199 verbi
1026 2167 1146 2199 virtute
1169 2167 1303 2199 latebris

567 2218 674 2261 Seque
698 2219 860 2251 infelicem
883 2219 1003 2251 teneris
1027 2219 1174 2261 rapuisse
1197 2218 1258 2250 sub
1281 2218 1376 2250 annis

567 2269 709 2303 Iudicat<
734 2281 809 2303 esse
833 2271 893 2310 sui,
917 2271 1047 2313 placeat
1070 2270 1097 2302 si
1121 2269 1249 2308 cedere,
1273 2269 1363 2306 iuris,

566 2321 661 2359 Quod
684 2323 746 2354 sibi
770 2325 936 2355 constaret
959 2322 1059 2354 tantis
1083 2322 1225 2354 servisse
1248 2320 1373 2353 diebus.

568 2373 640 2406 Non
663 2375 737 2406 tulit
758 2375 823 2407 ista
845 2378 948 2417 pater,
972 2374 1084 2417 procul
1107 2378 1141 2406 at
1163 2373 1332 2405 discedere
1356 2372 1450 2404 iussit

569 2425 638 2458 Nec
661 2429 736 2469 post
758 2425 857 2458 divini
881 2426 1047 2468 specimen
1071 2428 1231 2468 temptare
1255 2423 1392 2456 decoris.

568 2477 693 2520 Effugit
715 2481 748 2510 et
770 2481 887 2510 tenues
911 2477 1046 2510 exhalat
1068 2477 1182 2520 pulsus
1206 2477 1238 2508 in
1262 2486 1371 2510 auras:

569 2529 734 2572 Purgatus
758 2530 886 2562 iuvenis
910 2529 1078 2571 plaudenti
1102 2528 1248 2560 redditur
1270 2527 1376 2559 aulae.

308 2623 414 2649 Scholia
434 2637 464 2642 —
483 2623 534 2649 228
548 2623 640 2657 horret]
654 2628 740 2657 stupet
821 2623 872 2649 230
887 2622 989 2656 conixo]
1004 2625 1076 2648 firmo
1123 2622 1211 2655 robur]
1225 2623 1346 2648 fortitudo
1427 2621 1478 2647 ‘232
1496 2620 1685 2655 pepe(1·e)runt]
1699 2628 1850 2648 creaverunt

307 2699 359 2726 ⁶226
378 2701 558 2735 plaudentibus
567 2710 580 2726 ε
589 2702 630 2727 eil.
640 2699 673 2734 P]
683 2701 856 2734 gaudentibus
867 2700 992 2725 Bacchius
1045 2700 1096 2726 229
1107 2701 1190 2726 auctis
1200 2700 1324 2725 Baraeliinu
1375 2698 1427 2724 232
1437 2700 1512 2731 pepci·
1523 2698 1547 2723 P
1597 2698 1633 2722 ad
1645 2697 1695 2723 238
1706 2699 1818 2724 Acon!
1831 2699 1854 2725 Ρ

206 2741 259 2769 240
275 2743 381 2770 Aeolius
399 2753 466 2770 corr.
485 2744 511 2769 P

610 2743 664 2769 260
682 2742 753 2776 iuria]
773 2744 808 2769 ris
826 2745 854 2768 ι’τι
873 2745 889 2769 l.
909 2753 932 2769 r.
951 2743 976 2768 P

308 2820 359 2847 246
386 2820 432 2846 Ge.
451 2819 528 2846 1353
552 2821 694 2847 menstrua
714 2819 794 2850 luna;
818 2820 868 2846 427
888 2819 966 2846 Luna
989 2820 1159 2845 revertentes
1179 2827 1240 2844 cum
1260 2818 1378 2852 primum
1398 2817 1506 2851 colligit
1525 2817 1610 2851 ignes.
1717 2819 1766 2844 254
1793 2818 1849 2851 (s's'r.

207 2868 274 2896 Aen.
296 2870 335 2896 1⁷1
341 2871 399 2897 678.

1591 2912 1645 2938 64*
