2060 3074
138 709 163 729 10

138 969 163 988 15

141 1483 166 1504 25

639 156 647 163 ·
685 144 796 171 VITAE
816 145 842 172 S.
861 145 1029 173 GERMANI
1049 146 1326 174 COMMENDATIO.
1770 149 1832 179 429

189 235 252 271 est,
277 232 460 264 sententiae
483 231 619 263 veritate
650 242 816 274 repungor
846 232 986 265 ‘felicem
1015 233 1085 265 fore
1117 234 1364 276 rempublicam,
1397 235 1423 265 si
1454 234 1503 265 vel
1527 234 1833 276 philosopharentur

188 294 284 326 reges
300 284 351 315 vel
366 283 551 326 philosophi
566 283 762 324 regnarent?
796 284 992 326 Quanquam
1010 296 1074 316 non
1091 286 1231 317 insciens
1250 286 1309 317 sim
1334 297 1416 325 eam,
1442 296 1524 327 quae
1539 297 1624 317 nunc
1648 285 1832 328 respublica

188 335 319 373 dicitur,
349 345 452 377 usque
475 335 558 367 adeo
589 335 739 366 vitiorum
764 336 908 367 omnium
932 336 1080 378 proluvie
1110 338 1328 376 obsolevisse,
1357 341 1392 368 ut
1422 337 1462 368 de
1491 338 1560 369 eius
1590 338 1694 369 salute
1717 337 1832 369 merito

190 386 382 429 desperetur
404 397 424 418 a
446 386 608 429 pluribus,
633 386 718 428 quod
742 397 802 418 nec
826 387 946 419 virtute
971 388 1077 429 subigi
1102 399 1162 420 nec
1186 389 1347 431 sapientia
1370 389 1491 431 patitur
1514 389 1683 421 moderari.
1728 389 1833 420 Multa

190 441 265 470 sunt
287 441 416 470 vestrae
440 442 650 470 monumenta
673 439 882 477 clementiae,
910 439 1011 470 multa
1039 440 1176 471 simbola
1204 441 1353 482 pietatis:
1383 440 1463 472 illud
1493 441 1545 472 vel
1573 441 1714 472 maxime
1744 440 1832 471 vobis

189 493 355 522 aeternam
378 493 473 532 parat
495 490 695 530 memoriam,
721 490 806 532 quod
832 490 1039 522 famosissimi
1063 492 1114 522 avi
1133 493 1231 523 vestri
1247 492 1360 523 Karoli
1378 492 1519 524 studium
1543 503 1621 534 erga
1644 492 1833 524 inmortales

189 540 377 584 disciplinas
399 552 464 574 non
488 541 584 573 modo
609 553 651 574 ex
668 552 772 584 aequo
790 543 1055 584 repraesentatis,
1080 553 1191 574 verum
1209 544 1305 575 etiam
1323 544 1567 586 incomparabili
1582 544 1710 576 fervore
1727 547 1832 575 trans-

134 636 137 639 .
189 593 354 632 scenditis,
371 593 446 625 dum
460 593 547 636 quod
565 593 620 625 ille
639 594 755 636 sopitis
774 593 888 625 eduxit
904 594 1079 631 cineribus,
1097 605 1154 626 vos
1172 595 1315 627 fomento
1332 596 1500 637 multiplici
1517 599 1584 627 tum
1601 596 1833 628 beneficiorum

188 649 255 677 tum
278 645 480 676 auctoritatis
508 655 742 688 usquequaque
771 645 968 688 provehitis,
995 646 1092 677 immo
1122 649 1172 685 (ut
1201 647 1392 678 sublimibus
1417 646 1567 678 sublimia
1591 647 1769 689 conferam)
1793 647 1834 678 ad

189 697 298 730 sidera
320 698 513 740 perurgetis.
550 697 601 729 Ita
624 702 733 729 vestra
760 701 958 740 tempestate
983 698 1113 739 ingenia
1137 698 1302 729 hominum
1320 698 1441 740 duplici
1458 699 1603 730 nituntur
1619 699 1834 738 amminiculo,

186 748 263 781 dum
286 748 326 780 ad
349 749 527 791 sapientiae
551 749 662 781 abdita
685 749 911 792 persequenda
942 760 1053 782 omnes
1077 750 1208 792 quidem
1234 750 1384 792 exemplo
1407 750 1547 790 allicitis,
1571 751 1727 793 quosdam
1752 761 1828 782 vero

189 801 286 833 etiam
309 801 462 844 praemiis
486 801 640 833 invitatis.

292 851 367 884 Huc
389 852 517 885 accedit
540 852 619 884 illud
642 852 790 885 veritatis
816 853 1072 896 inexpugnabile
1102 857 1346 896 argumentum,
1376 864 1438 896 quo
1468 865 1502 886 se
1526 857 1635 885 vestra
1663 853 1834 895 singularis

189 903 363 947 prudentia
387 908 498 936 contra
522 908 726 946 emergentes
755 904 837 936 forte
863 905 1086 947 querimonias
1118 906 1355 948 circumspecta
1383 906 1462 937 satis
1493 906 1617 937 ratione
1641 908 1763 936 tuetur:
1793 915 1834 936 ne

191 956 279 988 enim
302 959 414 988 nostra
438 956 564 995 inertia,
589 966 672 998 quae
698 953 789 988 suam
819 959 935 998 sponte
961 957 1168 998 amplectitur
1185 957 1389 995 caecitatem,
1414 957 1520 988 velum
1537 956 1598 987 sibi
1616 956 1836 988 excusationis

189 1007 231 1040 de
253 1008 435 1050 ignorantia
458 1007 637 1039 obduceret
661 1017 743 1039 neve
765 1007 805 1039 de
823 1012 1069 1050 praeceptorum
1088 1009 1197 1050 inopia
1213 1009 1327 1040 merito
1345 1012 1544 1046 causaretur,
1567 1007 1599 1039 id
1616 1008 1706 1039 vobis
1723 1007 1834 1049 singu—

189 1060 256 1092 lare
281 1059 422 1092 studium
449 1059 614 1097 effecistis,
638 1063 674 1091 ut
697 1059 799 1091 sicubi
815 1062 975 1092 terrarum
991 1061 1135 1102 magistri
1153 1061 1305 1092 florerent
1322 1062 1449 1097 artium,
1473 1070 1606 1102 quarum
1624 1059 1834 1102 principalem

189 1122 322 1154 operam
346 1111 553 1154 philosophia
575 1111 757 1153 pollicetur,
782 1111 839 1142 hos
855 1111 895 1142 ad
910 1111 1074 1154 publicam
1091 1111 1304 1144 eruditionem
1322 1112 1536 1153 undecunque
1553 1114 1661 1143 vestra
1677 1110 1835 1142 celsitudo

190 1163 396 1201 conduceret,
421 1163 556 1195 comitas
581 1163 772 1198 attraheret,
797 1162 968 1205 dapsilitas
987 1168 1190 1206 provocaret.
1229 1164 1336 1205 Luget
1353 1163 1413 1194 hoc
1431 1163 1570 1195 Graecia
1586 1163 1678 1194 novis
1695 1161 1835 1193 invidiae

191 1216 313 1247 aculeis
336 1215 502 1247 lacessita:
528 1225 622 1256 quam
645 1215 694 1246 sui
712 1214 875 1257 quondam
894 1215 1018 1246 incolae
1038 1215 1225 1247 iamdudum
1244 1226 1316 1247 cum
1334 1215 1464 1247 Asianis
1481 1215 1596 1257 opibus
1613 1216 1836 1256 aspernantur,

190 1271 300 1300 vestra
322 1267 430 1310 potius
454 1266 721 1308 magnanimitate
748 1266 917 1300 delectati,
941 1267 1057 1298 studiis
1082 1267 1200 1305 allecti,
1226 1267 1421 1298 liberalitate
1443 1266 1569 1302 confisi;
1598 1265 1685 1297 dolet
1707 1265 1837 1306 inquam

191 1329 227 1350 se
250 1318 324 1350 olim
350 1318 559 1360 singulariter
580 1318 762 1350 mirabilem
798 1328 835 1349 ac
863 1318 1056 1350 mirabiliter
1084 1319 1281 1360 singularem
1307 1330 1325 1350 a
1355 1319 1422 1350 suis
1455 1317 1602 1350 destitui:
1631 1316 1720 1348 dolet
1748 1318 1836 1347 certe

191 1380 250 1402 sua
272 1370 329 1402 illa
351 1369 521 1413 privilegia
544 1369 645 1411 (quod
679 1380 854 1412 numquam
887 1369 1046 1401 hactenus
1071 1371 1175 1402 verita
1199 1371 1262 1411 est)
1291 1370 1331 1401 ad
1361 1370 1491 1401 climata
1520 1372 1630 1400 nostra
1657 1367 1836 1399 transferri.

191 1421 276 1458 Quid
310 1421 503 1454 Hiberniam
540 1430 715 1453 memorem
757 1425 944 1464 contempto
978 1422 1087 1463 pelagi
1123 1421 1310 1453 discrimine
1348 1431 1453 1463 paene
1489 1423 1589 1452 totam
1624 1430 1695 1451 cum
1735 1428 1836 1461 grege

191 1473 458 1516 philosophorum
483 1473 524 1505 ad
548 1474 658 1506 littora
682 1477 792 1505 nostra
816 1474 1020 1515 migrantem.
1067 1473 1211 1510 Quorum
1237 1473 1382 1515 quisquis
1406 1473 1541 1515 peritior
1564 1475 1631 1509 est,
1661 1471 1746 1502 ultro
1776 1470 1836 1501 sibi

189 1524 302 1557 indicit
325 1525 468 1562 exilium,
491 1528 528 1556 ut
551 1525 716 1557 Salomoni
740 1525 978 1567 sapientissimo
1002 1525 1178 1557 famuletur
1199 1525 1240 1557 ad
1264 1529 1385 1558 votum.

292 1576 424 1619 Itaque,
461 1575 584 1609 Caesar
611 1577 839 1614 invictissime,
868 1587 974 1619 paene
1004 1581 1068 1613 cst,
1100 1581 1136 1609 ut
1165 1578 1335 1609 universus
1366 1577 1454 1608 orbis
1482 1587 1582 1608 novas
1611 1577 1644 1607 in
1672 1578 1704 1607 te
1734 1577 1837 1606 struat

191 1629 439 1668 controversias,
464 1628 555 1660 novis
577 1628 750 1661 adversum
775 1632 806 1660 te
830 1626 1335 1660 declamationibusinvehatur:
1361 1629 1415 1671 qui
1433 1628 1508 1660 dum
1525 1631 1556 1660 te
1581 1631 1718 1669 tuosque
1743 1636 1837 1657 orna-

194 1680 311 1712 mentis
347 1680 527 1722 sapientiae
563 1680 728 1712 illustrare
765 1680 949 1713 contendis,
989 1685 1178 1712 cunctarum
1219 1682 1287 1712 fere
1324 1681 1468 1722 gentium
1513 1679 1618 1711 scolas
1657 1682 1690 1710 et
1731 1677 1838 1709 studia

192 1732 369 1768 sustulisti;
393 1732 532 1764 sublatis
557 1732 642 1764 enim
664 1732 933 1775 praeceptoribus
950 1733 1075 1764 confine
1093 1737 1125 1764 et
1150 1743 1352 1775 consequens
1370 1736 1419 1764 est
1438 1732 1533 1763 facile
1550 1731 1691 1762 omnium
1707 1730 1838 1772 ingenia

193 1783 260 1815 otio
283 1783 486 1825 congelasse.
524 1783 576 1815 Ita
598 1794 738 1826 namque
759 1784 878 1826 spretis
896 1785 1013 1816 ceteris
1031 1785 1062 1816 in
1080 1795 1150 1816 eam
1172 1784 1282 1816 mundi
1299 1787 1435 1826 partem,
1459 1793 1555 1825 quam
1573 1785 1677 1814 vestra
1692 1783 1838 1823 potestas

193 1834 433 1878 complectitur,
461 1834 613 1866 universa
641 1835 834 1877 optimarum
866 1836 981 1867 artium
1012 1836 1118 1867 studia
1148 1836 1390 1874 confluxerunt,
1426 1838 1462 1866 ut
1490 1834 1663 1866 verisimile
1699 1832 1837 1864 habeam

192 1885 379 1918 iamdudum
403 1896 458 1918 eas
482 1886 645 1918 humanae
667 1897 802 1929 perosas
826 1887 964 1919 inci-tiae
989 1888 1084 1918 terris
1108 1888 1259 1930 paenitus
1283 1887 1487 1919 excessisse.
1517 1886 1576 1917 nisi
1604 1888 1731 1917 vestrae
1754 1884 1837 1915 inte-

193 1937 323 1980 gritatis
351 1937 564 1980 amplitudine
595 1941 801 1970 tenerentur:
837 1939 869 1970 in
899 1949 962 1981 qua
992 1939 1090 1971 ctiam
1127 1939 1257 1970 unicum
1293 1949 1372 1970 suae
1404 1938 1614 1981 professionis
1643 1937 1770 1968 culmen
1800 1946 1838 1966 ac

195 1989 358 2032 fastigium
375 1991 424 2027 (ut
440 1989 548 2032 palam
567 1989 702 2031 eminet)
724 1989 917 2022 mirabiliter
940 1990 1148 2023 collocarunt.
1186 1990 1271 2022 Hinc
1290 1994 1350 2026 cst,
1374 1990 1470 2032 quod,
1494 1999 1566 2021 cum
1583 1989 1624 2020 sit
1646 1987 1839 2030 perantiqua

195 2041 358 2074 sententia
381 2041 489 2073 ‘silent
513 2041 604 2083 leges
634 2041 720 2073 inter
748 2040 859 2077 arma’,
888 2042 968 2073 haec
996 2046 1106 2074 tamen
1137 2046 1202 2073 tam
1233 2042 1309 2074 belli
1339 2052 1434 2084 quam
1461 2042 1549 2084 pacis
1580 2044 1726 2082 tempore
1752 2038 1838 2081 apud

194 2102 251 2124 vos
274 2092 446 2135 plurimum
471 2103 602 2134 semper
627 2092 775 2124 obtinent
799 2093 984 2135 dignitatis:
1011 2094 1065 2131 ita,
1090 2098 1124 2125 ut
1140 2094 1254 2125 merito
1274 2094 1432 2125 vocitetur
1448 2093 1536 2124 scola
1559 2091 1725 2134 palatium,
1749 2091 1840 2122 cuius

195 2153 281 2186 apex
302 2154 366 2175 non
390 2144 498 2176 minus
523 2144 702 2176 scolaribus
734 2155 829 2187 quam
859 2146 1051 2177 militaribus
1083 2146 1265 2177 consuescit
1297 2145 1415 2177 cotidie
1444 2144 1634 2186 disciplinis.
1680 2141 1839 2184 Quicquid

195 2194 295 2237 igitur
317 2195 447 2228 litterae
470 2199 618 2238 possunt,
643 2196 794 2238 quicquid
819 2200 1013 2228 assecuntur
1036 2197 1181 2238 ingenia,
1207 2196 1299 2228 vobis
1323 2197 1457 2229 debent:
1482 2195 1590 2231 vobis,
1616 2195 1760 2236 inquam,
1784 2194 1838 2236 qui

197 2249 294 2278 natus
316 2246 356 2278 ad
385 2246 547 2289 agendum
580 2257 709 2290 semper
737 2248 858 2290 aliquid
889 2248 1021 2289 dignum
1052 2249 1118 2279 viro
1151 2258 1222 2279 cum
1253 2248 1371 2279 virtute
1408 2247 1607 2290 praecellitis
1640 2250 1707 2277 tum
1742 2246 1839 2277 etiam

196 2299 358 2340 sapientia
382 2298 562 2340 refulgetis.

302 2445 314 2471 l
334 2454 463 2480 repungor
481 2446 565 2471 codice
582 2455 635 2472 non
653 2446 794 2479 significato
808 2446 910 2479 Βοιώ]
924 2454 1053 2479 repugnor
1066 2446 1091 2471 Ρ
1107 2451 1128 2471 rr
1144 2446 1300 2476 Quercetano
1319 2450 1376 2471 teste
1389 2445 1452 2477 (SS.
1467 2443 1572 2476 11470)
1590 2444 1646 2469 eod.
1659 2442 1840 2468 Laudmaemis

197 2487 214 2514 6
234 2489 394 2514 famatissimi
407 2489 498 2515 Boset«.
587 2489 620 2514 10
638 2490 777 2514 aminiculo
791 2489 815 2514 1³
831 2489 985 2514 adminiculo
998 2489 1091 2514 Boset.
1179 2488 1212 2514 24
1232 2498 1312 2522 poene
1324 2494 1347 2514 et
1359 2490 1394 2514 sic
1405 2490 1466 2521 sere
1485 2487 1559 2512 etiam
1578 2487 1695 2519 poenitus
1713 2493 1806 2519 poenes
1819 2485 1844 2509 P

198 2530 232 2557 25
250 2532 366 2564 quisqttis
384 2531 486 2565 Barda]
505 2533 592 2565 quisq;
612 2532 636 2556 P

302 2633 314 2658 l
336 2631 391 2659 luz.
411 2631 556 2666 Capitolia.
575 2632 618 2660 M.
636 2633 751 2659 Antonii
773 2633 815 2659 rit.
834 2636 867 2659 27
883 2632 1024 2659 sententia
1043 2631 1169 2658 Platonis
1188 2639 1295 2665 semper
1307 2631 1342 2657 -in
1361 2639 1407 2658 ore
1426 2630 1500 2657 illius
1519 2629 1572 2656 fuit
1590 2629 1686 2656 florere
1705 2627 1841 2659 civitates,

198 2683 223 2710 si
243 2685 293 2711 aut
311 2683 472 2719 philosophi
491 2684 662 2719 imperarent
681 2686 730 2711 aut
749 2684 918 2718 imperantes
938 2683 1213 2718 philosopharentur;
1233 2683 1283 2715 cfr.
1297 2682 1386 2708 Roeth.
1402 2682 1533 2708 Consolat.
1555 2683 1573 2707 I
1583 2685 1598 2707 4
1612 2687 1693 2714 pros,
1713 2678 1841 2706 Pmdem.

198 2737 292 2761 eontra
306 2735 404 2770 Symm.
423 2735 491 2769 130,
518 2735 670 2768 Walahfrid
690 2735 786 2762 Strabo
805 2744 884 2762 carm.
901 2735 1015 2762 XXIII
1027 2739 1074 2761 256
1091 2738 1150 2762 tom.
1171 2735 1267 2761 11378.
1355 2735 1389 2762 20
1408 2733 1518 2761 Asianis
1529 2733 1577 2766 cfr.
1593 2732 1745 2766 Hier-mmm.
1766 2731 1842 2758 1935

206 2786 272 2814 Van.
374 2788 409 2815 86
431 2787 521 2814 Cicero
533 2795 585 2821 pro
604 2787 664 2814 Mil.
684 2792 708 2821 4,
723 2792 753 2814 m
770 2787 854 2814 silent
873 2787 946 2814 enim
966 2787 1040 2821 leges
1058 2787 1131 2814 inter
1149 2795 1240 2818 arma‚·
1257 2787 1305 2819 cfr.
1327 2786 1482 2820 Hierowym.
1502 2785 1577 2811 1949
1596 2783 1661 2810 Van.
