2060 3074
225 171 285 200 474
881 168 1017 196 HEIRICI
1037 169 1212 195 CARMINA.

724 361 997 397 PRAEFATIO
1025 361 1153 397 LIBRI
1183 361 1366 405 QVARTI

585 428 868 460 ΤΕΊῬΑΚΟΛΩ
896 429 1230 469 ΤΕΤΡΛΣΤΡΟΦΩ
1252 428 1513 460 DESCRIPTA.

803 495 967 528 Scandere
992 497 1126 539 puppim

802 547 972 589 Transque
995 559 1106 580 meare
1131 549 1235 580 salum

804 599 942 631 coetum
966 599 1197 643 discipulorum

747 663 760 682 4
798 650 970 688 Quondam
994 651 1142 684 Christus
1166 653 1318 686 iusserat.

801 736 927 769 Cedere
951 739 1069 780 vulgus

801 789 836 820 In
862 799 920 820 sua
943 800 1105 833 quemque
1129 791 1235 825 iubet:

801 840 887 872 Hinc
911 841 1028 872 montis
1053 842 1140 873 subit
1163 842 1238 882 alta,

750 906 762 923 a
803 893 855 924 Sic
878 903 999 924 numen
1022 894 1123 936 patris
1146 894 1286 928 invocat.

800 979 903 1011 Nocte
928 990 1045 1022 sopora

802 1032 920 1063 Omnia
943 1034 1133 1074 torpuerant

805 1083 1027 1125 Suleabatque
1050 1084 1193 1116 minaces
1229 1102 1235 1106 -

735 1147 758 1167 12
797 1135 922 1177 Puppis
947 1135 1058 1166 cerula
1081 1136 1237 1178 gurgites,

799 1221 949 1253 Flamine
972 1221 1067 1253 laevo

799 1273 956 1316 Aequora
979 1273 1182 1311 ferbuerant3

801 1325 884 1368 Spes
909 1326 1084 1368 absumpta
1108 1326 1223 1358 salutis

735 1391 758 1409 ιε
796 1377 903 1409 Tanta
926 1377 1039 1409 mortis
1063 1377 1216 1419 imagine.

799 1464 945 1495 Aethera
968 1463 1096 1505 iamque

798 1516 930 1548 Lucifer
953 1516 1136 1558 impulerat,

800 1567 881 1600 Cum
906 1571 1055 1610 quartam
1081 1569 1252 1600 stationem

733 1632 759 1651 20
800 1620 931 1652 Pernox
955 1620 1048 1651 miles
1071 1620 1242 1652 inordinat.

799 1705 948 1737 Christus
972 1706 1076 1738 amico

798 1757 967 1789 Fluctibus
990 1758 1023 1789 in
1047 1758 1178 1800 liquidis

798 1809 878 1840 Fert
901 1810 1043 1852 vestigia
1066 1821 1182 1852 gressu

733 1873 758 1893 24
798 1861 907 1903 Seque
932 1861 1139 1894 horrentibus
1163 1855 1285 1894 intulitss

797 1948 875 1980 Mox
899 1952 1019 1981 tremor
1042 1952 1132 1981 artus

798 2001 946 2042 Occupat
970 2001 1132 2043 egelidos;

799 2051 931 2084 Clamor
954 2053 1072 2096 sydera
1095 2053 1217 2096 pulsat:

732 2115 756 2135 2ss
796 2104 915 2136 Terror
937 2107 1072 2146 pectora
1095 2104 1256 2137 verberat.

797 2190 859 2222 ‘En
883 2190 955 2232 ego'
981 2190 1129 2223 Christus

797 2242 843 2274 Ut
867 2253 959 2274 sacer
982 2243 1131 2282 intonuit,

799 2294 910 2326 Simon
935 2294 1052 2326 robore
1077 2298 1206 2338 sumpto

731 2358 756 2377 ³2
795 2346 889 2378 Haec
914 2346 947 2378 in
970 2346 1093 2378 famina
1116 2347 1254 2389 prosilit:

797 2432 843 2463 ‘Si
867 2435 923 2464 tua
947 2443 1023 2464 vere

795 2483 864 2515 Nos
888 2484 967 2516 adiit
990 2484 1106 2527 pietas,

795 2535 883 2567 Noto
906 2547 959 2568 me
983 2546 1112 2578 quoque
1135 2537 1226 2568 iussu

735 2599 759 2618 as
798 2586 920 2619 Tecum
943 2598 1079 2630 pergere
1102 2589 1263 2630 praecipe.

318 2699 424 2724 Scholia
449 2714 479 2717 —
507 2701 524 2725 l.
544 2709 565 2725 e.
585 2704 697 2732 quatuor
722 2702 796 2726 metri
820 2702 959 2734 generibus
983 2711 999 2727 a
1022 2705 1114 2734 quarto
1133 2701 1194 2734 (-—a
1212 2703 1246 2733 1²)
1270 2704 1339 2727 saeta
1363 2702 1539 2735 rephcationeq
1567 2703 1645 2729 habet
1668 2705 1734 2729 enim
1758 2706 1866 2738 primum

214 2750 315 2767 versum
336 2743 471 2775 Adoninm,
489 2744 631 2769 seeundum
649 2745 851 2778 Archilochium,
871 2746 976 2771 tertium
996 2746 1177 2778 Ferecratium,
1197 2749 1317 2780 quartum
1336 2746 1490 2779 Glyconium
1510 2746 1666 2780 (Gyeonium
1685 2757 1751 2775 corr.
1771 2748 1805 2781 P)

317 2828 351 2854 20
371 2830 419 2854 l'er
438 2838 496 2854 mox
516 2838 582 2854 corr.
601 2829 627 2855 P

2036 2746 2060 2835 Αἱ...
2051 2698 2060 2735 d„
