<?xml version="1.0" encoding="UTF-8"?>
<!DOCTYPE html PUBLIC "-//W3C//DTD XHTML 1.0 Transitional//EN"
    "http://www.w3.org/TR/xhtml1/DTD/xhtml1-transitional.dtd">
<html xmlns="http://www.w3.org/1999/xhtml" xml:lang="en" lang="en">
 <head>
  <title>
</title>
<meta http-equiv="Content-Type" content="text/html;charset=utf-8" />
  <meta name='ocr-system' content='tesseract 3.04.00' />
  <meta name='ocr-capabilities' content='ocr_page ocr_carea ocr_par ocr_line ocrx_word'/>
</head>
<body>
  <div class='ocr_page' id='page_1' title='image "./monumentagerma03geseuoft/monumentagerma03geseuoft_0509.png"; bbox 0 0 2060 3074; ppageno 0'>
   <div class='ocr_carea' id='block_1_1' title="bbox 0 1953 44 3074">
    <p class='ocr_par' dir='ltr' id='par_1_1' title="bbox 0 1953 44 3074">
     <span class='ocr_line' id='line_1_1' title="bbox 0 1953 44 3074; baseline 0 0"><span class='ocrx_word' id='word_1_1' title='bbox 0 1953 44 3074; x_wconf 95' lang='lat' dir='ltr'><strong> </strong></span> 
     </span>
    </p>
   </div>
   <div class='ocr_carea' id='block_1_2' title="bbox 465 249 503 268">
    <p class='ocr_par' dir='ltr' id='par_1_2' title="bbox 465 249 503 268">
     <span class='ocr_line' id='line_1_2' title="bbox 465 249 503 268; baseline 0 0"><span class='ocrx_word' id='word_1_2' title='bbox 465 249 503 268; x_wconf 80' lang='lat'><strong>15⁰</strong></span> 
     </span>
    </p>
   </div>
   <div class='ocr_carea' id='block_1_3' title="bbox 464 509 502 527">
    <p class='ocr_par' dir='ltr' id='par_1_3' title="bbox 464 509 502 527">
     <span class='ocr_line' id='line_1_3' title="bbox 464 509 502 527; baseline 0 0"><span class='ocrx_word' id='word_1_3' title='bbox 464 509 502 527; x_wconf 73' lang='lat'><strong>155</strong></span> 
     </span>
    </p>
   </div>
   <div class='ocr_carea' id='block_1_4' title="bbox 462 769 500 787">
    <p class='ocr_par' dir='ltr' id='par_1_4' title="bbox 462 769 500 787">
     <span class='ocr_line' id='line_1_4' title="bbox 462 769 500 787; baseline 0 0"><span class='ocrx_word' id='word_1_4' title='bbox 462 769 500 787; x_wconf 71' lang='lat'><strong>180</strong></span> 
     </span>
    </p>
   </div>
   <div class='ocr_carea' id='block_1_5' title="bbox 458 1028 494 1047">
    <p class='ocr_par' dir='ltr' id='par_1_5' title="bbox 458 1028 494 1047">
     <span class='ocr_line' id='line_1_5' title="bbox 458 1028 494 1047; baseline -0.028 0"><span class='ocrx_word' id='word_1_5' title='bbox 458 1028 494 1047; x_wconf 66' lang='grc'><strong>165</strong></span> 
     </span>
    </p>
   </div>
   <div class='ocr_carea' id='block_1_6' title="bbox 456 1288 494 1307">
    <p class='ocr_par' dir='ltr' id='par_1_6' title="bbox 456 1288 494 1307">
     <span class='ocr_line' id='line_1_6' title="bbox 456 1288 494 1307; baseline 0 -1"><span class='ocrx_word' id='word_1_6' title='bbox 456 1288 494 1307; x_wconf 78' lang='grc'><strong>170</strong></span> 
     </span>
    </p>
   </div>
   <div class='ocr_carea' id='block_1_7' title="bbox 454 1548 490 1567">
    <p class='ocr_par' dir='ltr' id='par_1_7' title="bbox 454 1548 490 1567">
     <span class='ocr_line' id='line_1_7' title="bbox 454 1548 490 1567; baseline -0.028 0"><span class='ocrx_word' id='word_1_7' title='bbox 454 1548 490 1567; x_wconf 73' lang='lat'><strong>175</strong></span> 
     </span>
    </p>
   </div>
   <div class='ocr_carea' id='block_1_8' title="bbox 453 1807 490 1827">
    <p class='ocr_par' dir='ltr' id='par_1_8' title="bbox 453 1807 490 1827">
     <span class='ocr_line' id='line_1_8' title="bbox 453 1807 490 1827; baseline -0.027 0"><span class='ocrx_word' id='word_1_8' title='bbox 453 1807 490 1827; x_wconf 75' lang='lat'><strong>180</strong></span> 
     </span>
    </p>
   </div>
   <div class='ocr_carea' id='block_1_9' title="bbox 450 2068 487 2088">
    <p class='ocr_par' dir='ltr' id='par_1_9' title="bbox 450 2068 487 2088">
     <span class='ocr_line' id='line_1_9' title="bbox 450 2068 487 2088; baseline -0.054 0"><span class='ocrx_word' id='word_1_9' title='bbox 450 2068 487 2088; x_wconf 75' lang='lat'><strong>185</strong></span> 
     </span>
    </p>
   </div>
   <div class='ocr_carea' id='block_1_10' title="bbox 448 2327 486 2347">
    <p class='ocr_par' dir='ltr' id='par_1_10' title="bbox 448 2327 486 2347">
     <span class='ocr_line' id='line_1_10' title="bbox 448 2327 486 2347; baseline -0.026 0"><span class='ocrx_word' id='word_1_10' title='bbox 448 2327 486 2347; x_wconf 64' lang='lat' dir='ltr'><strong>1oe</strong></span> 
     </span>
    </p>
   </div>
   <div class='ocr_carea' id='block_1_11' title="bbox 446 2586 484 2606">
    <p class='ocr_par' dir='ltr' id='par_1_11' title="bbox 446 2586 484 2606">
     <span class='ocr_line' id='line_1_11' title="bbox 446 2586 484 2606; baseline 0 0"><span class='ocrx_word' id='word_1_11' title='bbox 446 2586 456 2606; x_wconf 82' lang='lat'><strong>¹</strong></span> <span class='ocrx_word' id='word_1_12' title='bbox 459 2586 484 2606; x_wconf 72' lang='lat'><strong>⁹⁵</strong></span> 
     </span>
    </p>
   </div>
   <div class='ocr_carea' id='block_1_12' title="bbox 688 151 1206 183">
    <p class='ocr_par' dir='ltr' id='par_1_12' title="bbox 688 151 1206 183">
     <span class='ocr_line' id='line_1_12' title="bbox 688 151 1206 183; baseline 0.012 -6"><span class='ocrx_word' id='word_1_13' title='bbox 688 151 800 179; x_wconf 81' lang='lat' dir='ltr'><strong>VITAE</strong></span> <span class='ocrx_word' id='word_1_14' title='bbox 818 153 844 179; x_wconf 88' lang='lat' dir='ltr'><strong>S.</strong></span> <span class='ocrx_word' id='word_1_15' title='bbox 863 153 1032 181; x_wconf 79' lang='lat' dir='ltr'><strong>GERMANI</strong></span> <span class='ocrx_word' id='word_1_16' title='bbox 1052 155 1159 183; x_wconf 28' lang='lat' dir='ltr'>LIBER*</span> <span class='ocrx_word' id='word_1_17' title='bbox 1173 156 1206 183; x_wconf 92' lang='lat' dir='ltr'><strong>V.</strong></span> 
     </span>
    </p>
   </div>
   <div class='ocr_carea' id='block_1_13' title="bbox 521 237 1496 2615">
    <p class='ocr_par' dir='ltr' id='par_1_13' title="bbox 535 237 1415 753">
     <span class='ocr_line' id='line_1_13' title="bbox 583 237 1320 283; baseline 0.009 -14"><span class='ocrx_word' id='word_1_18' title='bbox 583 237 682 270; x_wconf 84' lang='lat' dir='ltr'><strong>Forte</strong></span> <span class='ocrx_word' id='word_1_19' title='bbox 705 241 882 281; x_wconf 88' lang='lat' dir='ltr'><strong>pererratis</strong></span> <span class='ocrx_word' id='word_1_20' title='bbox 906 242 1003 273; x_wconf 87' lang='lat' dir='ltr'><strong>totius</strong></span> <span class='ocrx_word' id='word_1_21' title='bbox 1027 243 1197 275; x_wconf 89' lang='lat' dir='ltr'><strong>moenibus</strong></span> <span class='ocrx_word' id='word_1_22' title='bbox 1221 243 1320 283; x_wconf 71' lang='lat' dir='ltr'><strong>urbis,</strong></span> 
     </span>
     <span class='ocr_line' id='line_1_14' title="bbox 537 289 1365 336; baseline 0.01 -15"><span class='ocrx_word' id='word_1_23' title='bbox 537 289 722 332; x_wconf 82' lang='lat' dir='ltr'><strong>Belligione</strong></span> <span class='ocrx_word' id='word_1_24' title='bbox 747 291 857 323; x_wconf 86' lang='lat' dir='ltr'><strong>calens</strong></span> <span class='ocrx_word' id='word_1_25' title='bbox 881 303 992 324; x_wconf 87' lang='lat' dir='ltr'><strong>sacras</strong></span> <span class='ocrx_word' id='word_1_26' title='bbox 1016 294 1092 326; x_wconf 92' lang='lat' dir='ltr'><strong>dum</strong></span> <span class='ocrx_word' id='word_1_27' title='bbox 1117 295 1231 327; x_wconf 78' lang='lat' dir='ltr'><strong>circuit</strong></span> <span class='ocrx_word' id='word_1_28' title='bbox 1254 296 1365 336; x_wconf 79' lang='lat' dir='ltr'><strong>aedes,</strong></span> 
     </span>
     <span class='ocr_line' id='line_1_15' title="bbox 537 341 1302 391; baseline 0.01 -18"><span class='ocrx_word' id='word_1_29' title='bbox 537 341 689 382; x_wconf 78' lang='lat' dir='ltr'><strong>Devenit,</strong></span> <span class='ocrx_word' id='word_1_30' title='bbox 713 353 776 386; x_wconf 92' lang='lat' dir='ltr'><strong>quo</strong></span> <span class='ocrx_word' id='word_1_31' title='bbox 801 343 949 376; x_wconf 88' lang='lat' dir='ltr'><strong>Cassiani</strong></span> <span class='ocrx_word' id='word_1_32' title='bbox 973 347 1160 379; x_wconf 87' lang='lat' dir='ltr'><strong>venerabile</strong></span> <span class='ocrx_word' id='word_1_33' title='bbox 1184 358 1302 391; x_wconf 86' lang='lat' dir='ltr'><strong>corpus</strong></span> 
     </span>
     <span class='ocr_line' id='line_1_16' title="bbox 538 393 1415 437; baseline 0.01 -12"><span class='ocrx_word' id='word_1_34' title='bbox 538 393 709 430; x_wconf 82' lang='lat' dir='ltr'>Quondam</span> <span class='ocrx_word' id='word_1_35' title='bbox 732 395 895 437; x_wconf 79' lang='lat' dir='ltr'><strong>pontificis</strong></span> <span class='ocrx_word' id='word_1_36' title='bbox 920 398 1042 429; x_wconf 89' lang='lat' dir='ltr'><strong>tumulo</strong></span> <span class='ocrx_word' id='word_1_37' title='bbox 1067 399 1246 432; x_wconf 81' lang='lat' dir='ltr'><strong>recubabat</strong></span> <span class='ocrx_word' id='word_1_38' title='bbox 1269 401 1415 434; x_wconf 85' lang='lat' dir='ltr'><strong>honesto.</strong></span> 
     </span>
     <span class='ocr_line' id='line_1_17' title="bbox 538 445 1314 494; baseline 0.01 -18"><span class='ocrx_word' id='word_1_39' title='bbox 538 445 577 476; x_wconf 92' lang='lat' dir='ltr'><strong>In</strong></span> <span class='ocrx_word' id='word_1_40' title='bbox 602 456 666 488; x_wconf 94' lang='lat' dir='ltr'><strong>quo</strong></span> <span class='ocrx_word' id='word_1_41' title='bbox 689 446 819 479; x_wconf 86' lang='lat' dir='ltr'><strong>virtutis</strong></span> <span class='ocrx_word' id='word_1_42' title='bbox 843 447 1015 480; x_wconf 77' lang='lat' dir='ltr'><strong>radiabant</strong></span> <span class='ocrx_word' id='word_1_43' title='bbox 1039 451 1132 492; x_wconf 85' lang='lat' dir='ltr'><strong>signa</strong></span> <span class='ocrx_word' id='word_1_44' title='bbox 1155 462 1314 494; x_wconf 80' lang='lat' dir='ltr'>supernae</span> 
     </span>
     <span class='ocr_line' id='line_1_18' title="bbox 539 496 1312 546; baseline 0.009 -17"><span class='ocrx_word' id='word_1_45' title='bbox 539 496 655 530; x_wconf 86' lang='lat' dir='ltr'><strong>Militis</strong></span> <span class='ocrx_word' id='word_1_46' title='bbox 679 499 792 531; x_wconf 85' lang='lat' dir='ltr'><strong>eximii</strong></span> <span class='ocrx_word' id='word_1_47' title='bbox 815 499 936 532; x_wconf 85' lang='lat' dir='ltr'><strong>clarum</strong></span> <span class='ocrx_word' id='word_1_48' title='bbox 960 504 1081 534; x_wconf 83' lang='lat' dir='ltr'><strong>testata</strong></span> <span class='ocrx_word' id='word_1_49' title='bbox 1104 503 1312 546; x_wconf 90' lang='lat' dir='ltr'><strong>triumphum.</strong></span> 
     </span>
     <span class='ocr_line' id='line_1_19' title="bbox 536 548 1386 590; baseline 0.009 -9"><span class='ocrx_word' id='word_1_50' title='bbox 536 548 680 582; x_wconf 85' lang='lat' dir='ltr'><strong>Marmor</strong></span> <span class='ocrx_word' id='word_1_51' title='bbox 702 554 773 583; x_wconf 90' lang='lat' dir='ltr'><strong>erat</strong></span> <span class='ocrx_word' id='word_1_52' title='bbox 794 551 926 584; x_wconf 86' lang='lat' dir='ltr'><strong>Parium</strong></span> <span class='ocrx_word' id='word_1_53' title='bbox 951 553 1031 585; x_wconf 90' lang='lat' dir='ltr'><strong>miro</strong></span> <span class='ocrx_word' id='word_1_54' title='bbox 1056 555 1196 587; x_wconf 87' lang='lat' dir='ltr'><strong>candore</strong></span> <span class='ocrx_word' id='word_1_55' title='bbox 1221 556 1386 590; x_wconf 88' lang='lat' dir='ltr'><strong>decorum:</strong></span> 
     </span>
     <span class='ocr_line' id='line_1_20' title="bbox 537 600 1391 650; baseline 0.009 -17"><span class='ocrx_word' id='word_1_56' title='bbox 537 600 610 633; x_wconf 85' lang='lat' dir='ltr'><strong>Hoc</strong></span> <span class='ocrx_word' id='word_1_57' title='bbox 633 601 870 635; x_wconf 79' lang='lat' dir='ltr'><strong>claudebantur</strong></span> <span class='ocrx_word' id='word_1_58' title='bbox 893 605 977 636; x_wconf 88' lang='lat' dir='ltr'><strong>sacri</strong></span> <span class='ocrx_word' id='word_1_59' title='bbox 1001 609 1068 637; x_wconf 90' lang='lat' dir='ltr'><strong>tum</strong></span> <span class='ocrx_word' id='word_1_60' title='bbox 1094 610 1186 649; x_wconf 81' lang='lat' dir='ltr'><strong>septa</strong></span> <span class='ocrx_word' id='word_1_61' title='bbox 1211 609 1391 650; x_wconf 87' lang='lat' dir='ltr'><strong>sepulchri:</strong></span> 
     </span>
     <span class='ocr_line' id='line_1_21' title="bbox 540 652 1302 699; baseline 0.01 -15"><span class='ocrx_word' id='word_1_62' title='bbox 540 652 686 686; x_wconf 87' lang='lat' dir='ltr'><strong>Caelitus</strong></span> <span class='ocrx_word' id='word_1_63' title='bbox 711 658 745 686; x_wconf 90' lang='lat' dir='ltr'><strong>at</strong></span> <span class='ocrx_word' id='word_1_64' title='bbox 767 655 855 687; x_wconf 85' lang='lat' dir='ltr'><strong>rubri</strong></span> <span class='ocrx_word' id='word_1_65' title='bbox 879 656 1008 699; x_wconf 87' lang='lat' dir='ltr'><strong>speeies</strong></span> <span class='ocrx_word' id='word_1_66' title='bbox 1033 657 1163 690; x_wconf 86' lang='lat' dir='ltr'><strong>diversa</strong></span> <span class='ocrx_word' id='word_1_67' title='bbox 1186 660 1302 692; x_wconf 88' lang='lat' dir='ltr'><strong>coloris</strong></span> 
     </span>
     <span class='ocr_line' id='line_1_22' title="bbox 535 704 1342 753; baseline 0.01 -17"><span class='ocrx_word' id='word_1_68' title='bbox 535 704 660 738; x_wconf 87' lang='lat' dir='ltr'><strong>Pressit</strong></span> <span class='ocrx_word' id='word_1_69' title='bbox 684 706 846 744; x_wconf 74' lang='lat' dir='ltr'><strong>vivificum</strong></span> <span class='ocrx_word' id='word_1_70' title='bbox 870 708 995 740; x_wconf 81' lang='lat' dir='ltr'><strong>variato</strong></span> <span class='ocrx_word' id='word_1_71' title='bbox 1019 720 1180 742; x_wconf 87' lang='lat' dir='ltr'><strong>marmore</strong></span> <span class='ocrx_word' id='word_1_72' title='bbox 1205 712 1342 753; x_wconf 79' lang='lat' dir='ltr'><strong>signum,</strong></span> 
     </span>
    </p>

    <p class='ocr_par' dir='ltr' id='par_1_14' title="bbox 532 755 1496 1155">
     <span class='ocr_line' id='line_1_23' title="bbox 536 755 1467 806; baseline 0.009 -18"><span class='ocrx_word' id='word_1_73' title='bbox 536 755 582 788; x_wconf 87' lang='lat' dir='ltr'><strong>Ut</strong></span> <span class='ocrx_word' id='word_1_74' title='bbox 605 767 690 789; x_wconf 87' lang='lat' dir='ltr'><strong>nova</strong></span> <span class='ocrx_word' id='word_1_75' title='bbox 713 758 818 790; x_wconf 75' lang='lat' dir='ltr'><strong>forma</strong></span> <span class='ocrx_word' id='word_1_76' title='bbox 842 759 947 791; x_wconf 87' lang='lat' dir='ltr'><strong>crucis</strong></span> <span class='ocrx_word' id='word_1_77' title='bbox 969 761 1119 793; x_wconf 85' lang='lat' dir='ltr'><strong>manibus</strong></span> <span class='ocrx_word' id='word_1_78' title='bbox 1143 762 1296 795; x_wconf 84' lang='lat' dir='ltr'><strong>distincta</strong></span> <span class='ocrx_word' id='word_1_79' title='bbox 1320 765 1467 806; x_wconf 80' lang='lat' dir='ltr'><strong>supernis</strong></span> 
     </span>
     <span class='ocr_line' id='line_1_24' title="bbox 536 807 1361 854; baseline 0.01 -15"><span class='ocrx_word' id='word_1_80' title='bbox 536 807 728 840; x_wconf 87' lang='lat' dir='ltr'><strong>Cassianum</strong></span> <span class='ocrx_word' id='word_1_81' title='bbox 752 809 878 841; x_wconf 89' lang='lat' dir='ltr'><strong>meritis</strong></span> <span class='ocrx_word' id='word_1_82' title='bbox 903 811 1002 843; x_wconf 88' lang='lat' dir='ltr'><strong>etiam</strong></span> <span class='ocrx_word' id='word_1_83' title='bbox 1026 815 1102 854; x_wconf 88' lang='lat' dir='ltr'><strong>post</strong></span> <span class='ocrx_word' id='word_1_84' title='bbox 1126 813 1241 846; x_wconf 81' lang='lat' dir='ltr'><strong>funera</strong></span> <span class='ocrx_word' id='word_1_85' title='bbox 1265 815 1361 846; x_wconf 83' lang='lat' dir='ltr'><strong>claris</strong></span> 
     </span>
     <span class='ocr_line' id='line_1_25' title="bbox 535 860 1441 899; baseline 0.009 -8"><span class='ocrx_word' id='word_1_86' title='bbox 535 860 659 893; x_wconf 81' lang='lat' dir='ltr'>Vivere</span> <span class='ocrx_word' id='word_1_87' title='bbox 681 864 887 894; x_wconf 88' lang='lat' dir='ltr'><strong>monstraret.</strong></span> <span class='ocrx_word' id='word_1_88' title='bbox 932 862 1032 895; x_wconf 86' lang='lat' dir='ltr'><strong>Pater</strong></span> <span class='ocrx_word' id='word_1_89' title='bbox 1055 863 1086 895; x_wconf 92' lang='lat' dir='ltr'><strong>id</strong></span> <span class='ocrx_word' id='word_1_90' title='bbox 1110 864 1293 898; x_wconf 85' lang='lat' dir='ltr'><strong>Germanus</strong></span> <span class='ocrx_word' id='word_1_91' title='bbox 1317 867 1441 899; x_wconf 80' lang='lat' dir='ltr'><strong>adactis</strong></span> 
     </span>
     <span class='ocr_line' id='line_1_26' title="bbox 532 912 1407 959; baseline 0.008 -16"><span class='ocrx_word' id='word_1_92' title='bbox 532 912 725 955; x_wconf 84' lang='lat' dir='ltr'><strong>Inspectans</strong></span> <span class='ocrx_word' id='word_1_93' title='bbox 749 913 850 945; x_wconf 88' lang='lat' dir='ltr'><strong>oculis</strong></span> <span class='ocrx_word' id='word_1_94' title='bbox 874 915 1076 957; x_wconf 90' lang='lat' dir='ltr'><strong>multumque</strong></span> <span class='ocrx_word' id='word_1_95' title='bbox 1099 916 1219 959; x_wconf 87' lang='lat' dir='ltr'><strong>diuque</strong></span> <span class='ocrx_word' id='word_1_96' title='bbox 1244 922 1407 950; x_wconf 85' lang='lat' dir='ltr'><strong>retractat.</strong></span> 
     </span>
     <span class='ocr_line' id='line_1_27' title="bbox 534 964 1422 1003; baseline 0.008 -8"><span class='ocrx_word' id='word_1_97' title='bbox 534 964 640 1001; x_wconf 83' lang='lat' dir='ltr'><strong>Quam</strong></span> <span class='ocrx_word' id='word_1_98' title='bbox 665 965 706 996; x_wconf 89' lang='lat' dir='ltr'><strong>sit</strong></span> <span class='ocrx_word' id='word_1_99' title='bbox 731 965 901 997; x_wconf 85' lang='lat' dir='ltr'><strong>munificus</strong></span> <span class='ocrx_word' id='word_1_100' title='bbox 924 966 1028 997; x_wconf 89' lang='lat' dir='ltr'><strong>servis</strong></span> <span class='ocrx_word' id='word_1_101' title='bbox 1052 967 1083 998; x_wconf 93' lang='lat' dir='ltr'><strong>in</strong></span> <span class='ocrx_word' id='word_1_102' title='bbox 1107 969 1238 1000; x_wconf 82' lang='lat' dir='ltr'><strong>saecula</strong></span> <span class='ocrx_word' id='word_1_103' title='bbox 1262 968 1422 1003; x_wconf 84' lang='lat' dir='ltr'><strong>Christus.</strong></span> 
     </span>
     <span class='ocr_line' id='line_1_28' title="bbox 533 1016 1418 1059; baseline 0.008 -12"><span class='ocrx_word' id='word_1_104' title='bbox 533 1016 611 1047; x_wconf 85' lang='lat' dir='ltr'><strong>Mox</strong></span> <span class='ocrx_word' id='word_1_105' title='bbox 635 1016 715 1048; x_wconf 75' lang='lat' dir='ltr'><strong>fusis</strong></span> <span class='ocrx_word' id='word_1_106' title='bbox 738 1017 891 1059; x_wconf 89' lang='lat' dir='ltr'><strong>precibus</strong></span> <span class='ocrx_word' id='word_1_107' title='bbox 916 1017 1012 1054; x_wconf 74' lang='lat' dir='ltr'><strong>‘Quid</strong></span> <span class='ocrx_word' id='word_1_108' title='bbox 1036 1021 1081 1058; x_wconf 77' lang='lat' dir='ltr'><strong>tu,</strong></span> <span class='ocrx_word' id='word_1_109' title='bbox 1109 1020 1311 1055; x_wconf 51' lang='lat' dir='ltr'><strong>clarissime?</strong></span> <span class='ocrx_word' id='word_1_110' title='bbox 1335 1021 1418 1054; x_wconf 90' lang='lat' dir='ltr'><strong>dixit</strong></span> 
     </span>
     <span class='ocr_line' id='line_1_29' title="bbox 534 1067 1496 1112; baseline 0.007 -13"><span class='ocrx_word' id='word_1_111' title='bbox 534 1067 628 1104; x_wconf 78' lang='lat' dir='ltr'><strong>’Quid</strong></span> <span class='ocrx_word' id='word_1_112' title='bbox 651 1079 737 1100; x_wconf 87' lang='lat' dir='ltr'><strong>nune</strong></span> <span class='ocrx_word' id='word_1_113' title='bbox 761 1069 864 1101; x_wconf 80' lang='lat' dir='ltr'><strong>frater</strong></span> <span class='ocrx_word' id='word_1_114' title='bbox 886 1068 967 1111; x_wconf 85' lang='lat' dir='ltr'><strong>agis&#39;</strong></span> <span class='ocrx_word' id='word_1_115' title='bbox 992 1070 1181 1112; x_wconf 88' lang='lat' dir='ltr'><strong>tumuloque</strong></span> <span class='ocrx_word' id='word_1_116' title='bbox 1205 1071 1345 1104; x_wconf 81' lang='lat' dir='ltr'><strong>refertur</strong></span> <span class='ocrx_word' id='word_1_117' title='bbox 1368 1073 1409 1105; x_wconf 79' lang='lat' dir='ltr'><strong>ab</strong></span> <span class='ocrx_word' id='word_1_118' title='bbox 1433 1075 1496 1106; x_wconf 87' lang='lat' dir='ltr'><strong>imo</strong></span> 
     </span>
     <span class='ocr_line' id='line_1_30' title="bbox 533 1119 1229 1155; baseline 0.006 -4"><span class='ocrx_word' id='word_1_119' title='bbox 533 1119 606 1151; x_wconf 88' lang='lat' dir='ltr'><strong>Vox</strong></span> <span class='ocrx_word' id='word_1_120' title='bbox 630 1119 743 1152; x_wconf 85' lang='lat' dir='ltr'><strong>audita</strong></span> <span class='ocrx_word' id='word_1_121' title='bbox 766 1121 840 1152; x_wconf 82' lang='lat' dir='ltr'><strong>viri:</strong></span> <span class='ocrx_word' id='word_1_122' title='bbox 865 1121 978 1153; x_wconf 74' lang='lat' dir='ltr'><strong>‘Felici</strong></span> <span class='ocrx_word' id='word_1_123' title='bbox 1003 1122 1080 1154; x_wconf 90' lang='lat' dir='ltr'><strong>sede</strong></span> <span class='ocrx_word' id='word_1_124' title='bbox 1104 1123 1229 1155; x_wconf 89' lang='lat' dir='ltr'><strong>locatus</strong></span> 
     </span>
    </p>

    <p class='ocr_par' dir='ltr' id='par_1_15' title="bbox 531 1172 1265 1216">
     <span class='ocr_line' id='line_1_31' title="bbox 531 1172 1265 1216; baseline 0.004 -12"><span class='ocrx_word' id='word_1_125' title='bbox 531 1172 672 1215; x_wconf 87' lang='lat' dir='ltr'><strong>Optatae</strong></span> <span class='ocrx_word' id='word_1_126' title='bbox 696 1173 803 1215; x_wconf 85' lang='lat' dir='ltr'><strong>potior</strong></span> <span class='ocrx_word' id='word_1_127' title='bbox 826 1173 1001 1216; x_wconf 80' lang='lat' dir='ltr'><strong>tranquillo</strong></span> <span class='ocrx_word' id='word_1_128' title='bbox 1026 1185 1160 1206; x_wconf 88' lang='lat' dir='ltr'><strong>munere</strong></span> <span class='ocrx_word' id='word_1_129' title='bbox 1183 1175 1265 1207; x_wconf 87' lang='lat' dir='ltr'><strong>lucis</strong></span> 
     </span>
    </p>

    <p class='ocr_par' dir='ltr' id='par_1_16' title="bbox 531 1223 1490 1372">
     <span class='ocr_line' id='line_1_32' title="bbox 534 1223 1490 1267; baseline 0.006 -12"><span class='ocrx_word' id='word_1_130' title='bbox 534 1223 715 1256; x_wconf 85' lang='lat' dir='ltr'><strong>Venturum</strong></span> <span class='ocrx_word' id='word_1_131' title='bbox 740 1228 894 1267; x_wconf 87' lang='lat' dir='ltr'><strong>spectans</strong></span> <span class='ocrx_word' id='word_1_132' title='bbox 918 1226 1023 1267; x_wconf 85' lang='lat' dir='ltr'><strong>patrio</strong></span> <span class='ocrx_word' id='word_1_133' title='bbox 1048 1236 1121 1258; x_wconf 87' lang='lat' dir='ltr'><strong>cum</strong></span> <span class='ocrx_word' id='word_1_134' title='bbox 1146 1227 1279 1259; x_wconf 85' lang='lat' dir='ltr'><strong>numine</strong></span> <span class='ocrx_word' id='word_1_135' title='bbox 1304 1228 1490 1261; x_wconf 56' lang='lat' dir='ltr'><strong>Christum?</strong></span> 
     </span>
     <span class='ocr_line' id='line_1_33' title="bbox 531 1275 1394 1319; baseline 0.006 -12"><span class='ocrx_word' id='word_1_136' title='bbox 531 1275 639 1318; x_wconf 73' lang='lat' dir='ltr'><strong>‘Ergo&#39;</strong></span> <span class='ocrx_word' id='word_1_137' title='bbox 664 1276 710 1308; x_wconf 86' lang='lat' dir='ltr'><strong>ait</strong></span> <span class='ocrx_word' id='word_1_138' title='bbox 733 1277 870 1308; x_wconf 90' lang='lat' dir='ltr'><strong>antistes</strong></span> <span class='ocrx_word' id='word_1_139' title='bbox 894 1277 1050 1319; x_wconf 75' lang='lat' dir='ltr'><strong>‘longum,</strong></span> <span class='ocrx_word' id='word_1_140' title='bbox 1074 1279 1259 1319; x_wconf 81' lang='lat' dir='ltr'><strong>gratissime</strong></span> <span class='ocrx_word' id='word_1_141' title='bbox 1283 1280 1394 1313; x_wconf 80' lang='lat' dir='ltr'><strong>frater.</strong></span> 
     </span>
     <span class='ocr_line' id='line_1_34' title="bbox 531 1327 1277 1372; baseline 0.007 -14"><span class='ocrx_word' id='word_1_142' title='bbox 531 1327 670 1359; x_wconf 75' lang='lat' dir='ltr'><strong>Sedibus</strong></span> <span class='ocrx_word' id='word_1_143' title='bbox 694 1329 841 1370; x_wconf 84' lang='lat' dir='ltr'><strong>augustis</strong></span> <span class='ocrx_word' id='word_1_144' title='bbox 863 1333 999 1372; x_wconf 85' lang='lat' dir='ltr'><strong>accepta</strong></span> <span class='ocrx_word' id='word_1_145' title='bbox 1023 1333 1110 1361; x_wconf 88' lang='lat' dir='ltr'><strong>sorte</strong></span> <span class='ocrx_word' id='word_1_146' title='bbox 1135 1331 1277 1372; x_wconf 84' lang='lat' dir='ltr'><strong>quiesce.</strong></span> 
     </span>
    </p>

    <p class='ocr_par' dir='ltr' id='par_1_17' title="bbox 528 1378 1413 1529">
     <span class='ocr_line' id='line_1_35' title="bbox 530 1378 1369 1425; baseline 0.005 -14"><span class='ocrx_word' id='word_1_147' title='bbox 530 1378 639 1422; x_wconf 88' lang='lat' dir='ltr'><strong>thue</strong></span> <span class='ocrx_word' id='word_1_148' title='bbox 663 1380 816 1412; x_wconf 82' lang='lat' dir='ltr'><strong>salutaris</strong></span> <span class='ocrx_word' id='word_1_149' title='bbox 841 1380 978 1412; x_wconf 82' lang='lat' dir='ltr'><strong>reduces</strong></span> <span class='ocrx_word' id='word_1_150' title='bbox 1003 1385 1076 1424; x_wconf 90' lang='lat' dir='ltr'><strong>post</strong></span> <span class='ocrx_word' id='word_1_151' title='bbox 1099 1382 1213 1414; x_wconf 87' lang='lat' dir='ltr'><strong>funera</strong></span> <span class='ocrx_word' id='word_1_152' title='bbox 1237 1383 1369 1425; x_wconf 86' lang='lat' dir='ltr'><strong>clangor</strong></span> 
     </span>
     <span class='ocr_line' id='line_1_36' title="bbox 529 1431 1413 1475; baseline 0.005 -12"><span class='ocrx_word' id='word_1_153' title='bbox 529 1431 672 1474; x_wconf 80' lang='lat' dir='ltr'><strong>Impleat</strong></span> <span class='ocrx_word' id='word_1_154' title='bbox 695 1432 862 1464; x_wconf 77' lang='lat' dir='ltr'><strong>aethereis</strong></span> <span class='ocrx_word' id='word_1_155' title='bbox 885 1433 1047 1475; x_wconf 82' lang='lat' dir='ltr'><strong>quondam</strong></span> <span class='ocrx_word' id='word_1_156' title='bbox 1073 1435 1284 1466; x_wconf 83' lang='lat' dir='ltr'><strong>concentibus</strong></span> <span class='ocrx_word' id='word_1_157' title='bbox 1308 1446 1413 1469; x_wconf 83' lang='lat' dir='ltr'><strong>aures.</strong></span> 
     </span>
     <span class='ocr_line' id='line_1_37' title="bbox 528 1483 1407 1529; baseline 0.006 -14"><span class='ocrx_word' id='word_1_158' title='bbox 528 1483 592 1516; x_wconf 87' lang='lat' dir='ltr'><strong>Pro</strong></span> <span class='ocrx_word' id='word_1_159' title='bbox 616 1484 710 1516; x_wconf 85' lang='lat' dir='ltr'><strong>nobis</strong></span> <span class='ocrx_word' id='word_1_160' title='bbox 734 1495 856 1527; x_wconf 85' lang='lat' dir='ltr'><strong>proque</strong></span> <span class='ocrx_word' id='word_1_161' title='bbox 880 1485 942 1516; x_wconf 89' lang='lat' dir='ltr'><strong>hoc</strong></span> <span class='ocrx_word' id='word_1_162' title='bbox 966 1485 1086 1528; x_wconf 88' lang='lat' dir='ltr'><strong>populo</strong></span> <span class='ocrx_word' id='word_1_163' title='bbox 1111 1487 1305 1529; x_wconf 82' lang='lat' dir='ltr'><strong>propensius</strong></span> <span class='ocrx_word' id='word_1_164' title='bbox 1329 1487 1407 1520; x_wconf 54' lang='lat' dir='ltr'><strong>ora?</strong></span> 
     </span>
    </p>

    <p class='ocr_par' dir='ltr' id='par_1_18' title="bbox 527 1535 1374 1628">
     <span class='ocr_line' id='line_1_38' title="bbox 529 1535 1374 1580; baseline 0.005 -13"><span class='ocrx_word' id='word_1_165' title='bbox 529 1535 558 1567; x_wconf 93' lang='grc' dir='ltr'><strong>Ο</strong></span> <span class='ocrx_word' id='word_1_166' title='bbox 581 1537 731 1568; x_wconf 83' lang='lat' dir='ltr'><strong>meritum</strong></span> <span class='ocrx_word' id='word_1_167' title='bbox 755 1537 893 1568; x_wconf 86' lang='lat' dir='ltr'><strong>sublime</strong></span> <span class='ocrx_word' id='word_1_168' title='bbox 918 1537 988 1572; x_wconf 78' lang='lat' dir='ltr'><strong>viri,</strong></span> <span class='ocrx_word' id='word_1_169' title='bbox 1012 1548 1108 1579; x_wconf 87' lang='lat' dir='ltr'><strong>quem</strong></span> <span class='ocrx_word' id='word_1_170' title='bbox 1131 1539 1236 1580; x_wconf 83' lang='lat' dir='ltr'><strong>gratia</strong></span> <span class='ocrx_word' id='word_1_171' title='bbox 1259 1540 1374 1571; x_wconf 88' lang='lat' dir='ltr'><strong>summi</strong></span> 
     </span>
     <span class='ocr_line' id='line_1_39' title="bbox 527 1587 1331 1628; baseline 0.005 -9"><span class='ocrx_word' id='word_1_172' title='bbox 527 1587 698 1620; x_wconf 79' lang='lat' dir='ltr'><strong>Hactenus</strong></span> <span class='ocrx_word' id='word_1_173' title='bbox 721 1589 832 1620; x_wconf 85' lang='lat' dir='ltr'><strong>evexit</strong></span> <span class='ocrx_word' id='word_1_174' title='bbox 856 1589 1010 1620; x_wconf 87' lang='lat' dir='ltr'><strong>virtutum</strong></span> <span class='ocrx_word' id='word_1_175' title='bbox 1035 1590 1176 1628; x_wconf 81' lang='lat' dir='ltr'><strong>culmine</strong></span> <span class='ocrx_word' id='word_1_176' title='bbox 1201 1590 1331 1625; x_wconf 83' lang='lat' dir='ltr'><strong>Christi.</strong></span> 
     </span>
    </p>

    <p class='ocr_par' dir='ltr' id='par_1_19' title="bbox 527 1639 1360 1737">
     <span class='ocr_line' id='line_1_40' title="bbox 527 1639 1345 1684; baseline 0.004 -12"><span class='ocrx_word' id='word_1_177' title='bbox 527 1639 646 1672; x_wconf 83' lang='lat' dir='ltr'><strong>Omnia</strong></span> <span class='ocrx_word' id='word_1_178' title='bbox 669 1641 719 1672; x_wconf 88' lang='lat' dir='ltr'><strong>cui</strong></span> <span class='ocrx_word' id='word_1_179' title='bbox 743 1644 870 1683; x_wconf 81' lang='lat' dir='ltr'><strong>parent,</strong></span> <span class='ocrx_word' id='word_1_180' title='bbox 895 1641 1096 1684; x_wconf 87' lang='lat' dir='ltr'><strong>respondent</strong></span> <span class='ocrx_word' id='word_1_181' title='bbox 1119 1643 1228 1674; x_wconf 86' lang='lat' dir='ltr'><strong>omnia</strong></span> <span class='ocrx_word' id='word_1_182' title='bbox 1252 1643 1345 1676; x_wconf 85' lang='lat' dir='ltr'><strong>votis.</strong></span> 
     </span>
     <span class='ocr_line' id='line_1_41' title="bbox 528 1691 1360 1737; baseline 0.002 -13"><span class='ocrx_word' id='word_1_183' title='bbox 528 1691 706 1724; x_wconf 72' lang='lat' dir='ltr'><strong>Subsident</strong></span> <span class='ocrx_word' id='word_1_184' title='bbox 729 1692 802 1724; x_wconf 91' lang='lat' dir='ltr'><strong>imis</strong></span> <span class='ocrx_word' id='word_1_185' title='bbox 825 1703 1010 1735; x_wconf 81' lang='lat' dir='ltr'><strong>quanquam</strong></span> <span class='ocrx_word' id='word_1_186' title='bbox 1035 1694 1142 1736; x_wconf 89' lang='lat' dir='ltr'><strong>sopita</strong></span> <span class='ocrx_word' id='word_1_187' title='bbox 1166 1695 1360 1737; x_wconf 83' lang='lat' dir='ltr'><strong>sepulchris.</strong></span> 
     </span>
    </p>

    <p class='ocr_par' dir='ltr' id='par_1_20' title="bbox 527 1743 1375 1839">
     <span class='ocr_line' id='line_1_42' title="bbox 527 1743 1316 1787; baseline 0.005 -12"><span class='ocrx_word' id='word_1_188' title='bbox 527 1743 596 1776; x_wconf 85' lang='lat' dir='ltr'><strong>Nec</strong></span> <span class='ocrx_word' id='word_1_189' title='bbox 619 1745 747 1782; x_wconf 84' lang='lat' dir='ltr'><strong>mirum,</strong></span> <span class='ocrx_word' id='word_1_190' title='bbox 773 1745 876 1776; x_wconf 80' lang='lat' dir='ltr'><strong>civem</strong></span> <span class='ocrx_word' id='word_1_191' title='bbox 900 1746 1006 1787; x_wconf 88' lang='lat' dir='ltr'><strong>potuit</strong></span> <span class='ocrx_word' id='word_1_192' title='bbox 1029 1746 1055 1777; x_wconf 90' lang='lat' dir='ltr'><strong>si</strong></span> <span class='ocrx_word' id='word_1_193' title='bbox 1079 1757 1214 1778; x_wconf 87' lang='lat' dir='ltr'><strong>noscere</strong></span> <span class='ocrx_word' id='word_1_194' title='bbox 1238 1747 1316 1779; x_wconf 86' lang='lat' dir='ltr'><strong>civis</strong></span> 
     </span>
     <span class='ocr_line' id='line_1_43' title="bbox 527 1795 1375 1839; baseline 0.005 -12"><span class='ocrx_word' id='word_1_195' title='bbox 527 1795 717 1838; x_wconf 82' lang='lat' dir='ltr'><strong>Conregans</strong></span> <span class='ocrx_word' id='word_1_196' title='bbox 741 1795 872 1828; x_wconf 84' lang='lat' dir='ltr'><strong>Christo</strong></span> <span class='ocrx_word' id='word_1_197' title='bbox 895 1800 1090 1829; x_wconf 83' lang='lat' dir='ltr'><strong>tractantem</strong></span> <span class='ocrx_word' id='word_1_198' title='bbox 1114 1801 1223 1830; x_wconf 87' lang='lat' dir='ltr'><strong>terrea</strong></span> <span class='ocrx_word' id='word_1_199' title='bbox 1245 1799 1375 1839; x_wconf 80' lang='lat' dir='ltr'><strong>mundo,</strong></span> 
     </span>
    </p>

    <p class='ocr_par' dir='ltr' id='par_1_21' title="bbox 526 1847 1481 1996">
     <span class='ocr_line' id='line_1_44' title="bbox 526 1847 1481 1893; baseline 0.004 -14"><span class='ocrx_word' id='word_1_200' title='bbox 526 1847 563 1879; x_wconf 93' lang='lat' dir='ltr'><strong>In</strong></span> <span class='ocrx_word' id='word_1_201' title='bbox 586 1851 682 1890; x_wconf 89' lang='lat' dir='ltr'><strong>portu</strong></span> <span class='ocrx_word' id='word_1_202' title='bbox 707 1847 854 1880; x_wconf 84' lang='lat' dir='ltr'><strong>residens</strong></span> <span class='ocrx_word' id='word_1_203' title='bbox 878 1852 1078 1891; x_wconf 87' lang='lat' dir='ltr'><strong>pontumque</strong></span> <span class='ocrx_word' id='word_1_204' title='bbox 1101 1854 1279 1893; x_wconf 88' lang='lat' dir='ltr'><strong>aestusque</strong></span> <span class='ocrx_word' id='word_1_205' title='bbox 1302 1854 1481 1883; x_wconf 82' lang='lat' dir='ltr'><strong>secantem.</strong></span> 
     </span>
     <span class='ocr_line' id='line_1_45' title="bbox 526 1899 1380 1943; baseline 0.004 -11"><span class='ocrx_word' id='word_1_206' title='bbox 526 1899 579 1932; x_wconf 85' lang='lat' dir='ltr'><strong>Da</strong></span> <span class='ocrx_word' id='word_1_207' title='bbox 602 1900 734 1943; x_wconf 84' lang='lat' dir='ltr'><strong>paulum</strong></span> <span class='ocrx_word' id='word_1_208' title='bbox 757 1900 869 1943; x_wconf 88' lang='lat' dir='ltr'><strong>spatii:</strong></span> <span class='ocrx_word' id='word_1_209' title='bbox 894 1900 1021 1932; x_wconf 87' lang='lat' dir='ltr'><strong>modica</strong></span> <span class='ocrx_word' id='word_1_210' title='bbox 1044 1902 1266 1934; x_wconf 87' lang='lat' dir='ltr'><strong>removebitur</strong></span> <span class='ocrx_word' id='word_1_211' title='bbox 1289 1903 1380 1935; x_wconf 84' lang='lat' dir='ltr'><strong>hora.</strong></span> 
     </span>
     <span class='ocr_line' id='line_1_46' title="bbox 532 1951 1373 1996; baseline 0.005 -13"><span class='ocrx_word' id='word_1_212' title='bbox 532 1951 704 1984; x_wconf 84' lang='lat' dir='ltr'><strong>Hactenus</strong></span> <span class='ocrx_word' id='word_1_213' title='bbox 728 1952 884 1984; x_wconf 88' lang='lat' dir='ltr'><strong>innocuos</strong></span> <span class='ocrx_word' id='word_1_214' title='bbox 909 1953 935 1983; x_wconf 92' lang='lat' dir='ltr'><strong>si</strong></span> <span class='ocrx_word' id='word_1_215' title='bbox 960 1952 1036 1994; x_wconf 93' lang='lat' dir='ltr'><strong>quid</strong></span> <span class='ocrx_word' id='word_1_216' title='bbox 1060 1953 1218 1996; x_wconf 84' lang='lat' dir='ltr'><strong>dispescit</strong></span> <span class='ocrx_word' id='word_1_217' title='bbox 1241 1955 1373 1988; x_wconf 85' lang='lat' dir='ltr'><strong>amicos.</strong></span> 
     </span>
    </p>

    <p class='ocr_par' dir='ltr' id='par_1_22' title="bbox 521 2003 1476 2615">
     <span class='ocr_line' id='line_1_47' title="bbox 569 2003 1300 2048; baseline 0.004 -13"><span class='ocrx_word' id='word_1_218' title='bbox 569 2003 700 2036; x_wconf 85' lang='lat' dir='ltr'><strong>Interea</strong></span> <span class='ocrx_word' id='word_1_219' title='bbox 723 2014 832 2036; x_wconf 87' lang='lat' dir='ltr'><strong>coram</strong></span> <span class='ocrx_word' id='word_1_220' title='bbox 855 2005 934 2036; x_wconf 82' lang='lat' dir='ltr'><strong>fletu</strong></span> <span class='ocrx_word' id='word_1_221' title='bbox 957 2005 1124 2047; x_wconf 87' lang='lat' dir='ltr'><strong>quatiente</strong></span> <span class='ocrx_word' id='word_1_222' title='bbox 1147 2011 1300 2048; x_wconf 87' lang='lat' dir='ltr'><strong>parentes</strong></span> 
     </span>
     <span class='ocr_line' id='line_1_48' title="bbox 523 2055 1445 2101; baseline 0.003 -14"><span class='ocrx_word' id='word_1_223' title='bbox 523 2055 712 2088; x_wconf 86' lang='lat' dir='ltr'><strong>Comminus</strong></span> <span class='ocrx_word' id='word_1_224' title='bbox 736 2056 899 2088; x_wconf 87' lang='lat' dir='ltr'><strong>accedunt</strong></span> <span class='ocrx_word' id='word_1_225' title='bbox 921 2060 1075 2098; x_wconf 85' lang='lat' dir='ltr'><strong>artusque</strong></span> <span class='ocrx_word' id='word_1_226' title='bbox 1099 2057 1130 2088; x_wconf 91' lang='lat' dir='ltr'><strong>in</strong></span> <span class='ocrx_word' id='word_1_227' title='bbox 1154 2058 1288 2100; x_wconf 89' lang='lat' dir='ltr'><strong>pulvere</strong></span> <span class='ocrx_word' id='word_1_228' title='bbox 1311 2061 1445 2101; x_wconf 86' lang='lat' dir='ltr'><strong>ponunt.</strong></span> 
     </span>
     <span class='ocr_line' id='line_1_49' title="bbox 523 2107 1332 2151; baseline 0.002 -12"><span class='ocrx_word' id='word_1_229' title='bbox 523 2107 652 2139; x_wconf 84' lang='lat' dir='ltr'><strong>Nubilis</strong></span> <span class='ocrx_word' id='word_1_230' title='bbox 675 2107 735 2139; x_wconf 90' lang='lat' dir='ltr'><strong>hos</strong></span> <span class='ocrx_word' id='word_1_231' title='bbox 759 2108 906 2149; x_wconf 86' lang='lat' dir='ltr'><strong>sequitur</strong></span> <span class='ocrx_word' id='word_1_232' title='bbox 929 2107 1073 2139; x_wconf 82' lang='lat' dir='ltr'><strong>demissa</strong></span> <span class='ocrx_word' id='word_1_233' title='bbox 1095 2108 1200 2140; x_wconf 85' lang='lat' dir='ltr'><strong>fronte</strong></span> <span class='ocrx_word' id='word_1_234' title='bbox 1223 2109 1332 2151; x_wconf 86' lang='lat' dir='ltr'><strong>puella</strong></span> 
     </span>
     <span class='ocr_line' id='line_1_50' title="bbox 524 2158 1319 2202; baseline 0.003 -12"><span class='ocrx_word' id='word_1_235' title='bbox 524 2158 610 2191; x_wconf 89' lang='lat' dir='ltr'><strong>Olim</strong></span> <span class='ocrx_word' id='word_1_236' title='bbox 634 2162 792 2201; x_wconf 86' lang='lat' dir='ltr'><strong>cognatae</strong></span> <span class='ocrx_word' id='word_1_237' title='bbox 817 2159 944 2201; x_wconf 85' lang='lat' dir='ltr'><strong>patiens</strong></span> <span class='ocrx_word' id='word_1_238' title='bbox 968 2164 1001 2190; x_wconf 91' lang='lat' dir='ltr'><strong>et</strong></span> <span class='ocrx_word' id='word_1_239' title='bbox 1024 2161 1155 2192; x_wconf 79' lang='lat' dir='ltr'><strong>conscia</strong></span> <span class='ocrx_word' id='word_1_240' title='bbox 1179 2171 1319 2202; x_wconf 89' lang='lat' dir='ltr'><strong>poenae:</strong></span> 
     </span>
     <span class='ocr_line' id='line_1_51' title="bbox 526 2210 1359 2253; baseline 0.002 -11"><span class='ocrx_word' id='word_1_241' title='bbox 526 2210 671 2243; x_wconf 90' lang='lat' dir='ltr'><strong>Fuderat</strong></span> <span class='ocrx_word' id='word_1_242' title='bbox 694 2210 779 2242; x_wconf 79' lang='lat' dir='ltr'><strong>lianc</strong></span> <span class='ocrx_word' id='word_1_243' title='bbox 803 2214 916 2242; x_wconf 89' lang='lat' dir='ltr'><strong>uterus</strong></span> <span class='ocrx_word' id='word_1_244' title='bbox 941 2211 1054 2242; x_wconf 84' lang='lat' dir='ltr'><strong>vitiato</strong></span> <span class='ocrx_word' id='word_1_245' title='bbox 1078 2212 1224 2253; x_wconf 89' lang='lat' dir='ltr'><strong>germine</strong></span> <span class='ocrx_word' id='word_1_246' title='bbox 1247 2213 1359 2244; x_wconf 88' lang='lat' dir='ltr'><strong>matris</strong></span> 
     </span>
     <span class='ocr_line' id='line_1_52' title="bbox 524 2261 1352 2305; baseline 0.001 -11"><span class='ocrx_word' id='word_1_247' title='bbox 524 2262 562 2294; x_wconf 91' lang='lat' dir='ltr'><strong>In</strong></span> <span class='ocrx_word' id='word_1_248' title='bbox 586 2263 727 2305; x_wconf 84' lang='lat' dir='ltr'><strong>palmam</strong></span> <span class='ocrx_word' id='word_1_249' title='bbox 750 2261 860 2304; x_wconf 83' lang='lat' dir='ltr'><strong>digitis</strong></span> <span class='ocrx_word' id='word_1_250' title='bbox 883 2273 983 2294; x_wconf 89' lang='lat' dir='ltr'><strong>nervo</strong></span> <span class='ocrx_word' id='word_1_251' title='bbox 1008 2267 1174 2295; x_wconf 89' lang='lat' dir='ltr'><strong>marcente</strong></span> <span class='ocrx_word' id='word_1_252' title='bbox 1199 2265 1352 2295; x_wconf 85' lang='lat' dir='ltr'><strong>recurvis.</strong></span> 
     </span>
     <span class='ocr_line' id='line_1_53' title="bbox 522 2313 1443 2357; baseline 0.001 -11"><span class='ocrx_word' id='word_1_253' title='bbox 522 2314 693 2357; x_wconf 84' lang='lat' dir='ltr'><strong>Temporis</strong></span> <span class='ocrx_word' id='word_1_254' title='bbox 717 2313 911 2346; x_wconf 84' lang='lat' dir='ltr'><strong>addiderant</strong></span> <span class='ocrx_word' id='word_1_255' title='bbox 936 2325 1069 2346; x_wconf 88' lang='lat' dir='ltr'><strong>saevum</strong></span> <span class='ocrx_word' id='word_1_256' title='bbox 1094 2319 1260 2346; x_wconf 87' lang='lat' dir='ltr'><strong>crementa</strong></span> <span class='ocrx_word' id='word_1_257' title='bbox 1282 2315 1443 2347; x_wconf 87' lang='lat' dir='ltr'><strong>dolorem:</strong></span> 
     </span>
     <span class='ocr_line' id='line_1_54' title="bbox 523 2365 1333 2409; baseline -0.001 -10"><span class='ocrx_word' id='word_1_258' title='bbox 523 2366 706 2399; x_wconf 83' lang='lat' dir='ltr'><strong>Oreverunt</strong></span> <span class='ocrx_word' id='word_1_259' title='bbox 728 2366 834 2398; x_wconf 90' lang='lat' dir='ltr'><strong>nimiis</strong></span> <span class='ocrx_word' id='word_1_260' title='bbox 858 2365 929 2398; x_wconf 86' lang='lat' dir='ltr'><strong>duri</strong></span> <span class='ocrx_word' id='word_1_261' title='bbox 954 2367 1183 2408; x_wconf 87' lang='lat' dir='ltr'><strong>progressibus</strong></span> <span class='ocrx_word' id='word_1_262' title='bbox 1206 2377 1333 2409; x_wconf 86' lang='lat' dir='ltr'><strong>ungues</strong></span> 
     </span>
     <span class='ocr_line' id='line_1_55' title="bbox 523 2418 1419 2461; baseline 0 -11"><span class='ocrx_word' id='word_1_263' title='bbox 523 2418 632 2461; x_wconf 86' lang='lat' dir='ltr'><strong>Atque</strong></span> <span class='ocrx_word' id='word_1_264' title='bbox 655 2418 741 2450; x_wconf 91' lang='lat' dir='ltr'><strong>intus</strong></span> <span class='ocrx_word' id='word_1_265' title='bbox 765 2421 911 2450; x_wconf 88' lang='lat' dir='ltr'><strong>teneram</strong></span> <span class='ocrx_word' id='word_1_266' title='bbox 936 2418 1105 2450; x_wconf 83' lang='lat' dir='ltr'><strong>laniabant</strong></span> <span class='ocrx_word' id='word_1_267' title='bbox 1129 2418 1256 2460; x_wconf 86' lang='lat' dir='ltr'><strong>spicula</strong></span> <span class='ocrx_word' id='word_1_268' title='bbox 1279 2429 1419 2457; x_wconf 82' lang='lat' dir='ltr'><strong>carnem,</strong></span> 
     </span>
     <span class='ocr_line' id='line_1_56' title="bbox 523 2469 1476 2512; baseline -0.002 -10"><span class='ocrx_word' id='word_1_269' title='bbox 523 2469 675 2512; x_wconf 86' lang='lat' dir='ltr'><strong>Quotque</strong></span> <span class='ocrx_word' id='word_1_270' title='bbox 698 2480 829 2502; x_wconf 90' lang='lat' dir='ltr'><strong>manum</strong></span> <span class='ocrx_word' id='word_1_271' title='bbox 854 2469 958 2511; x_wconf 85' lang='lat' dir='ltr'><strong>digiti,</strong></span> <span class='ocrx_word' id='word_1_272' title='bbox 981 2473 1030 2500; x_wconf 88' lang='lat' dir='ltr'><strong>tot</strong></span> <span class='ocrx_word' id='word_1_273' title='bbox 1054 2469 1190 2501; x_wconf 87' lang='lat' dir='ltr'><strong>vulnera</strong></span> <span class='ocrx_word' id='word_1_274' title='bbox 1214 2469 1285 2501; x_wconf 89' lang='lat' dir='ltr'><strong>dira</strong></span> <span class='ocrx_word' id='word_1_275' title='bbox 1308 2470 1476 2501; x_wconf 86' lang='lat' dir='ltr'><strong>tenebant:</strong></span> 
     </span>
     <span class='ocr_line' id='line_1_57' title="bbox 522 2521 1398 2564; baseline -0.001 -11"><span class='ocrx_word' id='word_1_276' title='bbox 522 2521 565 2553; x_wconf 80' lang='lat' dir='ltr'><strong>Et</strong></span> <span class='ocrx_word' id='word_1_277' title='bbox 587 2522 651 2554; x_wconf 88' lang='lat' dir='ltr'><strong>iam</strong></span> <span class='ocrx_word' id='word_1_278' title='bbox 675 2521 853 2564; x_wconf 85' lang='lat' dir='ltr'><strong>perfossam</strong></span> <span class='ocrx_word' id='word_1_279' title='bbox 878 2524 1088 2564; x_wconf 86' lang='lat' dir='ltr'><strong>penetrarant</strong></span> <span class='ocrx_word' id='word_1_280' title='bbox 1110 2522 1222 2553; x_wconf 87' lang='lat' dir='ltr'><strong>ulcera</strong></span> <span class='ocrx_word' id='word_1_281' title='bbox 1244 2522 1398 2564; x_wconf 75' lang='lat' dir='ltr'><strong>palmam,</strong></span> 
     </span>
     <span class='ocr_line' id='line_1_58' title="bbox 521 2573 1346 2615; baseline -0.001 -10"><span class='ocrx_word' id='word_1_282' title='bbox 521 2573 659 2605; x_wconf 85' lang='lat' dir='ltr'><strong>Ossibus</strong></span> <span class='ocrx_word' id='word_1_283' title='bbox 686 2576 862 2615; x_wconf 88' lang='lat' dir='ltr'><strong>exceptum</strong></span> <span class='ocrx_word' id='word_1_284' title='bbox 885 2573 911 2604; x_wconf 88' lang='lat' dir='ltr'><strong>si</strong></span> <span class='ocrx_word' id='word_1_285' title='bbox 936 2583 998 2604; x_wconf 90' lang='lat' dir='ltr'><strong>non</strong></span> <span class='ocrx_word' id='word_1_286' title='bbox 1023 2573 1176 2604; x_wconf 87' lang='lat' dir='ltr'><strong>cessisset</strong></span> <span class='ocrx_word' id='word_1_287' title='bbox 1199 2583 1346 2605; x_wconf 87' lang='lat' dir='ltr'><strong>acumen.</strong></span> 
     </span>
    </p>
   </div>
   <div class='ocr_carea' id='block_1_14' title="bbox 1758 164 1820 194">
    <p class='ocr_par' dir='ltr' id='par_1_23' title="bbox 1758 164 1820 194">
     <span class='ocr_line' id='line_1_59' title="bbox 1758 164 1820 194; baseline 0 0"><span class='ocrx_word' id='word_1_288' title='bbox 1758 164 1820 194; x_wconf 86' lang='lat'><strong>493</strong></span> 
     </span>
    </p>
   </div>
   <div class='ocr_carea' id='block_1_15' title="bbox 1563 253 1820 372">
    <p class='ocr_par' dir='ltr' id='par_1_24' title="bbox 1563 253 1820 372">
     <span class='ocr_line' id='line_1_60' title="bbox 1567 253 1820 279; baseline 0.012 -3"><span class='ocrx_word' id='word_1_289' title='bbox 1567 253 1598 277; x_wconf 76' lang='lat' dir='ltr'><strong>Ut</strong></span> <span class='ocrx_word' id='word_1_290' title='bbox 1610 257 1724 278; x_wconf 72' lang='lat' dir='ltr'><strong>sanctum</strong></span> <span class='ocrx_word' id='word_1_291' title='bbox 1736 254 1820 279; x_wconf 67' lang='lat' dir='ltr'><strong>Cassi-</strong></span> 
     </span>
     <span class='ocr_line' id='line_1_61' title="bbox 1563 298 1819 329; baseline 0.008 -8"><span class='ocrx_word' id='word_1_292' title='bbox 1563 305 1642 322; x_wconf 79' lang='lat' dir='ltr'><strong>tmwm</strong></span> <span class='ocrx_word' id='word_1_293' title='bbox 1660 298 1686 321; x_wconf 69' lang='lat' dir='ltr'><strong>iv</strong></span> <span class='ocrx_word' id='word_1_294' title='bbox 1703 299 1819 329; x_wconf 73' lang='lat' dir='ltr'><strong>sepulcro</strong></span> 
     </span>
     <span class='ocr_line' id='line_1_62' title="bbox 1568 340 1804 372; baseline 0.013 -9"><span class='ocrx_word' id='word_1_295' title='bbox 1568 340 1653 372; x_wconf 74' lang='lat' dir='ltr'><strong>suerit</strong></span> <span class='ocrx_word' id='word_1_296' title='bbox 1671 341 1804 366; x_wconf 68' lang='lat' dir='ltr'><strong>allocutus.</strong></span> 
     </span>
    </p>
   </div>
   <div class='ocr_carea' id='block_1_16' title="bbox 1554 2011 1806 2081">
    <p class='ocr_par' dir='ltr' id='par_1_25' title="bbox 1554 2011 1806 2081">
     <span class='ocr_line' id='line_1_63' title="bbox 1554 2011 1806 2044; baseline 0 -8"><span class='ocrx_word' id='word_1_297' title='bbox 1554 2011 1584 2036; x_wconf 85' lang='lat' dir='ltr'><strong>Ul</strong></span> <span class='ocrx_word' id='word_1_298' title='bbox 1591 2021 1695 2037; x_wconf 79' lang='lat' dir='ltr'><strong>manum</strong></span> <span class='ocrx_word' id='word_1_299' title='bbox 1700 2013 1806 2044; x_wconf 70' lang='lat' dir='ltr'><strong>puellae</strong></span> 
     </span>
     <span class='ocr_line' id='line_1_64' title="bbox 1615 2055 1742 2081; baseline 0 -1"><span class='ocrx_word' id='word_1_300' title='bbox 1615 2055 1727 2081; x_wconf 73' lang='lat' dir='ltr'><strong>dim-eri</strong></span> <span class='ocrx_word' id='word_1_301' title='bbox 1728 2060 1742 2080; x_wconf 76' lang='lat'><strong>1.</strong></span> 
     </span>
    </p>
   </div>
   <div class='ocr_carea' id='block_1_17' title="bbox 288 2620 1696 2644">
    <p class='ocr_par' dir='ltr' id='par_1_26' title="bbox 288 2620 1696 2644">
     <span class='ocr_line' id='line_1_65' title="bbox 288 2620 1696 2644; baseline 0 0"><span class='ocrx_word' id='word_1_302' title='bbox 288 2620 1696 2644; x_wconf 95' lang='lat' dir='ltr'><strong> </strong></span> 
     </span>
    </p>
   </div>
   <div class='ocr_carea' id='block_1_18' title="bbox 259 2659 1802 2694">
    <p class='ocr_par' dir='ltr' id='par_1_27' title="bbox 259 2659 1802 2694">
     <span class='ocr_line' id='line_1_66' title="bbox 259 2659 1802 2694; baseline 0.001 -8"><span class='ocrx_word' id='word_1_303' title='bbox 259 2659 366 2686; x_wconf 75' lang='lat' dir='ltr'><strong>Scholia</strong></span> <span class='ocrx_word' id='word_1_304' title='bbox 390 2674 420 2679; x_wconf 91' lang='lat'><strong>—</strong></span> <span class='ocrx_word' id='word_1_305' title='bbox 446 2659 496 2686; x_wconf 69' lang='lat'><strong>182</strong></span> <span class='ocrx_word' id='word_1_306' title='bbox 514 2661 596 2686; x_wconf 78' lang='lat' dir='ltr'><strong>Paulo</strong></span> <span class='ocrx_word' id='word_1_307' title='bbox 616 2665 683 2694; x_wconf 80' lang='lat' dir='ltr'><strong>post,</strong></span> <span class='ocrx_word' id='word_1_308' title='bbox 708 2661 808 2693; x_wconf 86' lang='lat' dir='ltr'><strong>inquid,</strong></span> <span class='ocrx_word' id='word_1_309' title='bbox 834 2661 941 2686; x_wconf 79' lang='lat' dir='ltr'><strong>mortale</strong></span> <span class='ocrx_word' id='word_1_310' title='bbox 963 2669 1057 2694; x_wconf 84' lang='lat' dir='ltr'><strong>corpus</strong></span> <span class='ocrx_word' id='word_1_311' title='bbox 1076 2662 1218 2686; x_wconf 78' lang='lat' dir='ltr'><strong>Germanus</strong></span> <span class='ocrx_word' id='word_1_312' title='bbox 1245 2661 1353 2693; x_wconf 77' lang='lat' dir='ltr'><strong>deponet</strong></span> <span class='ocrx_word' id='word_1_313' title='bbox 1376 2665 1401 2685; x_wconf 79' lang='lat' dir='ltr'><strong>et</strong></span> <span class='ocrx_word' id='word_1_314' title='bbox 1422 2661 1459 2686; x_wconf 76' lang='lat' dir='ltr'><strong>sic</strong></span> <span class='ocrx_word' id='word_1_315' title='bbox 1482 2670 1509 2686; x_wconf 87' lang='lat' dir='ltr'><strong>se</strong></span> <span class='ocrx_word' id='word_1_316' title='bbox 1531 2667 1620 2687; x_wconf 80' lang='lat' dir='ltr'><strong>mutuo</strong></span> <span class='ocrx_word' id='word_1_317' title='bbox 1638 2663 1802 2694; x_wconf 75' lang='lat' dir='ltr'><strong>perfruentur</strong></span> 
     </span>
    </p>
   </div>
   <div class='ocr_carea' id='block_1_19' title="bbox 159 2701 493 2737">
    <p class='ocr_par' dir='ltr' id='par_1_28' title="bbox 159 2701 493 2737">
     <span class='ocr_line' id='line_1_67' title="bbox 159 2701 493 2737; baseline 0.006 -9"><span class='ocrx_word' id='word_1_318' title='bbox 159 2701 209 2728; x_wconf 81' lang='lat'><strong>18³</strong></span> <span class='ocrx_word' id='word_1_319' title='bbox 225 2702 355 2736; x_wconf 73' lang='lat' dir='ltr'><strong>dispescit]</strong></span> <span class='ocrx_word' id='word_1_320' title='bbox 374 2708 493 2737; x_wconf 70' lang='lat' dir='ltr'><strong>segregat</strong></span> 
     </span>
    </p>
   </div>
   <div class='ocr_carea' id='block_1_20' title="bbox 259 2770 1451 2805">
    <p class='ocr_par' dir='ltr' id='par_1_29' title="bbox 259 2770 1451 2805">
     <span class='ocr_line' id='line_1_68' title="bbox 259 2770 1451 2805; baseline 0.001 -8"><span class='ocrx_word' id='word_1_321' title='bbox 259 2770 310 2797; x_wconf 80' lang='lat'><strong>163</strong></span> <span class='ocrx_word' id='word_1_322' title='bbox 327 2772 436 2798; x_wconf 79' lang='lat' dir='ltr'><strong>multum</strong></span> <span class='ocrx_word' id='word_1_323' title='bbox 455 2780 522 2797; x_wconf 68' lang='lat' dir='ltr'><strong>corr.</strong></span> <span class='ocrx_word' id='word_1_324' title='bbox 541 2772 566 2797; x_wconf 79' lang='lat'><strong>1²</strong></span> <span class='ocrx_word' id='word_1_325' title='bbox 670 2771 717 2798; x_wconf 83' lang='lat'><strong>181</strong></span> <span class='ocrx_word' id='word_1_326' title='bbox 738 2773 849 2805; x_wconf 84' lang='lat' dir='ltr'><strong>lmportu</strong></span> <span class='ocrx_word' id='word_1_327' title='bbox 865 2771 889 2796; x_wconf 90' lang='lat' dir='ltr'><em>P</em></span> <span class='ocrx_word' id='word_1_328' title='bbox 989 2772 1025 2796; x_wconf 68' lang='grc' dir='ltr'><strong>(ιιι</strong></span> <span class='ocrx_word' id='word_1_329' title='bbox 1045 2771 1094 2797; x_wconf 85' lang='grc'><strong>184</strong></span> <span class='ocrx_word' id='word_1_330' title='bbox 1112 2772 1322 2797; x_wconf 73' lang='lat' dir='ltr'><strong>DIREXERINT</strong></span> <span class='ocrx_word' id='word_1_331' title='bbox 1340 2780 1406 2798; x_wconf 84' lang='lat' dir='ltr'><strong>corr.</strong></span> <span class='ocrx_word' id='word_1_332' title='bbox 1426 2773 1451 2797; x_wconf 90' lang='lat' dir='ltr'><strong><em>P</em></strong></span> 
     </span>
    </p>
   </div>
   <div class='ocr_carea' id='block_1_21' title="bbox 158 2812 534 2857">
    <p class='ocr_par' dir='ltr' id='par_1_30' title="bbox 158 2812 534 2857">
     <span class='ocr_line' id='line_1_69' title="bbox 158 2812 534 2857; baseline 0.005 -19"><span class='ocrx_word' id='word_1_333' title='bbox 158 2812 208 2838; x_wconf 82' lang='lat'><strong>190</strong></span> <span class='ocrx_word' id='word_1_334' title='bbox 226 2814 382 2840; x_wconf 75' lang='lat' dir='ltr'><strong>incrementa</strong></span> <span class='ocrx_word' id='word_1_335' title='bbox 402 2814 494 2840; x_wconf 67' lang='lat' dir='ltr'><strong>Bacch.</strong></span> <span class='ocrx_word' id='word_1_336' title='bbox 531 2854 534 2857; x_wconf 34' lang='grc' dir='ltr'>Ι</span> 
     </span>
    </p>
   </div>
   <div class='ocr_carea' id='block_1_22' title="bbox 1554 2773 1801 2807">
    <p class='ocr_par' dir='ltr' id='par_1_31' title="bbox 1554 2773 1801 2807">
     <span class='ocr_line' id='line_1_70' title="bbox 1554 2773 1801 2807; baseline 0 -8"><span class='ocrx_word' id='word_1_337' title='bbox 1554 2773 1603 2799; x_wconf 79' lang='lat'><strong>185</strong></span> <span class='ocrx_word' id='word_1_338' title='bbox 1621 2774 1762 2807; x_wconf 83' lang='lat' dir='ltr'><strong>impulvere</strong></span> <span class='ocrx_word' id='word_1_339' title='bbox 1776 2774 1801 2799; x_wconf 90' lang='lat' dir='ltr'><strong><em>P</em></strong></span> 
     </span>
    </p>
   </div>
   <div class='ocr_carea' id='block_1_23' title="bbox 600 2814 1650 2848">
    <p class='ocr_par' dir='ltr' id='par_1_32' title="bbox 600 2814 1650 2848">
     <span class='ocr_line' id='line_1_71' title="bbox 600 2814 1650 2848; baseline 0.002 -8"><span class='ocrx_word' id='word_1_340' title='bbox 600 2814 646 2840; x_wconf 78' lang='lat'><strong>191</strong></span> <span class='ocrx_word' id='word_1_341' title='bbox 666 2823 748 2848; x_wconf 77' lang='lat' dir='ltr'><strong>unges</strong></span> <span class='ocrx_word' id='word_1_342' title='bbox 766 2823 831 2840; x_wconf 77' lang='lat' dir='ltr'><strong>corr.</strong></span> <span class='ocrx_word' id='word_1_343' title='bbox 851 2815 876 2839; x_wconf 79' lang='lat' dir='ltr'><em>P</em></span> <span class='ocrx_word' id='word_1_344' title='bbox 980 2814 1029 2839; x_wconf 78' lang='lat'><strong>193</strong></span> <span class='ocrx_word' id='word_1_345' title='bbox 1047 2815 1172 2847; x_wconf 84' lang='lat' dir='ltr'><strong>Quodque</strong></span> <span class='ocrx_word' id='word_1_346' title='bbox 1190 2815 1215 2839; x_wconf 89' lang='lat' dir='ltr'><em>P</em></span> <span class='ocrx_word' id='word_1_347' title='bbox 1319 2815 1368 2840; x_wconf 78' lang='lat'><strong>195</strong></span> <span class='ocrx_word' id='word_1_348' title='bbox 1386 2816 1521 2841; x_wconf 79' lang='lat' dir='ltr'><strong>cessissent</strong></span> <span class='ocrx_word' id='word_1_349' title='bbox 1539 2824 1605 2842; x_wconf 67' lang='lat' dir='ltr'><strong>corr.</strong></span> <span class='ocrx_word' id='word_1_350' title='bbox 1624 2817 1650 2842; x_wconf 89' lang='lat' dir='ltr'><strong><em>P</em></strong></span> 
     </span>
    </p>
   </div>
  </div>
 </body>
</html>
