2060 3074
0 1986 22 2049 ww.
0 1848 21 1979 τως-ν’*
0 1754 9 1842 φναν·
0 1731 5 1741 v

0 2390 9 2397 ⁸
0 2372 3 2375 ‘
0 2055 32 2359 mzwffl

0 2486 26 2571 :fimf
10 2435 26 2458 ῃ,
3 2402 19 2411 μ

766 165 813 193 DE
830 166 973 194 SANCTA
993 167 1203 198 TRINI'I'A'I'E.
1690 176 1751 207 743

469 248 504 281 Si
526 252 620 292 pater
643 253 676 282 et
697 254 801 292 natus,
825 256 952 285 sanetus
976 264 1103 296 quoque
1127 255 1254 297 spiritus
1277 267 1360 288 unus

471 300 531 333 Est
553 301 633 334 deus
656 304 870 346 omnipotens,
894 306 1018 337 canitur
1040 307 1093 349 qui
1115 307 1215 340 trinus
1238 310 1272 340 et
1293 319 1384 350 unus,

402 365 428 384 so
470 353 664 386 Immortalis
687 358 721 386 et
742 358 902 403 aeternus,
926 357 977 388 cui
998 368 1063 389 non
1085 359 1172 401 prius
1195 362 1251 392 aut
1272 363 1346 402 post

467 405 506 436 In
529 405 651 438 deitate
674 410 794 448 manet,
818 408 876 439 sed
898 419 1040 441 summus
1063 411 1159 442 tertia
1182 413 1284 444 saneti

469 456 605 500 Spiritus
628 461 678 490 est
699 469 838 501 persona
861 460 940 492 deus
962 471 1023 493 nec
1044 463 1158 494 transit
1180 463 1213 496 in
1235 464 1324 505 illud,

468 508 512 541 Ut
534 510 634 552 patris
657 514 713 543 aut
734 512 801 543 nati
823 522 942 544 nomen
965 513 1025 545 sibi
1048 513 1190 547 vindicet
1211 525 1362 558 unquam,

468 559 605 603 Spiritus
627 565 662 594 et
683 564 784 596 sancti
806 574 925 596 nomen
947 575 1012 596 non
1034 565 1147 598 dividit
1170 566 1258 607 illud,

402 625 427 643 55
472 612 567 650 Quod
589 614 650 647 sibi
672 618 830 658 perpetuo
854 616 1034 648 substantia
1057 618 1198 650 continet
1220 629 1294 651 una.

468 664 514 696 Ut
534 666 635 708 patris
656 667 690 698 in
711 668 779 699 nati
800 678 919 700 nomen
941 679 1006 700 non
1028 669 1164 702 vertitur
1185 681 1337 712 unquam,

468 716 520 749 Sie
542 718 746 760 procedentis
768 730 943 762 numquam
965 723 1108 753 mutatur
1127 721 1161 753 in
1182 722 1255 762 illis,

467 768 598 802 Gaudet
619 770 678 802 sed
699 772 830 814 proprio
854 782 983 814 semper
1006 782 1041 804 se
1063 773 1191 805 nomine
1215 773 1287 806 dici.

468 822 580 855 Gloria
602 834 727 856 summa
750 825 818 866 tibi,
842 828 910 857 toto
934 826 1078 859 sublimis
1100 826 1224 859 honore

398 886 425 906 ω
468 873 531 910 Qui
553 876 654 918 patris
678 879 712 908 et
731 877 800 909 nati
823 887 952 920 semper
974 878 1106 911 laetaris
1129 889 1250 920 amore,

467 926 604 970 Spiritus
626 938 645 960 o
667 924 807 972 persona
829 929 909 961 deus
933 930 986 973 qui
1008 931 1105 962 tertia
1127 931 1240 973 polles.

466 978 514 1011 Te
537 980 605 1012 sine
627 991 692 1012 non
714 984 840 1024 patrem
863 981 985 1024 placuit
1005 992 1154 1024 regnare,
1178 982 1236 1014 sed
1258 993 1322 1014 una

465 1031 587 1064 Tecum
611 1043 682 1065 cum
705 1034 815 1075 genito
838 1034 940 1066 voluit
962 1034 1030 1066 sine
1054 1034 1118 1066 fine
1141 1044 1284 1066 manere.

252 1094 418 1121 EXPLICIT
437 1093 484 1120 DE
503 1093 646 1120 SANOTA
665 1093 868 1121 TRINITATE
889 1093 996 1121 LIBER
1014 1094 1158 1121 PRIMUS.
1195 1094 1315 1121 HABE'P
1334 1094 1473 1122 VERSUS
1491 1094 1596 1122 .LX111.

691 1269 867 1307 INCIPIT
895 1269 1152 1306 SECUNDUS.

466 1345 547 1377 Cum
570 1347 664 1388 pater
686 1345 719 1376 in
741 1347 831 1377 tanto
853 1345 922 1376 nati
944 1348 1098 1387 regnaret
1119 1355 1240 1385 amore,

466 1397 642 1439 Imperium
664 1397 822 1429 sollemne
846 1397 907 1428 sibi
930 1397 1068 1429 formare
1090 1407 1150 1439 per
1172 1397 1262 1428 illum

464 1449 644 1491 Aequalem
668 1448 814 1492 genitum
837 1448 959 1491 placuit
980 1459 1181 1491 regnumque
1204 1449 1334 1489 creavit,

463 1501 502 1533 In
524 1511 588 1543 quo
610 1503 770 1544 perpetuo
794 1501 908 1532 solium
933 1501 1069 1532 sublime
1092 1504 1229 1541 teneret,

409 1567 420 1585 ε.
465 1553 706 1596 Angelicosque
730 1552 845 1584 choros
868 1553 944 1584 fecit
967 1552 1161 1596 laudemque
1185 1554 1311 1596 paravit

464 1605 514 1638 Ac
536 1605 598 1639 sibi
619 1615 692 1637 cum
715 1605 825 1647 genito
847 1605 939 1636 iussit
962 1608 1092 1636 cantare
1116 1604 1276 1637 decorem.

462 1656 589 1700 Hisque
612 1667 730 1688 novem
753 1657 831 1688 laeti
854 1656 999 1699 gaudent
1021 1667 1055 1689 se
1079 1657 1218 1689 subdere
1241 1657 1334 1689 iussis

462 1708 655 1751 Factorique
679 1718 738 1740 suo
760 1708 874 1740 laudes
897 1709 966 1740 sine
988 1708 1051 1740 fine
1073 1709 1211 1741 referre:

463 1761 535 1793 Hos
558 1761 638 1793 deus
660 1763 810 1792 aeternus
833 1761 942 1792 stabili
964 1760 1108 1803 perfudit
1129 1761 1268 1797 honore;

395 1826 419 1845 m
462 1812 529 1845 Sed
551 1812 694 1845 decimus
717 1812 834 1844 cecidit
855 1813 968 1844 nolens
990 1813 1124 1844 laudare
1147 1816 1322 1853 tonantem,

463 1864 571 1907 Seque
592 1864 731 1896 creatori
753 1865 890 1896 similem
913 1865 989 1907 quia
1012 1864 1104 1905 dixit,
1128 1865 1160 1896 in
1182 1865 1254 1896 imis

398 1929 422 1949 η
464 1916 646 1948 Damnatus
667 1916 819 1948 miseram
842 1919 950 1948 servat
972 1916 1040 1948 sine
1064 1916 1135 1948 luce
1158 1916 1351 1958 gehennam.

395 1981 419 2001 u
463 1968 614 2011 Denique
638 1978 711 2000 cum
733 1968 861 2010 genitor
882 1978 942 2010 per
963 1970 1073 1999 natum
1098 1967 1253 1999 conderet
1275 1968 1397 2007 orbem,

396 2033 420 2052 ιε
464 2020 543 2052 Post
564 2020 704 2062 propriis
726 2019 890 2051 hominem
913 2019 1061 2051 manibus
1083 2020 1264 2062 plasmavit,
1288 2022 1323 2050 ut
1345 2019 1390 2050 illi

395 2085 419 2104 ιε
462 2071 596 2103 Deliciis
619 2075 714 2103 utens
737 2071 877 2114 paradisi
898 2074 1058 2113 pangeret
1081 2071 1170 2112 odas,

461 2122 505 2154 Et
526 2122 638 2155 mundi
661 2122 825 2155 dominum
848 2122 977 2154 sublimi
999 2123 1076 2154 fecit
1097 2123 1231 2162 honore,

463 2174 564 2207 Unius
587 2178 621 2206 et
643 2175 723 2216 ligni
746 2174 848 2206 vetuit
871 2175 1057 2216 contingere
1081 2175 1212 2214 malum,

461 2226 527 2258 Per
549 2237 632 2269 quae
656 2237 691 2258 se
713 2227 823 2268 legem
847 2226 976 2258 domino
999 2237 1128 2258 servare
1151 2226 1324 2269 probaret:

464 2278 570 2314 Quam
592 2278 619 2310 si
642 2279 827 2320 sprevisset,
851 2281 1018 2320 pateretur
1039 2278 1183 2320 protinus
1206 2281 1309 2309 atram

394 2343 420 2362 no
462 2330 612 2370 Mortem,
635 2330 794 2363 servando
818 2340 992 2372 numquam
1014 2333 1194 2362 moreretur
1215 2330 1247 2361 in
1271 2339 1397 2369 aevum,

198 2474 233 2501 48
251 2474 314 2502 *Sic
334 2477 357 2502 0
409 2486 511 2511 quoquc
533 2479 568 2503 εἰς
587 2477 610 2503 C
700 2476 734 2502 49
753 2486 802 2503 om.
826 2477 988 2503 Gaudentius
1078 2476 1113 2503 50
1130 2486 1181 2502 non
1204 2477 1240 2502 nic
1260 2476 1283 2503 C
1370 2474 1404 2500 52
1422 2473 1560 2509 *Spin-itus]
1585 2476 1701 2501 Christus
1720 2475 1742 2500 Ο

38 2540 43 2544 .
97 2517 132 2544 53
149 2517 202 2544 *132
220 2519 243 2544 0
316 2519 351 2546 54
367 2518 507 2554 'SpiritusJ
527 2521 645 2546 Christus
665 2520 687 2546 Ο
763 2520 797 2546 56
814 2519 830 2535 ²*
835 2521 868 2545 Et
886 2520 908 2545 Ο
983 2518 1017 2544 58
1035 2519 1156 2545 *Gaudet
1173 2528 1200 2544 sc
1219 2519 1242 2544 Ο
1314 2518 1347 2543 (il
1366 2527 1381 2544 o
1399 2519 1434 2543 eie
1454 2519 1476 2543 O
1548 2517 1582 2544 62
1600 2527 1654 2544 uns.
1670 2519 1706 2544 arie
1720 2518 1742 2543 Ο

96 2559 131 2587 64
148 2562 248 2588 amm.
268 2562 291 2588 0
371 2562 382 2596 ΙΙ
398 2563 415 2589 6
433 2562 489 2588 *At
508 2563 530 2588 G
609 2562 642 2588 10
659 2562 814 2588 *conantem
833 2563 854 2588 O
935 2562 965 2588 11
985 2560 1076 2595 *quia]
1100 2570 1151 2595 que
1171 2562 1193 2587 Ο
1269 2561 1300 2587 12
1319 2565 1405 2588 seruat
1424 2561 1459 2586 sic
1482 2561 1505 2586 0
1579 2560 1611 2586 14
1629 2565 1688 2586 ame
1707 2560 1740 2587 13

93 2605 171 2636 pond
258 2604 291 2631 18
307 2604 382 2639 *qua
401 2606 423 2631 C'

200 2690 234 2717 10
250 2690 296 2724 (cf.
307 2690 384 2723 imfm
395 2690 430 2718 22
447 2693 472 2717 et
483 2698 567 2724 supra
575 2699 638 2724 pay.
651 2691 685 2717 84
703 2698 724 2716 v.
738 2690 766 2724 7)
785 2690 891 2717 Novem
910 2689 1021 2716 ordines
1034 2689 1196 2723 angelorum
1216 2689 1245 2715 in
1257 2688 1383 2715 amicitia
1394 2688 1439 2714 dei
1453 2689 1597 2720 steterant,
1616 2688 1739 2715 decimus

96 2739 212 2774 decidit,
233 2750 256 2769 v.
275 2741 425 2769 Ekkeharti
440 2749 529 2768 versus
553 2741 593 2769 cd.
615 2742 718 2775 Kicffer
736 2749 799 2775 pay.
815 2742 832 2767 5
849 2749 871 2767 v.
888 2741 905 2767 2
926 2743 948 2767 et
971 2740 1087 2767 Strmaeh
1111 2740 1149 2766 ad
1167 2739 1278 2766 Eniloels
1294 2739 1469 2767 Weltchrtmik
1491 2747 1514 2766 v.
1527 2739 1577 2766 327
1595 2739 1740 2772 (Deutsche

98 2790 249 2820 chron-ste„
266 2793 343 2820 1111
360 2801 426 2828 pay.
439 2793 476 2827 7).

1482 2842 1534 2869 94*
