2040 2996
576 41 596 58 ‚Q

464 131 672 159 PASSIONUM
691 132 745 159 BB.
764 132 905 159 IULIANI
923 133 969 160 ΕΤ
988 133 1173 160 SOCIORUM
1192 134 1274 162 EIUS
1293 135 1399 162 LIBER
1418 136 1464 164 IV.
1728 139 1782 168 111

424 225 450 243 ⁹⁰
506 218 552 251 At
574 219 712 262 primum
734 229 865 262 praeses
889 219 1009 252 blanda
1032 220 1079 251 sic
1102 231 1183 252 voce
1207 221 1343 254 fatetur:

506 271 615 303 ‘Forte
639 270 710 303 dies
734 274 863 303 vestrae
886 271 985 311 venit,
1009 271 1147 311 Iuliane,
1173 273 1302 305 salutis:

505 322 589 354 Nam
613 333 763 355 reserans
786 326 894 355 vestro
917 324 1068 355 consultu
1090 325 1219 356 moenia
1242 326 1365 368 templi,

507 375 581 412 Quo
604 375 708 408 semel
730 375 764 407 in
787 378 856 408 toto
880 378 1006 407 tantum
1030 375 1219 408 conceditur
1239 388 1323 409 anno

504 427 623 459 Intrari
647 430 680 459 et
703 437 812 460 sacras
834 427 927 459 donis
950 428 1116 460 onerat-ier
1138 439 1222 469 aras,

423 486 447 505 ⁹⁵
507 479 634 512 Adduci
657 490 716 511 vos
738 479 821 512 haec
844 480 929 511 inter
952 480 1124 512 sollemnia
1148 481 1222 521 feci,

504 531 643 564 Pronius
665 534 702 563 ut
723 532 818 564 flexis
840 531 1024 564 cervicibus
1047 532 1106 564 hos
1130 534 1294 566 veneretis

505 583 694 616 Ole‘mentes
718 583 811 616 divos
835 587 868 616 et
890 584 984 615 vobis
1008 585 1199 617 concilietis.

503 635 547 667 Et
569 638 616 673 tu,
638 636 694 678 qui
716 636 866 679 princeps
890 635 1024 668 sceleris
1046 646 1132 668 nunc
1154 647 1258 680 usque
1281 638 1381 679 fuisti,

502 687 557 727 Ut,
580 687 715 727 Iuliane,
739 687 845 728 decet,
868 688 1008 731 primum
1032 688 1106 720 thus
1131 690 1312 722 sacrificato

408 747 445 766 ¹⁰⁰
503 739 650 782 Cumque
674 740 739 772 tuis
763 740 860 772 sociis
884 743 962 772 exta
983 743 1061 783 post
1083 742 1216 774 consule
1239 743 1339 774 tauri:

502 791 710 834 Restituique
732 795 810 824 tuae
833 792 956 834 poteris
981 793 1026 824 sic
1049 792 1224 825 nobilitati.

506 843 631 880 Quodsi
652 843 726 886 plus
749 843 876 876 miseris
901 844 997 876 vultis
1019 844 1198 886 persistere
1222 846 1355 888 coeptis,

503 895 580 927 Iuro
602 895 683 927 deos
706 905 835 928 omnes:
861 895 1063 938 confringam
1086 906 1222 938 corpora
1243 900 1354 929 vestra

504 947 549 979 Et
570 947 696 990 magnis
718 947 836 979 faciam
858 948 974 991 poenis
997 947 1057 979 sub
1082 948 1151 980 sole
1174 947 1302 991 perire’.

140 1001 165 1023 C·
178 1001 207 1022 V·
411 1007 447 1026 1⁰⁵
505 999 653 1032 ‘Arbitrii
676 999 808 1032 decreta
829 999 877 1031 tui
900 1010 1031 1032 servare
1054 1000 1202 1043 placeret

503 1051 550 1084 'I'e
574 1052 708 1092 utinam,
731 1062 750 1084 o
772 1050 929 1094 praeses‚'
953 1051 1035 1084 dixit
1057 1051 1204 1084 Iulianus
1228 1054 1275 1084 ‘ut
1295 1053 1381 1085 ultra

501 1103 576 1135 Non
598 1102 782 1146 dignareris
804 1113 932 1135 mecum
956 1103 1162 1136 sermonibus
1185 1104 1248 1139 uti:

506 1154 573 1188 Sed
595 1155 672 1198 quia
695 1155 760 1187 iam
785 1158 939 1198 properat
960 1159 1142 1188 nostrarum
1165 1156 1360 1188 laetitiarum

501 1206 645 1250 Tempus
669 1210 703 1239 et
724 1210 776 1239 est
797 1217 910 1239 verum
933 1207 997 1240 iam
1021 1210 1167 1240 nostram
1190 1208 1311 1240 instare
1336 1209 1485 1249 salutem,

407 1266 444 1285 1¹⁰
501 1258 642 1291 Numina
665 1258 826 1302 condigno
848 1270 868 1291 a
890 1259 983 1292 nobis
1006 1263 1204 1292 venerentur
1226 1260 1360 1294 honore.

501 1311 548 1343 Ut
570 1311 636 1350 fiat,
659 1310 775 1343 iubeas
798 1314 992 1354 praesentes
1016 1322 1090 1344 esse
1114 1311 1280 1344 ministros

501 1363 612 1406 Atque
636 1362 834 1405 sacerdotes,
860 1373 974 1396 omnes
997 1364 1170 1407 epulentur
1192 1367 1228 1396 ut
1250 1375 1326 1405 una,

501 1416 585 1449 Cum
607 1416 729 1449 fuerint
752 1416 820 1448 divi
841 1417 963 1460 placati
987 1428 1121 1450 munere
1143 1417 1276 1451 nostro!

138 1476 162 1497 c.
176 1475 216 1497 VI.
502 1468 616 1501 Audiit
638 1468 720 1501 haec
742 1479 875 1512 praeses
899 1472 1054 1512 totusque
1077 1469 1118 1502 ad
1141 1470 1262 1512 gaudia
1286 1471 1399 1513 surgit,

406 1528 443 1548 115
496 1520 627 1553 Ordinis
650 1521 783 1563 ignarus
807 1521 965 1553 dictorum
989 1521 1075 1554 hunc
1098 1522 1293 1564 gratificavit

502 1571 612 1615 Atque
635 1572 810 1604 salutando
833 1572 918 1605 dixit
940 1572 1060 1612 ‘bene',
1082 1584 1194 1607 rursus
1219 1577 1252 1606 et
1275 1574 1367 1607 ‘ave'.

502 1619 729 1667 Continuoque
751 1624 843 1657 iubet
865 1629 1048 1658 sanctorum
1073 1626 1202 1658 vincula
1226 1626 1307 1658 solvi

501 1675 585 1708 ‘Non
608 1676 706 1709 decet
727 1676 796 1709 hos'
820 1676 932 1709 dicens
955 1677 1045 1710 ‘ferri
1069 1678 1251 1721 stringente
1274 1681 1391 1710 catena

502 1727 624 1760 Sancta
645 1726 743 1760 deum
767 1728 946 1768 celebrare,
970 1729 1086 1772 quibus
1110 1730 1174 1762 iam
1195 1740 1331 1772 parcere
1355 1730 1449 1762 mites

405 1787 443 1806 ¹²0
499 1779 686 1822 Dignantur
706 1779 901 1824 placidoque
923 1781 1094 1814 remittunt
1117 1782 1252 1814 crimina
1274 1782 1377 1815 nutu’.

499 1831 651 1864 Protinus
675 1831 823 1865 inmenso
845 1832 1031 1875 levigantur
1053 1833 1199 1876 pondere
1223 1834 1311 1866 ferri.

500 1883 544 1915 Et
565 1893 641 1915 mox
663 1893 800 1916 uxorem
823 1884 1035 1927 genitumque
1058 1885 1187 1917 vocavit
1209 1885 1323 1924 amice,

501 1934 637 1967 Dulcius
660 1938 758 1978 atque
781 1939 894 1968 monet
916 1937 1039 1979 primos
1062 1936 1110 1969 dis
1134 1937 1317 1969 sacrificare

135 2022 195 2048 tntis
206 2023 282 2048 dixit:
301 2022 375 2050 ‘Eece
387 2031 464 2054 nune,
484 2022 590 2052 Iuliane,
607 2026 634 2048 et
651 2026 688 2053 tn,
706 2022 810 2054 Antoni,
829 2027 930 2056 tempus
941 2024 1054 2053 advenit,
1073 2024 1098 2049 iu
1111 2033 1163 2057 quo
1180 2033 1227 2050 vos
1244 2029 1270 2050 et
1282 2028 1411 2050 consortes
1429 2025 1508 2050 vestri
1526 2025 1635 2051 salutem
1647 2033 1784 2058 consequa-

136 2065 207 2090 mini.
242 2067 298 2091 Hoc
321 2067 389 2092 enim
412 2066 479 2099 elegi
502 2075 546 2100 pro
571 2070 656 2091 vestra
678 2065 772 2096 salute,
799 2070 828 2091 ut
853 2066 879 2091 in
900 2066 948 2092 isto
970 2067 1076 2092 terribili
1098 2067 1192 2100 templo
1211 2067 1315 2092 deorum
1340 2067 1416 2093 thura
1433 2068 1618 2093 immortalibus
1636 2069 1785 2094 numinibus

136 2108 255 2134 offeratis.
291 2109 388 2141 Quodsi
405 2109 438 2141 (v.
457 2107 507 2134 102
524 2108 587 2142 sqq.)
607 2109 692 2134 adhuc
712 2109 738 2134 in
755 2109 811 2142 ipsa
829 2110 988 2135 eontmnacia
1006 2115 1090 2135 vestra
1108 2111 1267 2143 perstiteritis
1284 2111 1442 2143 abnegantes
1459 2111 1533 2142 istos,
1558 2120 1603 2144 pro
1622 2113 1716 2144 quibus
1734 2112 1784 2137 huc

135 2160 218 2185 usque
235 2153 343 2185 peperci,
362 2152 463 2177 diversa
479 2155 604 2177 toi-ments
620 2152 647 2177 in
666 2152 739 2177 vobis
756 2153 889 2178 exercebo.
924 2153 974 2178 Pro
991 2161 1043 2185 qua
1063 2161 1090 2178 re
1109 2153 1142 2184 (v.
1160 2151 1194 2178 98
1211 2153 1268 2186 οφ),
1287 2154 1396 2183 Iuliane.
1415 2154 1475 2186 qnia
1492 2158 1516 2179 te
1534 2158 1632 2180 constat
1650 2163 1705 2180 esse
1723 2163 1781 2180 auc-

137 2198 217 2220 torem
234 2196 313 2221 huius
331 2195 446 2227 sceleris,
463 2195 588 2220 accedens
605 2195 743 2228 repropitia
759 2195 806 2220 tibi
823 2195 884 2221 deos
902 2196 1068 2227 immortales,
1087 2205 1132 2229 per
1150 2205 1258 2228 quorum
1278 2197 1437 2222 divinitatem
1454 2197 1542 2230 generi
1561 2202 1606 2223 tuo
1624 2198 1782 2223 restituaris'.

135 2237 166 2263 B.
183 2238 204 2263 1.
221 2239 367 2272 reepondit:
391 2237 440 2263 ‘Tu
458 2238 592 2264 definieras
610 2246 711 2271 praeses
729 2246 761 2263 ne
778 2246 878 2264 mecum
897 2247 1026 2264 sermones
1044 2239 1165 2270 haberes,
1184 2239 1236 2268 sed,
1255 2239 1315 2272 quia
1332 2248 1458 2272 cognosco
1476 2248 1566 2265 verum
1585 2244 1697 2273 tempus,
1716 2241 1783 2273 quod

135 2284 164 2306 tu
182 2281 254 2313 dieis,
276 2285 306 2307 ut
323 2285 349 2307 et
365 2290 412 2307 nos
433 2281 541 2307 salutem
564 2289 750 2314 consequamur
771 2285 796 2307 et
816 2282 922 2307 numina
939 2291 955 2308 a
973 2283 1046 2308 nobis
1064 2283 1231 2314 honorentur,
1259 2283 1299 2307 fae
1322 2291 1410 2308 omnes
1430 2283 1572 2308 sacerdotes
1590 2283 1695 2308 deorum
1714 2284 1783 2309 intus

135 2323 235 2354 ede-e,
260 2327 290 2350 nt
307 2328 463 2358 cognoscant
479 2324 554 2357 quale
571 2325 725 2350 saorifieium
743 2325 780 2350 eis
797 2325 933 2351 offerimus.
971 2326 1003 2351 Et
1023 2326 1115 2351 adiecit
1139 2326 1162 2351 S.
1183 2326 1217 2350 1,:
1247 2326 1325 2350 ‘Bene
1343 2325 1441 2355 valeas,
1466 2326 1559 2359 optime
1584 2334 1698 2359 praeses,
1723 2326 1784 2359 quia

136 2370 187 2392 tem
210 2367 368 2401 acceptabile
390 2371 492 2401 tempus
514 2367 623 2401 gloriam
649 2372 675 2393 et
698 2368 798 2394 laudem
823 2369 964 2402 accepturis
989 2369 1137 2402 persuades,
1168 2373 1197 2394 ut
1220 2369 1339 2393 omnibus
1362 2368 1389 2393 in
1414 2377 1466 2394 uno
1491 2369 1709 2394 commanentibus
1735 2369 1783 2394 diis

135 2410 229 2436 vestris
246 2410 414 2440 immolemus.
433 2410 502 2443 quod
519 2419 565 2436 nos
583 2411 695 2436 tacturos
712 2419 768 2436 esse
786 2421 838 2437 non
857 2413 934 2445 piget*
966 2413 1029 2437 Nam
1048 2412 1103 2437 ideo
1116 2420 1215 2445 semper
1227 2411 1380 2441 distulimus,
1399 2415 1429 2436 ut
1446 2412 1471 2437 in
1490 2412 1539 2437 isto
1557 2412 1652 2445 templo
1665 2412 1782 2444 mirabili,

135 2453 204 2486 qnod
221 2453 327 2484 habetis,
345 2462 467 2487 mgnum
484 2454 637 2479 sacrificium
655 2454 775 2480 omnibus
793 2454 989 2480 immolaremus.
1027 2456 1101 2480 'runc
1119 2455 1187 2480 enim
1205 2454 1315 2479 laetatur
1332 2454 1375 2486 qui
1394 2454 1541 2480 convivium
1559 2458 1637 2487 parat,
1657 2455 1678 2480 si
1696 2463 1783 2480 omnes

135 2496 256 2522 :fluor-int
272 2497 381 2526 invitati,
398 2500 429 2522 nt
445 2497 545 2522 nullum
563 2500 704 2530 praetereat
721 2497 834 2531 epulum.
853 2498 921 2531 quod
941 2502 1054 2531 paratur,
1073 2502 1102 2523 ut
1120 2498 1145 2522 in
1164 2501 1292 2531 posterum
1310 2497 1399 2522 nullus
1416 2497 1450 2522 sit
1467 2498 1511 2530 qui
1528 2497 1670 2523 irascatur'.

239 2538 282 2565 56.
304 2540 380 2565 Tunc
401 2547 503 2573 praenes
524 2548 576 2565 non
593 2539 754 2573 intelligens,
781 2549 832 2573 quo
851 2541 939 2566 ordine
957 2544 1166 2574 prosequeretur,
1189 2541 1264 2566 dixit:
1291 2539 1404 2566 ‘Gaudeo
1422 2540 1509 2570 vobis,
1533 2541 1612 2573 quod,
1636 2541 1683 2566 etsi
1705 2540 1782 2572 tarde,

135 2582 267 2616 recepistis
287 2582 434 2608 mellifluam
453 2583 520 2608 hane
531 2583 611 2608 vitam
629 2591 688 2608 cum
705 2584 824 2609 omnibus
842 2584 916 2609 bonis
935 2584 1118 2609 redundantem
1137 2584 1185 2608 diis
1204 2583 1356 2608 immolando
1375 2591 1426 2608 non
1444 2582 1575 2608 amittere'.
1612 2584 1686 2608 Tunc
1705 2583 1782 2608 iudex

136 2625 248 2650 omnium
267 2625 371 2651 vincula
387 2625 483 2651 suferri
499 2625 571 2651 iubet
588 2625 687 2651 dicens:
716 2625 811 2660 ‘Turpe
830 2627 940 2652 vinculis
959 2627 1076 2659 retineri,
1100 2627 1194 2659 quibus
1213 2629 1351 2659 coeperunt
1369 2634 1424 2651 esse
1442 2626 1477 2651 dii
1494 2625 1614 2659 propitii',
1634 2626 1781 2651 existimans

136 2676 196 2694 ven
213 2677 280 2701 esse,
302 2677 368 2702 qnae
385 2668 520 2695 audiebat'.
556 2669 674 2702 Cumque
691 2675 891 2695 exonerarentur
909 2671 987 2700 ferro,
1010 2678 1061 2702 quo
1086 2673 1157 2694 erant
1176 2669 1318 2701 constricti,
1344 2669 1409 2694 dixit
1430 2669 1461 2694 ad
1481 2669 1652 2694 venerabilem
1674 2677 1781 2701 puerum

237 2777 271 2804 94
291 2777 338 2811 dr.
357 2778 423 2806 Aa.
448 2778 478 2812 V,
498 2779 556 2807 101.
