2060 3074
283 156 345 186 656
938 151 1090 178 MILONIS
1109 151 1284 178 CARMINA.

648 238 796 270 Haereat
818 237 869 269 hic
891 238 1007 268 nostris
1032 240 1065 268 et
1087 237 1172 268 sidat
1193 237 1355 269 mentibus
1378 238 1460 270 imis.

649 290 794 321 Hostiles
818 289 987 331 abigamus
1010 299 1099 330 aves,
1123 299 1164 321 ne
1187 299 1289 331 grana
1312 293 1489 332 reportent,

567 355 604 374 ³⁷⁵
650 341 742 378 Quae
766 344 854 372 sator
878 341 1036 373 ecclesiae
1060 340 1206 372 Christus
1228 342 1382 384 respersit
1404 342 1436 374 in
1460 353 1566 384 agros.

652 394 794 434 Semina,
820 403 903 435 quae
927 393 959 424 in
983 393 1082 435 spinis
1105 392 1301 434 ceciderunt,
1325 393 1418 436 fruge
1442 394 1612 431 carebunt:

653 445 747 476 Haec
773 445 923 487 equidem
947 439 1082 487 surgunt
1104 445 1206 486 citius,
1231 445 1289 477 sed
1313 445 1493 477 divitiarum

653 497 739 528 Oura
763 502 880 539 gravat
900 500 1027 528 mentes
1051 500 1084 528 et
1108 497 1262 528 deliciosa
1284 498 1444 540 voluptas,

651 549 701 580 Ne
725 549 830 591 spicas
854 549 1008 589 referant,
1032 551 1162 580 teneras
1184 549 1365 581 internecat
1386 550 1515 583 herbas.

570 613 608 632 ³80
652 601 722 632 Has
746 601 855 643 spinas
877 600 969 632 nobis
992 600 1176 632 maledictio
1200 601 1304 643 prima
1327 602 1458 642 creavit,

651 653 713 684 His
737 663 811 685 caro
835 653 1000 684 luxurians
1023 652 1208 695 fructusque
1231 653 1348 684 afferre
1371 663 1486 685 suaves

652 705 849 736 Detrectans
872 705 998 736 tribulis
1021 715 1080 736 nos
1101 704 1244 747 undique
1267 705 1382 747 pungit
1404 706 1515 737 acutis.

653 757 817 788 Naturalis
842 757 927 788 enim
951 756 1072 788 cunctis
1096 759 1145 787 est
1167 756 1280 787 insitus
1302 757 1398 798 ignis:

654 808 728 840 Non
752 811 829 850 eget
852 808 986 840 accendi
1009 808 1125 839 fornax
1147 807 1347 850 Babylonica
1370 811 1497 851 stuppa,

570 873 608 892 aas
653 860 824 902 Malleolis,
848 861 949 903 piceis
973 860 1055 893 escis
1079 863 1112 891 et
1134 860 1264 903 potibus
1287 861 1412 902 amplis.

653 912 743 944 Intra
766 923 824 944 nos
848 913 1002 954 gerimus,
1026 922 1098 943 cum
1121 922 1184 954 quo
1208 912 1372 943 luctamen
1395 923 1543 955 agamus:

654 964 728 996 Lex
752 967 801 996 est
823 965 856 996 in
878 964 1032 1004 menbris,
1056 974 1140 1006 quae
1163 964 1280 995 mentis
1303 964 1430 1006 legibus
1455 965 1577 1002 obstat;

654 1017 749 1048 Bella
773 1018 900 1048 animae
924 1020 958 1048 et
979 1016 1082 1048 carnis
1105 1016 1177 1058 plus
1202 1026 1298 1058 quam
1322 1016 1427 1048 civilia
1450 1020 1594 1059 surgunt,

655 1069 796 1101 Pertulit
818 1073 854 1100 ut
876 1079 1002 1111 pugnas
1027 1071 1164 1110 angusto
1187 1068 1220 1099 in
1242 1070 1356 1099 ventre
1378 1068 1541 1100 Rebecca.

573 1134 611 1153 390
656 1122 719 1158 Qui
743 1122 831 1164 cupit
855 1131 933 1163 ergo
959 1121 1019 1152 sibi
1044 1121 1194 1152 servilem
1218 1119 1358 1152 subdere
1382 1130 1522 1159 carnem,

655 1173 802 1215 castiget
826 1176 983 1213 ventrem,
1009 1172 1165 1204 famulatu
1189 1171 1350 1214 deprimat
1373 1175 1470 1213 artus,

655 1225 700 1256 Ut
724 1225 855 1257 domina
880 1225 1043 1256 excelsam
1066 1224 1208 1255 retinens
1232 1223 1357 1255 dicione
1381 1224 1570 1256 cathedram

654 1277 796 1319 Imperio
820 1279 922 1312 terret
946 1276 1083 1307 famulas
1106 1286 1286 1318 vernasque
1309 1276 1462 1318 loquaces

654 1328 875 1371 Lascivosque
899 1329 989 1360 iocos
1012 1331 1046 1360 et
1067 1329 1183 1360 molles
1207 1328 1316 1360 durius
1338 1339 1444 1360 ausus.

576 1394 613 1413 39⁵
659 1380 719 1412 Est
743 1391 834 1423 opus,
857 1384 893 1412 ut
917 1380 1091 1421 Christum,
1116 1380 1170 1423 qui
1192 1391 1258 1423 pax
1281 1383 1332 1412 est
1354 1391 1488 1421 summa,
1512 1384 1670 1423 petamus,

659 1433 819 1475 Subiuget
842 1433 1000 1474 ancillam,
1025 1432 1174 1464 dominae
1198 1443 1261 1475 quo
1285 1433 1413 1473 serviat,
1435 1433 1542 1475 Agar;

657 1486 779 1517 Libera
802 1486 843 1517 sit
865 1486 996 1526 rectrix,
1019 1485 1185 1528 Aegyptia
1208 1485 1249 1517 sit
1270 1485 1472 1522 famulatrix;

657 1538 751 1570 Haec
774 1538 859 1569 ferat
881 1538 912 1569 in
937 1538 1075 1580 scapulis
1098 1541 1214 1579 utrem,
1237 1537 1320 1569 haec
1344 1538 1421 1569 flere
1445 1541 1582 1578 suescat,

658 1589 792 1621 Deliciis
816 1593 936 1630 careat,
959 1590 1137 1621 humorem·
1151 1593 1260 1631 gustet
1283 1600 1440 1631 aquosum

395 1736 446 1762 375
469 1738 609 1763 aecclesiae
622 1738 646 1762 J.
738 1736 788 1763 384
811 1737 958 1763 babilonica
982 1736 1069 1770 stulpa
1082 1737 1107 1762 A
1199 1736 1248 1762 387
1269 1738 1389 1762 membris
1406 1737 1430 1762 L
1517 1737 1570 1763 392
1591 1738 1686 1764 ditione
1699 1739 1723 1763 L
1809 1738 1946 1765 394-466

291 1781 389 1805 duobus
400 1781 478 1814 soliis
496 1781 599 1806 resectis
613 1782 749 1813 perierunt
761 1781 785 1805 L

395 1865 533 1893 374—379
553 1865 650 1893 Matth.
671 1867 710 1898 13,
723 1866 740 1893 4
759 1866 824 1892 dum
844 1866 972 1898 seminat,
993 1866 1131 1900 quaedam
1151 1866 1313 1893 ceciderunt
1331 1874 1410 1892 secus
1428 1866 1512 1898 viam,
1532 1867 1562 1893 et
1577 1867 1715 1893 venerunt
1732 1867 1858 1894 volucres
1877 1867 1948 1894 caeli

292 1918 320 1943 et
339 1916 521 1943 comederunt
540 1926 581 1944 ea.
611 1938 635 1944 ..
655 1917 670 1942 7
690 1917 747 1943 alia
765 1918 860 1943 autem
881 1917 1041 1944 ceciderunt
1060 1917 1090 1943 in
1108 1917 1203 1951 spinas
1224 1917 1322 1951 (spinis
1336 1920 1402 1944 wnte
1414 1917 1622 1952 Hieronymum)
1641 1919 1670 1944 et
1687 1920 1834 1945 creverunt
1852 1918 1950 1953 spinae

292 1970 321 1994 ct
339 1968 547 1996 suffocaverunt
566 1978 608 1996 ea.
637 1990 643 1996 .
655 1990 661 1997 .
681 1970 715 1996 22
733 1969 781 2003 qui
802 1970 896 1996 autem
916 1969 1071 1996 seminatus
1090 1971 1133 1996 est
1152 1969 1181 1995 in
1200 1969 1297 2004 spinis,
1317 1969 1363 1996 hic
1382 1971 1425 1996 est
1437 1969 1485 2004 qui
1498 1969 1623 2002 verbum,
1642 1970 1724 1997 audit
1742 1972 1771 1997 et
1788 1970 1950 1997 sollicitudo

292 2020 396 2046 saeculi
416 2020 497 2047 istius
522 2022 551 2047 et
575 2021 689 2047 fallacia
709 2021 851 2055 (voluptas
877 2023 939 2047 ante
958 2021 1085 2054 Hieron.)
1108 2020 1273 2047 divitiarum
1298 2020 1417 2048 suffocat
1434 2021 1550 2048 verbum
1574 2023 1603 2048 et
1627 2022 1687 2049 sine
1710 2022 1803 2049 fructu
1821 2022 1949 2048 efficitur.

291 2072 430 2099 383—385
454 2072 530 2100 Dan.
549 2073 621 2104 3,22
640 2073 740 2099 fornax
764 2081 896 2100 succensa
915 2074 976 2100 erat
1001 2073 1095 2100 nimis.
1127 2094 1151 2100 ..
1174 2074 1208 2100 46
1233 2075 1262 2100 et
1284 2082 1340 2100 non
1365 2073 1511 2100 cessabant
1536 2074 1658 2101 ministri
1684 2074 1759 2109 regis
1785 2075 1950 2102 succendere

292 2124 432 2151 fornacem
450 2125 578 2159 naphtha
591 2126 620 2151 et
633 2126 717 2159 stupa
736 2127 765 2152 et
782 2125 845 2160 pice
859 2126 888 2152 et
906 2125 1054 2152 malleolis.
1126 2125 1176 2152 387
1196 2125 1274 2152 Rom.
1288 2126 1311 2158 7,
1324 2126 1358 2152 23
1370 2126 1453 2152 video
1471 2125 1556 2152 aliam
1576 2126 1666 2161 legem
1685 2126 1714 2152 in
1732 2126 1863 2153 membris
1881 2126 1950 2153 meis

292 2178 497 2210 repugnantem
522 2177 578 2211 legi
598 2177 700 2203 mentis
718 2185 807 2204 meae.
895 2177 947 2204 388
973 2177 1030 2210 Csr.
1050 2177 1159 2204 Luaecan.
1179 2177 1231 2204 11.
1319 2178 1372 2205 389
1396 2177 1451 2211 Gfr.
1472 2186 1560 2213 supra
1584 2178 1623 2205 ad
1640 2179 1727 2206 1197.
1813 2179 1950 2206 390-407

294 2228 389 2255 Isidor.
411 2228 518 2262 Quae-st.
537 2229 569 2255 in
587 2232 634 2257 vet.
654 2232 801 2257 testament.
817 2230 848 2256 17
869 2230 922 2262 (M.
935 2230 979 2261 83,
991 2230 1056 2262 248)
1074 2229 1251 2256 centenarius
1269 2230 1411 2257 Abraham
1429 2230 1530 2264 genuit
1547 2239 1582 2257 ex
1597 2230 1768 2262 Sarauxore
1786 2239 1837 2257 sua
1854 2230 1950 2258 filium.

293 2280 367 2306 hunc
386 2289 449 2307 cum
467 2281 584 2307 vidisset
602 2282 692 2308 mator
711 2281 856 2308 ludentem
876 2290 938 2308 cum
957 2281 1067 2313 Ismael,
1085 2281 1160 2316 dixit
1178 2281 1215 2308 ad
1234 2281 1375 2308 Abraham
1395 2282 1463 2309 ‘eice
1482 2282 1615 2310 ancillam
1637 2284 1667 2309 et
1685 2282 1773 2309 filium
1795 2282 1868 2315 eius,
1893 2290 1950 2309 uon

294 2332 368 2358 enim
388 2333 467 2359 heres
491 2333 545 2359 erit
566 2333 639 2360 filius
666 2333 786 2360 ancillae
813 2342 875 2359 cum
899 2333 957 2360 filio
979 2333 1059 2360 meo'.
1095 2342 1170 2360 nunc
1194 2333 1283 2368 igitur
1305 2334 1495 2368 quaerendum
1518 2335 1573 2367 est,
1597 2342 1646 2360 cur
1667 2335 1753 2361 antea
1770 2333 1839 2361 Sam
1861 2334 1953 2361 voluit

294 2384 426 2410 maritum
445 2384 480 2410 de
498 2384 602 2411 ancilla
622 2385 762 2419 suscipere
783 2385 871 2411 filium
891 2386 942 2411 aut
961 2394 1009 2412 cur
1027 2394 1102 2412 nuno
1121 2394 1182 2412 cum
1202 2387 1291 2425 matre
1309 2385 1390 2412 iubet
1408 2386 1511 2421 expelli
1529 2386 1619 2418 domo,
1639 2386 1713 2420 quod
1733 2386 1800 2413 fecit
1817 2394 1874 2413 uon
1893 2386 1952 2413 zelo

295 2444 419 2467 accensa,
439 2436 487 2462 sed
501 2436 634 2470 mysterio
655 2437 823 2471 prophetiae
837 2437 988 2471 compulsa.
1020 2437 1097 2471 Agar
1109 2437 1223 2471 quippe,
1242 2437 1392 2464 secundum
1413 2438 1487 2472 quod
1501 2438 1542 2465 ait
1555 2438 1699 2472 apostolus
1717 2438 1794 2471 (Gal.
1812 2439 1837 2472 4,
1849 2438 1904 2472 22),
1922 2438 1953 2464 in

296 2487 431 2515 servitute
449 2488 550 2522 genuit
568 2489 708 2516 carnalem
727 2489 876 2523 populnm;
896 2488 965 2515 Sara
983 2497 1048 2516 vero
1068 2489 1158 2516 libera
1175 2489 1311 2524 populum
1329 2489 1438 2524 genuit,
1456 2489 1506 2524 qui
1522 2498 1578 2516 non
1597 2491 1641 2516 est
1657 2489 1809 2517 secundum
1833 2497 1952 2522 carnem,

296 2539 343 2565 sed
374 2539 403 2565 in
435 2540 594 2567 libertatem
626 2542 741 2568 vocatus
773 2542 830 2573 est,
861 2549 918 2575 qua
949 2540 1081 2567 libertate
1112 2540 1247 2568 liberavit
1279 2550 1340 2568 eum
1373 2541 1511 2573 Christus,
1542 2543 1627 2568 cetera
1655 2541 1753 2575 quibus
1782 2541 1954 2580 explicas-tuq·
1985 2555 1992 2563 ν

300 2591 367 2617 Gen.
387 2591 428 2623 21,
443 2592 559 2618 14-19ε
580 2592 700 2619 surrexit
719 2592 817 2626 itaque
837 2592 979 2619 Abraham
1002 2601 1086 2619 mane
1107 2594 1136 2620 et
1154 2592 1258 2620 tollens
1277 2601 1378 2628 panem
1403 2594 1432 2620 et
1450 2594 1540 2620 utrem
1560 2601 1651 2627 aquae
1668 2593 1804 2627 imposuit
1821 2593 1953 2628 scapulae

297 2642 356 2669 eius
381 2643 554 2678 tradiditque
573 2653 690 2679 puerum
709 2646 738 2672 et
756 2645 865 2671 dimisit
890 2653 960 2671 eam.
994 2665 1016 2671 ..
1037 2653 1156 2679 cumque
1179 2646 1346 2680 consumpta
1369 2646 1442 2672 esset
1465 2653 1540 2679 aqua
1562 2645 1591 2672 in
1614 2645 1688 2677 utre,
1710 2644 1815 2671 abiecit
1835 2652 1952 2678 puerum

297 2694 392 2721 subter
411 2704 494 2721 unam
514 2696 644 2723 arborum
665 2718 688 2724 ..
708 2698 737 2723 et
755 2697 855 2723 sedens
874 2698 972 2723 contra
991 2696 1098 2724 levavit
1116 2705 1211 2724 vocem
1230 2706 1309 2724 suam
1328 2699 1357 2724 et
1374 2697 1460 2724 flevit.
1493 2697 1638 2724 exaudivit
1655 2698 1750 2724 autem
1769 2696 1837 2723 deus
1856 2704 1953 2724 vocem

297 2747 376 2780 pueri
398 2747 563 2782 vocavitque
582 2749 700 2783 augelus
719 2749 764 2775 dei
785 2750 860 2783 Agar
879 2749 913 2775 de
934 2748 1011 2776 caelo
1036 2748 1147 2776 dicens:
1174 2770 1197 2776 ..
1224 2749 1291 2776 ‘noli
1310 2749 1417 2776 timere¹
1437 2770 1461 2776 ..
1480 2749 1647 2784 aperuitque
1673 2749 1768 2776 oculos
1791 2748 1852 2775 eius
1869 2748 1952 2775 deus:

297 2807 370 2832 quae
388 2799 484 2826 videns
504 2802 618 2834 puteum
638 2810 729 2836 aquae
747 2801 820 2828 abiit
839 2803 867 2828 et
886 2801 1016 2835 implevit
1034 2802 1124 2828 utrem
1145 2801 1280 2835 deditque
1298 2810 1384 2836 puero
1403 2802 1508 2830 bibere.

1891 2851 1914 2880 *Σ
