<?xml version="1.0" encoding="UTF-8"?>
<!DOCTYPE html PUBLIC "-//W3C//DTD XHTML 1.0 Transitional//EN"
    "http://www.w3.org/TR/xhtml1/DTD/xhtml1-transitional.dtd">
<html xmlns="http://www.w3.org/1999/xhtml" xml:lang="en" lang="en">
 <head>
  <title>
</title>
<meta http-equiv="Content-Type" content="text/html;charset=utf-8" />
  <meta name='ocr-system' content='tesseract 3.04.00' />
  <meta name='ocr-capabilities' content='ocr_page ocr_carea ocr_par ocr_line ocrx_word'/>
</head>
<body>
  <div class='ocr_page' id='page_1' title='image "./monumentagerma03geseuoft/monumentagerma03geseuoft_0768.png"; bbox 0 0 2060 3074; ppageno 0'>
   <div class='ocr_carea' id='block_1_1' title="bbox 293 129 1286 170">
    <p class='ocr_par' dir='ltr' id='par_1_1' title="bbox 293 129 1286 170">
     <span class='ocr_line' id='line_1_1' title="bbox 293 129 1286 170; baseline -0.006 -7"><span class='ocrx_word' id='word_1_1' title='bbox 293 141 309 170; x_wconf 89' lang='lat'>7</span> <span class='ocrx_word' id='word_1_2' title='bbox 314 140 354 169; x_wconf 80' lang='lat'><em>52</em></span> <span class='ocrx_word' id='word_1_3' title='bbox 1045 129 1286 158; x_wconf 75' lang='lat' dir='ltr'>PRAETERITA.</span> 
     </span>
    </p>
   </div>
   <div class='ocr_carea' id='block_1_2' title="bbox 544 303 1686 347">
    <p class='ocr_par' dir='ltr' id='par_1_2' title="bbox 544 303 1686 347">
     <span class='ocr_line' id='line_1_2' title="bbox 544 303 1686 347; baseline -0.006 0"><span class='ocrx_word' id='word_1_4' title='bbox 544 307 972 347; x_wconf 88' lang='lat' dir='ltr'><strong>BIBLIOTHECARUM</strong></span> <span class='ocrx_word' id='word_1_5' title='bbox 999 306 1060 342; x_wconf 89' lang='lat' dir='ltr'><em>ET</em></span> <span class='ocrx_word' id='word_1_6' title='bbox 1088 304 1464 342; x_wconf 86' lang='lat' dir='ltr'>PSALTERIORUM</span> <span class='ocrx_word' id='word_1_7' title='bbox 1490 303 1686 341; x_wconf 85' lang='lat' dir='ltr'>VERSUS.</span> 
     </span>
    </p>
   </div>
   <div class='ocr_carea' id='block_1_3' title="bbox 286 379 1956 2819">
    <p class='ocr_par' dir='ltr' id='par_1_3' title="bbox 286 379 1955 1878">
     <span class='ocr_line' id='line_1_3' title="bbox 286 379 1942 428; baseline -0.004 -10"><span class='ocrx_word' id='word_1_8' title='bbox 286 399 361 428; x_wconf 77' lang='lat' dir='ltr'><em>pay.</em></span> <span class='ocrx_word' id='word_1_9' title='bbox 377 389 441 419; x_wconf 79' lang='grc'><em>241</em></span> <span class='ocrx_word' id='word_1_10' title='bbox 593 386 631 417; x_wconf 88' lang='lat' dir='ltr'><em>de</em></span> <span class='ocrx_word' id='word_1_11' title='bbox 658 394 820 416; x_wconf 86' lang='lat' dir='ltr'><em>sacrorum</em></span> <span class='ocrx_word' id='word_1_12' title='bbox 847 382 1000 414; x_wconf 85' lang='lat' dir='ltr'><em>librorum</em></span> <span class='ocrx_word' id='word_1_13' title='bbox 1030 381 1190 413; x_wconf 78' lang='lat' dir='ltr'><em>codicibus</em></span> <span class='ocrx_word' id='word_1_14' title='bbox 1217 379 1334 412; x_wconf 87' lang='lat' dir='ltr'><em>Karoli</em></span> <span class='ocrx_word' id='word_1_15' title='bbox 1360 379 1448 412; x_wconf 78' lang='lat' dir='ltr'><em>Calvi</em></span> <span class='ocrx_word' id='word_1_16' title='bbox 1473 381 1576 411; x_wconf 89' lang='lat' dir='ltr'><em>aetate</em></span> <span class='ocrx_word' id='word_1_17' title='bbox 1596 379 1724 419; x_wconf 89' lang='lat' dir='ltr'><em>scriptis</em></span> <span class='ocrx_word' id='word_1_18' title='bbox 1745 379 1785 420; x_wconf 84' lang='lat' dir='ltr'><em>cf.</em></span> <span class='ocrx_word' id='word_1_19' title='bbox 1809 380 1942 419; x_wconf 74' lang='lat' dir='ltr'><em>Menzel,</em></span> 
     </span>
     <span class='ocr_line' id='line_1_4' title="bbox 598 431 1944 475; baseline -0.004 -5"><span class='ocrx_word' id='word_1_20' title='bbox 598 437 743 475; x_wconf 83' lang='lat' dir='ltr'><em>Gorssen,</em></span> <span class='ocrx_word' id='word_1_21' title='bbox 778 434 978 473; x_wconf 73' lang='lat' dir='ltr'><em>Jam‘tschek,</em></span> <span class='ocrx_word' id='word_1_22' title='bbox 1015 432 1078 465; x_wconf 88' lang='lat' dir='ltr'><em>Die</em></span> <span class='ocrx_word' id='word_1_23' title='bbox 1115 433 1242 464; x_wconf 82' lang='lat' dir='ltr'><em>Trierer</em></span> <span class='ocrx_word' id='word_1_24' title='bbox 1271 431 1593 471; x_wconf 76' lang='lat' dir='ltr'><em>Ada-Handschrift‚</em></span> <span class='ocrx_word' id='word_1_25' title='bbox 1625 431 1756 471; x_wconf 76' lang='lat' dir='ltr'><em>Lipsiae</em></span> <span class='ocrx_word' id='word_1_26' title='bbox 1783 433 1880 471; x_wconf 83' lang='lat'><em>1889,</em></span> <span class='ocrx_word' id='word_1_27' title='bbox 1914 435 1944 465; x_wconf 86' lang='lat' dir='ltr'><em>et</em></span> 
     </span>
     <span class='ocr_line' id='line_1_5' title="bbox 594 482 1944 529; baseline -0.004 -8"><span class='ocrx_word' id='word_1_28' title='bbox 594 489 624 522; x_wconf 83' lang='lat' dir='ltr'><em>S.</em></span> <span class='ocrx_word' id='word_1_29' title='bbox 649 489 783 529; x_wconf 72' lang='lat' dir='ltr'><em>Berqer,</em></span> <span class='ocrx_word' id='word_1_30' title='bbox 817 486 960 519; x_wconf 82' lang='lat' dir='ltr'><em>Histoire</em></span> <span class='ocrx_word' id='word_1_31' title='bbox 989 486 1031 517; x_wconf 75' lang='lat' dir='ltr'><em>cle</em></span> <span class='ocrx_word' id='word_1_32' title='bbox 1065 484 1097 516; x_wconf 84' lang='lat' dir='ltr'><em>la</em></span> <span class='ocrx_word' id='word_1_33' title='bbox 1129 484 1275 525; x_wconf 77' lang='lat' dir='ltr'><em>Vulqate,</em></span> <span class='ocrx_word' id='word_1_34' title='bbox 1310 482 1452 515; x_wconf 86' lang='lat' dir='ltr'><em>Parisiis</em></span> <span class='ocrx_word' id='word_1_35' title='bbox 1474 483 1567 514; x_wconf 84' lang='grc'><em>1893.</em></span> <span class='ocrx_word' id='word_1_36' title='bbox 1605 485 1772 522; x_wconf 88' lang='lat' dir='ltr'><em>praeterea</em></span> <span class='ocrx_word' id='word_1_37' title='bbox 1803 484 1873 515; x_wconf 89' lang='lat' dir='ltr'><em>vide</em></span> <span class='ocrx_word' id='word_1_38' title='bbox 1906 484 1944 516; x_wconf 89' lang='lat' dir='ltr'><em>de</em></span> 
     </span>
     <span class='ocr_line' id='line_1_6' title="bbox 594 533 1943 579; baseline -0.002 -7"><span class='ocrx_word' id='word_1_39' title='bbox 594 540 768 573; x_wconf 82' lang='lat' dir='ltr'><em>enchiridio</em></span> <span class='ocrx_word' id='word_1_40' title='bbox 785 539 1009 579; x_wconf 76' lang='lat' dir='ltr'><em>precationum</em></span> <span class='ocrx_word' id='word_1_41' title='bbox 1032 537 1088 578; x_wconf 90' lang='lat'><em>(=</em></span> <span class='ocrx_word' id='word_1_42' title='bbox 1106 536 1160 578; x_wconf 90' lang='lat' dir='ltr'><em>II)</em></span> <span class='ocrx_word' id='word_1_43' title='bbox 1182 535 1306 567; x_wconf 86' lang='lat' dir='ltr'><em>Iulium</em></span> <span class='ocrx_word' id='word_1_44' title='bbox 1328 535 1366 566; x_wconf 89' lang='lat' dir='ltr'><em>de</em></span> <span class='ocrx_word' id='word_1_45' title='bbox 1387 533 1552 573; x_wconf 81' lang='lat' dir='ltr'><em>Schlosser‚</em></span> <span class='ocrx_word' id='word_1_46' title='bbox 1576 533 1703 566; x_wconf 80' lang='lat' dir='ltr'><em>Wiener</em></span> <span class='ocrx_word' id='word_1_47' title='bbox 1724 534 1890 567; x_wconf 78' lang='lat' dir='ltr'><em>Jahrbuch</em></span> <span class='ocrx_word' id='word_1_48' title='bbox 1913 536 1943 569; x_wconf 87' lang='lat' dir='ltr'><em>d.</em></span> 
     </span>
     <span class='ocr_line' id='line_1_7' title="bbox 595 585 1946 631; baseline -0.004 -6"><span class='ocrx_word' id='word_1_49' title='bbox 595 591 920 631; x_wconf 70' lang='lat' dir='ltr'><em>Kunstsammlunyen</em></span> <span class='ocrx_word' id='word_1_50' title='bbox 936 590 967 622; x_wconf 87' lang='lat' dir='ltr'><em>d.</em></span> <span class='ocrx_word' id='word_1_51' title='bbox 982 589 1216 621; x_wconf 81' lang='lat' dir='ltr'><em>Kaiserhauses</em></span> <span class='ocrx_word' id='word_1_52' title='bbox 1233 587 1331 619; x_wconf 90' lang='lat' dir='ltr'><strong><em>XIII</em></strong></span> <span class='ocrx_word' id='word_1_53' title='bbox 1340 588 1392 619; x_wconf 89' lang='grc'><em>22.</em></span> <span class='ocrx_word' id='word_1_54' title='bbox 1431 585 1526 618; x_wconf 84' lang='lat' dir='ltr'><em>biblia</em></span> <span class='ocrx_word' id='word_1_55' title='bbox 1547 596 1629 626; x_wconf 81' lang='lat' dir='ltr'><em>quae</em></span> <span class='ocrx_word' id='word_1_56' title='bbox 1647 586 1799 619; x_wconf 85' lang='lat' dir='ltr'><em>dicuntur</em></span> <span class='ocrx_word' id='word_1_57' title='bbox 1817 587 1946 621; x_wconf 68' lang='lat' dir='ltr'><em>Vivismi</em></span> 
     </span>
     <span class='ocr_line' id='line_1_8' title="bbox 594 637 1946 686; baseline -0.005 -9"><span class='ocrx_word' id='word_1_58' title='bbox 594 646 649 686; x_wconf 89' lang='lat'><em>(=</em></span> <span class='ocrx_word' id='word_1_59' title='bbox 672 644 749 682; x_wconf 92' lang='lat' dir='ltr'><strong><em>III)</em></strong></span> <span class='ocrx_word' id='word_1_60' title='bbox 778 646 847 675; x_wconf 87' lang='lat' dir='ltr'><em>arte</em></span> <span class='ocrx_word' id='word_1_61' title='bbox 882 645 910 674; x_wconf 89' lang='lat' dir='ltr'><em>et</em></span> <span class='ocrx_word' id='word_1_62' title='bbox 939 641 1089 682; x_wconf 76' lang='lat' dir='ltr'><strong><em>impensis</em></strong></span> <span class='ocrx_word' id='word_1_63' title='bbox 1119 641 1242 673; x_wconf 89' lang='lat' dir='ltr'><em>comitis</em></span> <span class='ocrx_word' id='word_1_64' title='bbox 1276 639 1416 680; x_wconf 70' lang='lat' dir='ltr'><em>Auyusti</em></span> <span class='ocrx_word' id='word_1_65' title='bbox 1446 638 1483 670; x_wconf 87' lang='lat' dir='ltr'><em>de</em></span> <span class='ocrx_word' id='word_1_66' title='bbox 1516 637 1663 670; x_wconf 74' lang='lat' dir='ltr'><em>Bastwrd</em></span> <span class='ocrx_word' id='word_1_67' title='bbox 1695 638 1946 678; x_wconf 68' lang='lat' dir='ltr'><strong><em>splendidissime</em></strong></span> 
     </span>
     <span class='ocr_line' id='line_1_9' title="bbox 593 690 1948 737; baseline -0.003 -8"><span class='ocrx_word' id='word_1_68' title='bbox 593 697 719 729; x_wconf 84' lang='lat' dir='ltr'><em>reddita</em></span> <span class='ocrx_word' id='word_1_69' title='bbox 741 695 942 737; x_wconf 86' lang='lat' dir='ltr'><em>(Peintures,</em></span> <span class='ocrx_word' id='word_1_70' title='bbox 965 696 1152 731; x_wconf 88' lang='lat' dir='ltr'><em>ornements,</em></span> <span class='ocrx_word' id='word_1_71' title='bbox 1184 692 1335 724; x_wconf 87' lang='lat' dir='ltr'><em>e‘critures</em></span> <span class='ocrx_word' id='word_1_72' title='bbox 1361 693 1390 722; x_wconf 87' lang='lat' dir='ltr'><em>et</em></span> <span class='ocrx_word' id='word_1_73' title='bbox 1412 690 1515 722; x_wconf 79' lang='lat' dir='ltr'><strong><em>lettres</em></strong></span> <span class='ocrx_word' id='word_1_74' title='bbox 1536 690 1678 722; x_wconf 85' lang='lat' dir='ltr'><em>initiales</em></span> <span class='ocrx_word' id='word_1_75' title='bbox 1699 691 1736 723; x_wconf 87' lang='lat' dir='ltr'><em>de</em></span> <span class='ocrx_word' id='word_1_76' title='bbox 1758 691 1790 722; x_wconf 88' lang='lat' dir='ltr'><em>la</em></span> <span class='ocrx_word' id='word_1_77' title='bbox 1813 692 1889 724; x_wconf 86' lang='lat' dir='ltr'><em>bible</em></span> <span class='ocrx_word' id='word_1_78' title='bbox 1910 693 1948 725; x_wconf 85' lang='lat' dir='ltr'><em>de</em></span> 
     </span>
     <span class='ocr_line' id='line_1_10' title="bbox 598 742 1947 786; baseline -0.004 -5"><span class='ocrx_word' id='word_1_79' title='bbox 598 749 730 782; x_wconf 83' lang='lat' dir='ltr'><em>Charles</em></span> <span class='ocrx_word' id='word_1_80' title='bbox 752 748 779 780; x_wconf 91' lang='lat' dir='ltr'><em>le</em></span> <span class='ocrx_word' id='word_1_81' title='bbox 805 747 941 786; x_wconf 77' lang='lat' dir='ltr'><em>Uhauve,</em></span> <span class='ocrx_word' id='word_1_82' title='bbox 965 746 1106 778; x_wconf 87' lang='lat' dir='ltr'><em>Parisiis</em></span> <span class='ocrx_word' id='word_1_83' title='bbox 1123 745 1222 782; x_wconf 84' lang='grc'><em>1883)</em></span> <span class='ocrx_word' id='word_1_84' title='bbox 1244 754 1330 775; x_wconf 92' lang='lat' dir='ltr'><em>nunc</em></span> <span class='ocrx_word' id='word_1_85' title='bbox 1352 743 1447 774; x_wconf 85' lang='lat' dir='ltr'><em>etiam</em></span> <span class='ocrx_word' id='word_1_86' title='bbox 1470 742 1506 774; x_wconf 86' lang='lat' dir='ltr'><em>in</em></span> <span class='ocrx_word' id='word_1_87' title='bbox 1526 742 1614 783; x_wconf 75' lang='lat' dir='ltr'><em>reyia</em></span> <span class='ocrx_word' id='word_1_88' title='bbox 1634 742 1816 775; x_wconf 79' lang='lat' dir='ltr'><em>bibliotheca</em></span> <span class='ocrx_word' id='word_1_89' title='bbox 1830 744 1947 776; x_wconf 87' lang='lat' dir='ltr'><em>Mona-</em></span> 
     </span>
     <span class='ocr_line' id='line_1_11' title="bbox 594 795 1947 841; baseline -0.004 -7"><span class='ocrx_word' id='word_1_90' title='bbox 594 802 680 834; x_wconf 84' lang='lat' dir='ltr'><em>censi</em></span> <span class='ocrx_word' id='word_1_91' title='bbox 695 803 825 841; x_wconf 87' lang='lat' dir='ltr'><em>praesto</em></span> <span class='ocrx_word' id='word_1_92' title='bbox 840 802 925 838; x_wconf 88' lang='lat' dir='ltr'><em>sunt,</em></span> <span class='ocrx_word' id='word_1_93' title='bbox 948 798 1032 831; x_wconf 88' lang='lat' dir='ltr'><em>unde</em></span> <span class='ocrx_word' id='word_1_94' title='bbox 1048 798 1193 830; x_wconf 86' lang='lat' dir='ltr'><em>lectiones</em></span> <span class='ocrx_word' id='word_1_95' title='bbox 1213 806 1236 827; x_wconf 86' lang='lat' dir='ltr'><em>a</em></span> <span class='ocrx_word' id='word_1_96' title='bbox 1258 797 1346 828; x_wconf 77' lang='lat' dir='ltr'><em>textu</em></span> <span class='ocrx_word' id='word_1_97' title='bbox 1368 805 1433 827; x_wconf 87' lang='lat' dir='ltr'><em>meo</em></span> <span class='ocrx_word' id='word_1_98' title='bbox 1450 795 1663 835; x_wconf 76' lang='lat' dir='ltr'><em>discrepantes</em></span> <span class='ocrx_word' id='word_1_99' title='bbox 1683 797 1713 827; x_wconf 85' lang='lat' dir='ltr'><em>et</em></span> <span class='ocrx_word' id='word_1_100' title='bbox 1724 795 1840 836; x_wconf 77' lang='lat' dir='ltr'><em>procul</em></span> <span class='ocrx_word' id='word_1_101' title='bbox 1853 797 1947 830; x_wconf 84' lang='lat' dir='ltr'><em>dubio</em></span> 
     </span>
     <span class='ocr_line' id='line_1_12' title="bbox 595 848 1948 893; baseline -0.004 -8"><span class='ocrx_word' id='word_1_102' title='bbox 595 854 631 885; x_wconf 91' lang='lat' dir='ltr'><em>in</em></span> <span class='ocrx_word' id='word_1_103' title='bbox 654 854 723 893; x_wconf 89' lang='lat' dir='ltr'><em>ipso</em></span> <span class='ocrx_word' id='word_1_104' title='bbox 746 852 849 884; x_wconf 88' lang='lat' dir='ltr'><em>codice</em></span> <span class='ocrx_word' id='word_1_105' title='bbox 872 853 1014 883; x_wconf 73' lang='lat' dir='ltr'><em>extantes</em></span> <span class='ocrx_word' id='word_1_106' title='bbox 1034 849 1127 890; x_wconf 77' lang='lat' dir='ltr'><em>infra</em></span> <span class='ocrx_word' id='word_1_107' title='bbox 1142 858 1288 881; x_wconf 88' lang='lat' dir='ltr'><em>enumero</em></span> <span class='ocrx_word' id='word_1_108' title='bbox 1294 858 1305 886; x_wconf 92' lang='lat'><em>;</em></span> <span class='ocrx_word' id='word_1_109' title='bbox 1326 849 1541 887; x_wconf 83' lang='lat' dir='ltr'><em>repraesentat</em></span> <span class='ocrx_word' id='word_1_110' title='bbox 1562 849 1668 879; x_wconf 73' lang='lat' dir='ltr'><em>autem</em></span> <span class='ocrx_word' id='word_1_111' title='bbox 1690 857 1788 879; x_wconf 83' lang='lat' dir='ltr'><em>comes</em></span> <span class='ocrx_word' id='word_1_112' title='bbox 1802 848 1913 880; x_wconf 79' lang='lat' dir='ltr'><em>tabula</em></span> <span class='ocrx_word' id='word_1_113' title='bbox 1926 850 1948 880; x_wconf 87' lang='grc'><em>4</em></span> 
     </span>
     <span class='ocr_line' id='line_1_13' title="bbox 596 898 1948 940; baseline -0.004 -2"><span class='ocrx_word' id='word_1_114' title='bbox 596 906 749 937; x_wconf 75' lang='lat' dir='ltr'><em>carminis</em></span> <span class='ocrx_word' id='word_1_115' title='bbox 769 904 794 936; x_wconf 94' lang='lat' dir='ltr'><strong><em>I</em></strong></span> <span class='ocrx_word' id='word_1_116' title='bbox 811 914 920 936; x_wconf 82' lang='lat' dir='ltr'><em>versus</em></span> <span class='ocrx_word' id='word_1_117' title='bbox 940 903 1117 940; x_wconf 87' lang='lat'><em>51—100,</em></span> <span class='ocrx_word' id='word_1_118' title='bbox 1149 900 1258 932; x_wconf 86' lang='lat' dir='ltr'><em>tabula</em></span> <span class='ocrx_word' id='word_1_119' title='bbox 1278 901 1299 930; x_wconf 90' lang='grc'><em>8</em></span> <span class='ocrx_word' id='word_1_120' title='bbox 1325 909 1453 931; x_wconf 84' lang='lat' dir='ltr'><em>carmen</em></span> <span class='ocrx_word' id='word_1_121' title='bbox 1471 898 1524 937; x_wconf 93' lang='grc' dir='ltr'><em>ΙΙ,</em></span> <span class='ocrx_word' id='word_1_122' title='bbox 1554 898 1663 931; x_wconf 69' lang='lat' dir='ltr'><em>tabula</em></span> <span class='ocrx_word' id='word_1_123' title='bbox 1684 899 1704 929; x_wconf 90' lang='lat'><strong><em>9</em></strong></span> <span class='ocrx_word' id='word_1_124' title='bbox 1730 909 1858 932; x_wconf 86' lang='lat' dir='ltr'><em>carmen</em></span> <span class='ocrx_word' id='word_1_125' title='bbox 1876 901 1948 940; x_wconf 93' lang='grc' dir='ltr'><em>ΙΙΙ,</em></span> 
     </span>
     <span class='ocr_line' id='line_1_14' title="bbox 597 951 1948 995; baseline -0.004 -6"><span class='ocrx_word' id='word_1_126' title='bbox 597 957 715 990; x_wconf 87' lang='lat' dir='ltr'><em>tabulis</em></span> <span class='ocrx_word' id='word_1_127' title='bbox 735 956 874 988; x_wconf 90' lang='lat'><strong><em>10—15</em></strong></span> <span class='ocrx_word' id='word_1_128' title='bbox 909 955 1054 988; x_wconf 86' lang='lat' dir='ltr'><em>carmina</em></span> <span class='ocrx_word' id='word_1_129' title='bbox 1074 954 1097 986; x_wconf 97' lang='lat' dir='ltr'><strong><em>I</em></strong></span> <span class='ocrx_word' id='word_1_130' title='bbox 1102 953 1176 986; x_wconf 91' lang='lat' dir='ltr'><em>V—</em></span> <span class='ocrx_word' id='word_1_131' title='bbox 1184 953 1247 985; x_wconf 92' lang='lat' dir='ltr'><em>IX.</em></span> <span class='ocrx_word' id='word_1_132' title='bbox 1298 951 1432 984; x_wconf 83' lang='lat' dir='ltr'><em>codicem</em></span> <span class='ocrx_word' id='word_1_133' title='bbox 1463 953 1607 983; x_wconf 82' lang='lat' dir='ltr'><em>nostrum</em></span> <span class='ocrx_word' id='word_1_134' title='bbox 1638 961 1772 984; x_wconf 84' lang='lat' dir='ltr'><em>aureum</em></span> <span class='ocrx_word' id='word_1_135' title='bbox 1801 952 1858 992; x_wconf 89' lang='lat'><em>(=</em></span> <span class='ocrx_word' id='word_1_136' title='bbox 1879 952 1948 995; x_wconf 89' lang='lat' dir='ltr'><em>IV)</em></span> 
     </span>
     <span class='ocr_line' id='line_1_15' title="bbox 597 1003 1950 1043; baseline -0.005 -1"><span class='ocrx_word' id='word_1_137' title='bbox 597 1009 719 1042; x_wconf 81' lang='lat' dir='ltr'><em>scholae</em></span> <span class='ocrx_word' id='word_1_138' title='bbox 745 1008 922 1041; x_wconf 84' lang='lat' dir='ltr'><em>C&#39;orbeiensi</em></span> <span class='ocrx_word' id='word_1_139' title='bbox 945 1007 984 1039; x_wconf 89' lang='lat' dir='ltr'><em>ab</em></span> <span class='ocrx_word' id='word_1_140' title='bbox 1008 1006 1149 1038; x_wconf 86' lang='lat' dir='ltr'><em>Huberto</em></span> <span class='ocrx_word' id='word_1_141' title='bbox 1172 1003 1359 1037; x_wconf 82' lang='lat' dir='ltr'><em>Janitschek</em></span> <span class='ocrx_word' id='word_1_142' title='bbox 1381 1003 1496 1043; x_wconf 87' lang='lat' dir='ltr'><em>optimo</em></span> <span class='ocrx_word' id='word_1_143' title='bbox 1517 1003 1588 1034; x_wconf 84' lang='lat' dir='ltr'><em>iwre</em></span> <span class='ocrx_word' id='word_1_144' title='bbox 1609 1003 1799 1035; x_wconf 85' lang='lat' dir='ltr'><em>attributum</em></span> <span class='ocrx_word' id='word_1_145' title='bbox 1820 1013 1885 1035; x_wconf 85' lang='lat' dir='ltr'><em>esse</em></span> <span class='ocrx_word' id='word_1_146' title='bbox 1910 1014 1950 1036; x_wconf 68' lang='lat' dir='ltr'><em>ecc</em></span> 
     </span>
     <span class='ocr_line' id='line_1_16' title="bbox 597 1053 1950 1099; baseline -0.004 -5"><span class='ocrx_word' id='word_1_147' title='bbox 597 1062 681 1094; x_wconf 85' lang='lat' dir='ltr'><em>notis</em></span> <span class='ocrx_word' id='word_1_148' title='bbox 705 1060 894 1093; x_wconf 80' lang='lat' dir='ltr'><em>Tironianis</em></span> <span class='ocrx_word' id='word_1_149' title='bbox 915 1059 1046 1091; x_wconf 81' lang='lat' dir='ltr'><em>ultimae</em></span> <span class='ocrx_word' id='word_1_150' title='bbox 1063 1058 1203 1099; x_wconf 75' lang='lat' dir='ltr'><em>payinae</em></span> <span class='ocrx_word' id='word_1_151' title='bbox 1225 1055 1413 1096; x_wconf 78' lang='lat' dir='ltr'><em>subscriptis</em></span> <span class='ocrx_word' id='word_1_152' title='bbox 1434 1055 1539 1096; x_wconf 83' lang='lat' dir='ltr'><em>(apud</em></span> <span class='ocrx_word' id='word_1_153' title='bbox 1560 1053 1706 1087; x_wconf 83' lang='lat' dir='ltr'><em>Silvestre</em></span> <span class='ocrx_word' id='word_1_154' title='bbox 1720 1055 1746 1086; x_wconf 93' lang='lat' dir='ltr'><strong><em>I</em></strong></span> <span class='ocrx_word' id='word_1_155' title='bbox 1754 1055 1802 1096; x_wconf 91' lang='lat' dir='ltr'><em>pl.</em></span> <span class='ocrx_word' id='word_1_156' title='bbox 1820 1057 1898 1095; x_wconf 83' lang='lat'><em>127)</em></span> <span class='ocrx_word' id='word_1_157' title='bbox 1920 1058 1950 1088; x_wconf 86' lang='lat' dir='ltr'><em>et</em></span> 
     </span>
     <span class='ocr_line' id='line_1_17' title="bbox 598 1107 1950 1150; baseline -0.004 -4"><span class='ocrx_word' id='word_1_158' title='bbox 598 1126 620 1146; x_wconf 88' lang='lat' dir='ltr'><em>a</em></span> <span class='ocrx_word' id='word_1_159' title='bbox 645 1113 801 1146; x_wconf 78' lang='lat' dir='ltr'><em>Guilelmo</em></span> <span class='ocrx_word' id='word_1_160' title='bbox 824 1112 961 1144; x_wconf 72' lang='lat' dir='ltr'><em>Schmitz</em></span> <span class='ocrx_word' id='word_1_161' title='bbox 990 1113 1058 1142; x_wconf 87' lang='lat' dir='ltr'><em>tum</em></span> <span class='ocrx_word' id='word_1_162' title='bbox 1081 1109 1225 1150; x_wconf 89' lang='lat' dir='ltr'><em>primum</em></span> <span class='ocrx_word' id='word_1_163' title='bbox 1255 1107 1422 1148; x_wconf 69' lang='lat' dir='ltr'><em>explicatis</em></span> <span class='ocrx_word' id='word_1_164' title='bbox 1450 1107 1696 1149; x_wconf 75' lang='lat' dir='ltr'><em>(aliquantisper</em></span> <span class='ocrx_word' id='word_1_165' title='bbox 1717 1111 1828 1139; x_wconf 80' lang='lat' dir='ltr'><em>sancte</em></span> <span class='ocrx_word' id='word_1_166' title='bbox 1850 1107 1950 1140; x_wconf 83' lang='lat' dir='ltr'><em>Petre</em></span> 
     </span>
     <span class='ocr_line' id='line_1_18' title="bbox 598 1158 1951 1207; baseline -0.005 -9"><span class='ocrx_word' id='word_1_167' title='bbox 598 1165 764 1198; x_wconf 84' lang='lat' dir='ltr'><em>intercede</em></span> <span class='ocrx_word' id='word_1_168' title='bbox 787 1175 846 1207; x_wconf 88' lang='lat' dir='ltr'><em>pro</em></span> <span class='ocrx_word' id='word_1_169' title='bbox 873 1163 982 1205; x_wconf 77' lang='lat' dir='ltr'><em>nobis)</em></span> <span class='ocrx_word' id='word_1_170' title='bbox 1005 1161 1230 1199; x_wconf 84' lang='lat' dir='ltr'><em>demonstravi,</em></span> <span class='ocrx_word' id='word_1_171' title='bbox 1258 1159 1507 1199; x_wconf 83' lang='lat' dir='ltr'><em>Wochenschrift</em></span> <span class='ocrx_word' id='word_1_172' title='bbox 1534 1159 1558 1199; x_wconf 86' lang='lat' dir='ltr'><em>f.</em></span> <span class='ocrx_word' id='word_1_173' title='bbox 1587 1158 1753 1191; x_wconf 83' lang='lat' dir='ltr'><em>classische</em></span> <span class='ocrx_word' id='word_1_174' title='bbox 1778 1159 1951 1201; x_wconf 69' lang='lat' dir='ltr'><em>Philoloqie</em></span> 
     </span>
     <span class='ocr_line' id='line_1_19' title="bbox 602 1209 1951 1256; baseline -0.007 -7"><span class='ocrx_word' id='word_1_175' title='bbox 602 1219 686 1249; x_wconf 89' lang='grc'><em>1890</em></span> <span class='ocrx_word' id='word_1_176' title='bbox 707 1228 739 1250; x_wconf 88' lang='lat' dir='ltr'><em>n.</em></span> <span class='ocrx_word' id='word_1_177' title='bbox 756 1219 816 1255; x_wconf 87' lang='lat'><em>31;</em></span> <span class='ocrx_word' id='word_1_178' title='bbox 835 1218 948 1256; x_wconf 89' lang='lat' dir='ltr'><em>postea</em></span> <span class='ocrx_word' id='word_1_179' title='bbox 970 1213 1079 1246; x_wconf 86' lang='lat' dir='ltr'><em>Iulius</em></span> <span class='ocrx_word' id='word_1_180' title='bbox 1101 1213 1138 1245; x_wconf 83' lang='lat' dir='ltr'><em>de</em></span> <span class='ocrx_word' id='word_1_181' title='bbox 1159 1211 1318 1245; x_wconf 78' lang='lat' dir='ltr'><em>Schlosser</em></span> <span class='ocrx_word' id='word_1_182' title='bbox 1338 1209 1587 1251; x_wconf 80' lang='lat' dir='ltr'><em>scriptiunculae</em></span> <span class='ocrx_word' id='word_1_183' title='bbox 1608 1221 1694 1242; x_wconf 86' lang='lat' dir='ltr'><em>meae</em></span> <span class='ocrx_word' id='word_1_184' title='bbox 1714 1211 1848 1251; x_wconf 76' lang='lat' dir='ltr'><em>iynarus</em></span> <span class='ocrx_word' id='word_1_185' title='bbox 1869 1212 1951 1244; x_wconf 75' lang='lat' dir='ltr'><em>idem</em></span> 
     </span>
     <span class='ocr_line' id='line_1_20' title="bbox 600 1261 1952 1310; baseline -0.004 -8"><span class='ocrx_word' id='word_1_186' title='bbox 600 1271 820 1310; x_wconf 75' lang='lat' dir='ltr'><em>arqumentum</em></span> <span class='ocrx_word' id='word_1_187' title='bbox 843 1264 945 1300; x_wconf 85' lang='lat' dir='ltr'><em>denuo</em></span> <span class='ocrx_word' id='word_1_188' title='bbox 962 1265 1100 1307; x_wconf 85' lang='lat' dir='ltr'><em>protulit</em></span> <span class='ocrx_word' id='word_1_189' title='bbox 1122 1267 1152 1297; x_wconf 89' lang='lat' dir='ltr'><em>et</em></span> <span class='ocrx_word' id='word_1_190' title='bbox 1173 1265 1217 1303; x_wconf 89' lang='lat' dir='ltr'><em>id,</em></span> <span class='ocrx_word' id='word_1_191' title='bbox 1239 1263 1324 1304; x_wconf 79' lang='lat' dir='ltr'><em>quod</em></span> <span class='ocrx_word' id='word_1_192' title='bbox 1345 1263 1383 1295; x_wconf 86' lang='lat' dir='ltr'><em>de</em></span> <span class='ocrx_word' id='word_1_193' title='bbox 1405 1261 1541 1302; x_wconf 77' lang='lat' dir='ltr'><em>exemplo</em></span> <span class='ocrx_word' id='word_1_194' title='bbox 1557 1261 1747 1295; x_wconf 84' lang='lat' dir='ltr'><em>Alcviniano</em></span> <span class='ocrx_word' id='word_1_195' title='bbox 1769 1273 1790 1294; x_wconf 91' lang='lat' dir='ltr'><em>a</em></span> <span class='ocrx_word' id='word_1_196' title='bbox 1809 1263 1952 1296; x_wconf 83' lang='lat' dir='ltr'><em>librariis</em></span> 
     </span>
     <span class='ocr_line' id='line_1_21' title="bbox 599 1315 1952 1365; baseline -0.004 -11"><span class='ocrx_word' id='word_1_197' title='bbox 599 1322 716 1354; x_wconf 83' lang='lat' dir='ltr'><em>codicis</em></span> <span class='ocrx_word' id='word_1_198' title='bbox 743 1320 836 1365; x_wconf 73' lang='lat' dir='ltr'><em>aurei</em></span> <span class='ocrx_word' id='word_1_199' title='bbox 863 1319 1004 1351; x_wconf 85' lang='lat' dir='ltr'><em>adhibito</em></span> <span class='ocrx_word' id='word_1_200' title='bbox 1030 1318 1067 1350; x_wconf 89' lang='lat' dir='ltr'><em>in</em></span> <span class='ocrx_word' id='word_1_201' title='bbox 1096 1316 1245 1349; x_wconf 82' lang='lat' dir='ltr'><em>editionis</em></span> <span class='ocrx_word' id='word_1_202' title='bbox 1261 1315 1464 1358; x_wconf 81' lang='lat' dir='ltr'><em>praefatione</em></span> <span class='ocrx_word' id='word_1_203' title='bbox 1492 1320 1608 1355; x_wconf 85' lang='lat' dir='ltr'><em>(supra</em></span> <span class='ocrx_word' id='word_1_204' title='bbox 1622 1325 1699 1355; x_wconf 73' lang='lat' dir='ltr'><em>pay.</em></span> <span class='ocrx_word' id='word_1_205' title='bbox 1714 1316 1794 1354; x_wconf 90' lang='grc'><em>242)</em></span> <span class='ocrx_word' id='word_1_206' title='bbox 1821 1316 1952 1348; x_wconf 83' lang='lat' dir='ltr'><em>breviter</em></span> 
     </span>
     <span class='ocr_line' id='line_1_22' title="bbox 593 1366 1953 1414; baseline -0.004 -8"><span class='ocrx_word' id='word_1_207' title='bbox 593 1384 776 1414; x_wconf 88' lang='lat' dir='ltr'><em>posueram,</em></span> <span class='ocrx_word' id='word_1_208' title='bbox 800 1372 899 1404; x_wconf 88' lang='lat' dir='ltr'><em>latius</em></span> <span class='ocrx_word' id='word_1_209' title='bbox 921 1373 966 1403; x_wconf 89' lang='lat' dir='ltr'><em>est</em></span> <span class='ocrx_word' id='word_1_210' title='bbox 988 1372 1161 1408; x_wconf 78' lang='lat' dir='ltr'><em>exsecutus,</em></span> <span class='ocrx_word' id='word_1_211' title='bbox 1184 1369 1335 1409; x_wconf 74' lang='lat' dir='ltr'><em>Beitrc&#39;iqe</em></span> <span class='ocrx_word' id='word_1_212' title='bbox 1356 1378 1416 1400; x_wconf 68' lang='lat' dir='ltr'><em>zur</em></span> <span class='ocrx_word' id='word_1_213' title='bbox 1434 1366 1722 1407; x_wconf 74' lang='lat' dir='ltr'><em>Kunstqeschichte,</em></span> <span class='ocrx_word' id='word_1_214' title='bbox 1753 1367 1953 1400; x_wconf 75' lang='lat' dir='ltr'><em>Vindobonae</em></span> 
     </span>
     <span class='ocr_line' id='line_1_23' title="bbox 600 1418 1953 1464; baseline -0.004 -7"><span class='ocrx_word' id='word_1_215' title='bbox 600 1427 694 1464; x_wconf 88' lang='grc'><em>1891,</em></span> <span class='ocrx_word' id='word_1_216' title='bbox 724 1425 742 1457; x_wconf 88' lang='lat' dir='ltr'><em>l.</em></span> <span class='ocrx_word' id='word_1_217' title='bbox 766 1435 792 1456; x_wconf 89' lang='lat' dir='ltr'><em>c.</em></span> <span class='ocrx_word' id='word_1_218' title='bbox 809 1434 886 1464; x_wconf 71' lang='lat' dir='ltr'><em>paq.</em></span> <span class='ocrx_word' id='word_1_219' title='bbox 904 1423 1102 1461; x_wconf 88' lang='grc'><em>107-120;</em></span> <span class='ocrx_word' id='word_1_220' title='bbox 1133 1431 1214 1462; x_wconf 79' lang='lat' dir='ltr'><em>quae</em></span> <span class='ocrx_word' id='word_1_221' title='bbox 1241 1421 1278 1452; x_wconf 92' lang='lat' dir='ltr'><em>in</em></span> <span class='ocrx_word' id='word_1_222' title='bbox 1299 1419 1402 1452; x_wconf 84' lang='lat' dir='ltr'><em>codiee</em></span> <span class='ocrx_word' id='word_1_223' title='bbox 1430 1428 1528 1451; x_wconf 84' lang='lat' dir='ltr'><em>aureo</em></span> <span class='ocrx_word' id='word_1_224' title='bbox 1549 1418 1703 1459; x_wconf 74' lang='lat' dir='ltr'><em>imayines</em></span> <span class='ocrx_word' id='word_1_225' title='bbox 1724 1421 1817 1451; x_wconf 87' lang='lat' dir='ltr'><em>sunt:</em></span> <span class='ocrx_word' id='word_1_226' title='bbox 1843 1418 1897 1459; x_wconf 81' lang='lat' dir='ltr'><em>fol.</em></span> <span class='ocrx_word' id='word_1_227' title='bbox 1915 1419 1953 1451; x_wconf 86' lang='lat'><em>5·</em></span> 
     </span>
     <span class='ocr_line' id='line_1_24' title="bbox 601 1470 1953 1513; baseline -0.004 -3"><span class='ocrx_word' id='word_1_228' title='bbox 601 1477 747 1510; x_wconf 85' lang='lat' dir='ltr'><em>Karolus</em></span> <span class='ocrx_word' id='word_1_229' title='bbox 777 1476 894 1510; x_wconf 83' lang='lat' dir='ltr'><em>Calvus</em></span> <span class='ocrx_word' id='word_1_230' title='bbox 924 1474 1203 1507; x_wconf 79' lang='lat' dir='ltr'><em>circumstantibus</em></span> <span class='ocrx_word' id='word_1_231' title='bbox 1228 1473 1387 1506; x_wconf 81' lang='lat' dir='ltr'><em>ministris</em></span> <span class='ocrx_word' id='word_1_232' title='bbox 1417 1474 1446 1503; x_wconf 77' lang='lat' dir='ltr'><em>et</em></span> <span class='ocrx_word' id='word_1_233' title='bbox 1466 1471 1657 1511; x_wconf 74' lang='lat' dir='ltr'><em>provinciis,</em></span> <span class='ocrx_word' id='word_1_234' title='bbox 1682 1470 1742 1513; x_wconf 81' lang='lat' dir='ltr'><em>fol.</em></span> <span class='ocrx_word' id='word_1_235' title='bbox 1767 1472 1787 1502; x_wconf 90' lang='lat'><strong><em>6</em></strong></span> <span class='ocrx_word' id='word_1_236' title='bbox 1808 1481 1911 1512; x_wconf 73' lang='lat' dir='ltr'><em>aynus</em></span> <span class='ocrx_word' id='word_1_237' title='bbox 1931 1482 1953 1504; x_wconf 87' lang='lat' dir='ltr'><em>a</em></span> 
     </span>
     <span class='ocr_line' id='line_1_25' title="bbox 599 1522 1953 1567; baseline -0.004 -5"><span class='ocrx_word' id='word_1_238' title='bbox 599 1529 722 1562; x_wconf 89' lang='lat' dir='ltr'><strong><em>XXIV</em></strong></span> <span class='ocrx_word' id='word_1_239' title='bbox 733 1529 909 1561; x_wconf 84' lang='lat' dir='ltr'><em>senioribus</em></span> <span class='ocrx_word' id='word_1_240' title='bbox 925 1528 1088 1566; x_wconf 82' lang='lat' dir='ltr'><em>adoratus,</em></span> <span class='ocrx_word' id='word_1_241' title='bbox 1110 1526 1164 1567; x_wconf 81' lang='lat' dir='ltr'><em>fol.</em></span> <span class='ocrx_word' id='word_1_242' title='bbox 1181 1528 1219 1557; x_wconf 78' lang='lat'><em>6⁰</em></span> <span class='ocrx_word' id='word_1_243' title='bbox 1238 1524 1388 1558; x_wconf 78' lang='lat' dir='ltr'><em>Christus</em></span> <span class='ocrx_word' id='word_1_244' title='bbox 1395 1523 1625 1564; x_wconf 84' lang='lat' dir='ltr'><em>prophetarum</em></span> <span class='ocrx_word' id='word_1_245' title='bbox 1643 1524 1673 1554; x_wconf 83' lang='lat' dir='ltr'><em>et</em></span> <span class='ocrx_word' id='word_1_246' title='bbox 1687 1522 1953 1563; x_wconf 73' lang='lat' dir='ltr'><em>euanqelistamm</em></span> 
     </span>
     <span class='ocr_line' id='line_1_26' title="bbox 601 1574 1955 1622; baseline -0.006 -8"><span class='ocrx_word' id='word_1_247' title='bbox 601 1581 794 1622; x_wconf 76' lang='lat' dir='ltr'><em>imayinibus</em></span> <span class='ocrx_word' id='word_1_248' title='bbox 821 1581 957 1618; x_wconf 76' lang='lat' dir='ltr'><em>cinctus,</em></span> <span class='ocrx_word' id='word_1_249' title='bbox 984 1580 1059 1611; x_wconf 89' lang='lat' dir='ltr'><em>item</em></span> <span class='ocrx_word' id='word_1_250' title='bbox 1086 1578 1139 1619; x_wconf 83' lang='lat' dir='ltr'><em>fol.</em></span> <span class='ocrx_word' id='word_1_251' title='bbox 1164 1580 1184 1609; x_wconf 89' lang='lat'><strong><em>1</em></strong></span> <span class='ocrx_word' id='word_1_252' title='bbox 1206 1576 1331 1609; x_wconf 85' lang='lat' dir='ltr'><em>saeculo</em></span> <span class='ocrx_word' id='word_1_253' title='bbox 1357 1576 1475 1608; x_wconf 86' lang='lat' dir='ltr'><em>decimo</em></span> <span class='ocrx_word' id='word_1_254' title='bbox 1502 1575 1615 1606; x_wconf 85' lang='lat' dir='ltr'><em>addita</em></span> <span class='ocrx_word' id='word_1_255' title='bbox 1637 1574 1806 1607; x_wconf 81' lang='lat' dir='ltr'><em>mevoldi</em></span> <span class='ocrx_word' id='word_1_256' title='bbox 1823 1575 1955 1609; x_wconf 80' lang='lat' dir='ltr'><em>,abbatis</em></span> 
     </span>
     <span class='ocr_line' id='line_1_27' title="bbox 601 1626 1952 1673; baseline -0.007 -7"><span class='ocrx_word' id='word_1_257' title='bbox 601 1633 842 1666; x_wconf 83' lang='lat' dir='ltr'><em>Ratisbonensis</em></span> <span class='ocrx_word' id='word_1_258' title='bbox 874 1631 1102 1673; x_wconf 84' lang='lat'><em>(975—1000,</em></span> <span class='ocrx_word' id='word_1_259' title='bbox 1136 1629 1179 1672; x_wconf 79' lang='lat' dir='ltr'><em>cf.</em></span> <span class='ocrx_word' id='word_1_260' title='bbox 1213 1629 1251 1661; x_wconf 90' lang='lat' dir='ltr'><em>de</em></span> <span class='ocrx_word' id='word_1_261' title='bbox 1284 1639 1317 1661; x_wconf 92' lang='lat' dir='ltr'><em>eo</em></span> <span class='ocrx_word' id='word_1_262' title='bbox 1345 1627 1387 1660; x_wconf 89' lang='lat' dir='ltr'><em>N.</em></span> <span class='ocrx_word' id='word_1_263' title='bbox 1409 1627 1451 1659; x_wconf 83' lang='lat' dir='ltr'><em>A.</em></span> <span class='ocrx_word' id='word_1_264' title='bbox 1480 1627 1517 1659; x_wconf 92' lang='lat' dir='ltr'><strong><em>X</em></strong></span> <span class='ocrx_word' id='word_1_265' title='bbox 1533 1627 1598 1658; x_wconf 84' lang='lat'><em>389</em></span> <span class='ocrx_word' id='word_1_266' title='bbox 1626 1629 1656 1658; x_wconf 90' lang='lat' dir='ltr'><em>et</em></span> <span class='ocrx_word' id='word_1_267' title='bbox 1677 1626 1726 1660; x_wconf 89' lang='lat' dir='ltr'><em>W.</em></span> <span class='ocrx_word' id='word_1_268' title='bbox 1748 1627 1798 1660; x_wconf 85' lang='lat' dir='ltr'><em>M.</em></span> <span class='ocrx_word' id='word_1_269' title='bbox 1814 1627 1952 1666; x_wconf 79' lang='lat' dir='ltr'><em>Schmid,</em></span> 
     </span>
     <span class='ocr_line' id='line_1_28' title="bbox 604 1678 1953 1723; baseline -0.006 -5"><span class='ocrx_word' id='word_1_270' title='bbox 604 1683 929 1718; x_wconf 81' lang='lat' dir='ltr'><em>Goldschmiedschule</em></span> <span class='ocrx_word' id='word_1_271' title='bbox 951 1684 987 1715; x_wconf 88' lang='lat' dir='ltr'><em>in</em></span> <span class='ocrx_word' id='word_1_272' title='bbox 1010 1682 1219 1723; x_wconf 73' lang='lat' dir='ltr'><em>Reyensbury,</em></span> <span class='ocrx_word' id='word_1_273' title='bbox 1242 1679 1412 1713; x_wconf 73' lang='lat' dir='ltr'><em>Monachii</em></span> <span class='ocrx_word' id='word_1_274' title='bbox 1434 1679 1528 1718; x_wconf 85' lang='lat'><em>1893,</em></span> <span class='ocrx_word' id='word_1_275' title='bbox 1548 1689 1621 1719; x_wconf 67' lang='lat' dir='ltr'><em>pay.</em></span> <span class='ocrx_word' id='word_1_276' title='bbox 1636 1678 1707 1720; x_wconf 83' lang='lat'><em>25),</em></span> <span class='ocrx_word' id='word_1_277' title='bbox 1735 1679 1792 1719; x_wconf 79' lang='lat' dir='ltr'><em>qui</em></span> <span class='ocrx_word' id='word_1_278' title='bbox 1819 1679 1953 1711; x_wconf 84' lang='lat' dir='ltr'><em>codicem</em></span> 
     </span>
     <span class='ocr_line' id='line_1_29' title="bbox 600 1735 1192 1776; baseline -0.007 -6"><span class='ocrx_word' id='word_1_279' title='bbox 600 1738 769 1776; x_wconf 77' lang='lat' dir='ltr'><em>renovavit,</em></span> <span class='ocrx_word' id='word_1_280' title='bbox 792 1747 864 1768; x_wconf 86' lang='lat' dir='ltr'><em>cwm</em></span> <span class='ocrx_word' id='word_1_281' title='bbox 886 1736 946 1767; x_wconf 81' lang='lat' dir='ltr'><em>hac</em></span> <span class='ocrx_word' id='word_1_282' title='bbox 967 1735 1192 1775; x_wconf 74' lang='lat' dir='ltr'><em>inscriptione:</em></span> 
     </span>
     <span class='ocr_line' id='line_1_30' title="bbox 660 1780 1567 1829; baseline -0.008 -8"><span class='ocrx_word' id='word_1_283' title='bbox 660 1790 756 1822; x_wconf 90' lang='lat' dir='ltr'><em>Hunc</em></span> <span class='ocrx_word' id='word_1_284' title='bbox 778 1789 895 1820; x_wconf 88' lang='lat' dir='ltr'><em>librum</em></span> <span class='ocrx_word' id='word_1_285' title='bbox 917 1787 1058 1819; x_wconf 79' lang='lat' dir='ltr'><em>Karolus</em></span> <span class='ocrx_word' id='word_1_286' title='bbox 1082 1786 1245 1829; x_wconf 81' lang='lat' dir='ltr'><em>quondam</em></span> <span class='ocrx_word' id='word_1_287' title='bbox 1267 1780 1405 1828; x_wconf 65' lang='lat' dir='ltr'><em>perfecit</em></span> <span class='ocrx_word' id='word_1_288' title='bbox 1426 1784 1567 1816; x_wconf 82' lang='lat' dir='ltr'><em>honorus</em></span> 
     </span>
     <span class='ocr_line' id='line_1_31' title="bbox 661 1835 1652 1878; baseline -0.008 -5"><span class='ocrx_word' id='word_1_289' title='bbox 661 1841 766 1878; x_wconf 87' lang='lat' dir='ltr'><em>Quem</em></span> <span class='ocrx_word' id='word_1_290' title='bbox 789 1851 874 1872; x_wconf 87' lang='lat' dir='ltr'><em>nunc</em></span> <span class='ocrx_word' id='word_1_291' title='bbox 895 1839 1109 1871; x_wconf 80' lang='lat' dir='ltr'><em>Hemrammo</em></span> <span class='ocrx_word' id='word_1_292' title='bbox 1133 1837 1297 1870; x_wconf 80' lang='lat' dir='ltr'><em>Ramvold</em></span> <span class='ocrx_word' id='word_1_293' title='bbox 1319 1838 1534 1869; x_wconf 79' lang='lat' dir='ltr'><em>renovaverat</em></span> <span class='ocrx_word' id='word_1_294' title='bbox 1555 1835 1652 1874; x_wconf 79' lang='lat' dir='ltr'><em>almo,</em></span> 
     </span>
    </p>

    <p class='ocr_par' dir='ltr' id='par_1_4' title="bbox 596 1886 1956 2195">
     <span class='ocr_line' id='line_1_32' title="bbox 597 1886 1954 1934; baseline -0.007 -8"><span class='ocrx_word' id='word_1_295' title='bbox 597 1894 731 1934; x_wconf 88' lang='lat' dir='ltr'><em>perbene</em></span> <span class='ocrx_word' id='word_1_296' title='bbox 759 1894 1041 1933; x_wconf 79' lang='lat' dir='ltr'><em>repraesentantur</em></span> <span class='ocrx_word' id='word_1_297' title='bbox 1067 1901 1089 1923; x_wconf 87' lang='lat' dir='ltr'><em>a</em></span> <span class='ocrx_word' id='word_1_298' title='bbox 1116 1890 1281 1923; x_wconf 69' lang='lat' dir='ltr'><em>Isadovica</em></span> <span class='ocrx_word' id='word_1_299' title='bbox 1309 1889 1347 1922; x_wconf 88' lang='lat' dir='ltr'><em>de</em></span> <span class='ocrx_word' id='word_1_300' title='bbox 1374 1887 1495 1926; x_wconf 89' lang='lat' dir='ltr'><em>Kobell,</em></span> <span class='ocrx_word' id='word_1_301' title='bbox 1527 1886 1712 1919; x_wconf 83' lang='lat' dir='ltr'><em>Kunstvolle</em></span> <span class='ocrx_word' id='word_1_302' title='bbox 1741 1887 1954 1925; x_wconf 76' lang='lat' dir='ltr'><em>Miniaturen,</em></span> 
     </span>
     <span class='ocr_line' id='line_1_33' title="bbox 602 1938 1955 1984; baseline -0.007 -6"><span class='ocrx_word' id='word_1_303' title='bbox 602 1946 770 1978; x_wconf 80' lang='lat' dir='ltr'><em>Monachii</em></span> <span class='ocrx_word' id='word_1_304' title='bbox 791 1956 816 1977; x_wconf 81' lang='grc' dir='ltr'><em>ε.</em></span> <span class='ocrx_word' id='word_1_305' title='bbox 840 1955 871 1976; x_wconf 90' lang='lat' dir='ltr'><em>a.</em></span> <span class='ocrx_word' id='word_1_306' title='bbox 896 1963 934 1967; x_wconf 97' lang='lat'><strong>—</strong></span> <span class='ocrx_word' id='word_1_307' title='bbox 959 1944 997 1976; x_wconf 88' lang='lat' dir='ltr'><em>de</em></span> <span class='ocrx_word' id='word_1_308' title='bbox 1019 1943 1139 1984; x_wconf 73' lang='lat' dir='ltr'><em>oriyine</em></span> <span class='ocrx_word' id='word_1_309' title='bbox 1161 1943 1277 1974; x_wconf 88' lang='lat' dir='ltr'><em>codicis</em></span> <span class='ocrx_word' id='word_1_310' title='bbox 1298 1942 1335 1974; x_wconf 81' lang='lat' dir='ltr'><em>im</em></span> <span class='ocrx_word' id='word_1_311' title='bbox 1355 1940 1544 1973; x_wconf 84' lang='lat' dir='ltr'><em>monasterio</em></span> <span class='ocrx_word' id='word_1_312' title='bbox 1565 1939 1596 1972; x_wconf 85' lang='lat' dir='ltr'><em>S.</em></span> <span class='ocrx_word' id='word_1_313' title='bbox 1613 1938 1714 1971; x_wconf 85' lang='lat' dir='ltr'><em>Pauli</em></span> <span class='ocrx_word' id='word_1_314' title='bbox 1735 1941 1826 1970; x_wconf 62' lang='lat' dir='ltr'><em>extra</em></span> <span class='ocrx_word' id='word_1_315' title='bbox 1847 1949 1955 1971; x_wconf 84' lang='lat' dir='ltr'><em>muros</em></span> 
     </span>
     <span class='ocr_line' id='line_1_34' title="bbox 601 1991 1956 2038; baseline -0.007 -8"><span class='ocrx_word' id='word_1_316' title='bbox 601 1999 762 2030; x_wconf 76' lang='lat' dir='ltr'><em>Romanos</em></span> <span class='ocrx_word' id='word_1_317' title='bbox 784 1997 939 2029; x_wconf 84' lang='lat' dir='ltr'><em>asservati</em></span> <span class='ocrx_word' id='word_1_318' title='bbox 960 1997 1018 2038; x_wconf 90' lang='lat'><em>(=</em></span> <span class='ocrx_word' id='word_1_319' title='bbox 1037 1995 1107 2035; x_wconf 84' lang='lat' dir='ltr'><em>Vl),</em></span> <span class='ocrx_word' id='word_1_320' title='bbox 1137 2005 1229 2035; x_wconf 79' lang='lat' dir='ltr'><em>quem</em></span> <span class='ocrx_word' id='word_1_321' title='bbox 1245 1993 1361 2026; x_wconf 89' lang='lat' dir='ltr'><em>Karoli</em></span> <span class='ocrx_word' id='word_1_322' title='bbox 1384 1992 1474 2025; x_wconf 82' lang='lat' dir='ltr'><em>Calvi</em></span> <span class='ocrx_word' id='word_1_323' title='bbox 1495 1992 1587 2024; x_wconf 84' lang='lat' dir='ltr'><em>iussu</em></span> <span class='ocrx_word' id='word_1_324' title='bbox 1608 1991 1762 2031; x_wconf 83' lang='lat' dir='ltr'><em>scriptum</em></span> <span class='ocrx_word' id='word_1_325' title='bbox 1783 2001 1848 2022; x_wconf 88' lang='lat' dir='ltr'><em>esse</em></span> <span class='ocrx_word' id='word_1_326' title='bbox 1869 2001 1956 2022; x_wconf 76' lang='lat' dir='ltr'><em>nunc</em></span> 
     </span>
     <span class='ocr_line' id='line_1_35' title="bbox 596 2042 1956 2090; baseline -0.007 -8"><span class='ocrx_word' id='word_1_327' title='bbox 596 2061 659 2090; x_wconf 90' lang='lat' dir='ltr'><em>pro</em></span> <span class='ocrx_word' id='word_1_328' title='bbox 689 2052 770 2082; x_wconf 86' lang='lat' dir='ltr'><em>certo</em></span> <span class='ocrx_word' id='word_1_329' title='bbox 797 2049 907 2088; x_wconf 79' lang='lat' dir='ltr'><em>habeo,</em></span> <span class='ocrx_word' id='word_1_330' title='bbox 938 2049 1099 2081; x_wconf 86' lang='lat' dir='ltr'><em>doctorum</em></span> <span class='ocrx_word' id='word_1_331' title='bbox 1129 2047 1292 2087; x_wconf 77' lang='lat' dir='ltr'><em>opiniones</em></span> <span class='ocrx_word' id='word_1_332' title='bbox 1317 2045 1413 2077; x_wconf 85' lang='lat' dir='ltr'><em>etiam</em></span> <span class='ocrx_word' id='word_1_333' title='bbox 1439 2054 1526 2076; x_wconf 82' lang='lat' dir='ltr'><em>nunc</em></span> <span class='ocrx_word' id='word_1_334' title='bbox 1548 2043 1694 2081; x_wconf 83' lang='lat' dir='ltr'><em>incertae,</em></span> <span class='ocrx_word' id='word_1_335' title='bbox 1717 2042 1756 2082; x_wconf 77' lang='lat' dir='ltr'><em>cfi</em></span> <span class='ocrx_word' id='word_1_336' title='bbox 1778 2042 1956 2082; x_wconf 82' lang='lat' dir='ltr'><em>Leopoldus</em></span> 
     </span>
     <span class='ocr_line' id='line_1_36' title="bbox 602 2094 1955 2141; baseline -0.006 -7"><span class='ocrx_word' id='word_1_337' title='bbox 602 2102 729 2140; x_wconf 85' lang='lat' dir='ltr'><em>Delisle,</em></span> <span class='ocrx_word' id='word_1_338' title='bbox 752 2101 971 2141; x_wconf 74' lang='lat' dir='ltr'><em>Bibliotheque</em></span> <span class='ocrx_word' id='word_1_339' title='bbox 993 2101 1031 2132; x_wconf 86' lang='lat' dir='ltr'><em>de</em></span> <span class='ocrx_word' id='word_1_340' title='bbox 1053 2099 1152 2132; x_wconf 82' lang='lat' dir='ltr'><em>l&#39;e&#39;cole</em></span> <span class='ocrx_word' id='word_1_341' title='bbox 1175 2099 1205 2131; x_wconf 86' lang='lat' dir='ltr'><em>d.</em></span> <span class='ocrx_word' id='word_1_342' title='bbox 1228 2098 1351 2130; x_wconf 80' lang='lat' dir='ltr'><em>chartes</em></span> <span class='ocrx_word' id='word_1_343' title='bbox 1372 2096 1440 2128; x_wconf 91' lang='lat' dir='ltr'><em>LV</em></span> <span class='ocrx_word' id='word_1_344' title='bbox 1452 2096 1532 2134; x_wconf 85' lang='lat'><em>196,·</em></span> <span class='ocrx_word' id='word_1_345' title='bbox 1549 2105 1624 2135; x_wconf 73' lang='lat' dir='ltr'><em>paq.</em></span> <span class='ocrx_word' id='word_1_346' title='bbox 1644 2095 1709 2126; x_wconf 87' lang='grc'><em>242</em></span> <span class='ocrx_word' id='word_1_347' title='bbox 1730 2094 1749 2126; x_wconf 90' lang='lat' dir='ltr'><em>l.</em></span> <span class='ocrx_word' id='word_1_348' title='bbox 1767 2095 1810 2126; x_wconf 91' lang='grc'><em>12</em></span> <span class='ocrx_word' id='word_1_349' title='bbox 1831 2094 1871 2126; x_wconf 89' lang='lat' dir='ltr'><em>ab</em></span> <span class='ocrx_word' id='word_1_350' title='bbox 1892 2094 1955 2126; x_wconf 88' lang='lat' dir='ltr'><em>imo</em></span> 
     </span>
     <span class='ocr_line' id='line_1_37' title="bbox 601 2147 1895 2195; baseline -0.005 -9"><span class='ocrx_word' id='word_1_351' title='bbox 601 2154 662 2195; x_wconf 72' lang='lat' dir='ltr'><em>leye</em></span> <span class='ocrx_word' id='word_1_352' title='bbox 684 2153 894 2195; x_wconf 65' lang='lat' dir='ltr'><em>‘Maryar-ini³</em></span> <span class='ocrx_word' id='word_1_353' title='bbox 916 2158 959 2194; x_wconf 81' lang='lat' dir='ltr'><em>(v.</em></span> <span class='ocrx_word' id='word_1_354' title='bbox 982 2153 1019 2184; x_wconf 86' lang='lat' dir='ltr'><em>de</em></span> <span class='ocrx_word' id='word_1_355' title='bbox 1041 2162 1075 2184; x_wconf 90' lang='lat' dir='ltr'><em>eo</em></span> <span class='ocrx_word' id='word_1_356' title='bbox 1098 2150 1242 2192; x_wconf 77' lang='lat' dir='ltr'><em>Spiciley.</em></span> <span class='ocrx_word' id='word_1_357' title='bbox 1267 2149 1412 2182; x_wconf 86' lang='lat' dir='ltr'><em>Vatican.</em></span> <span class='ocrx_word' id='word_1_358' title='bbox 1429 2148 1453 2180; x_wconf 94' lang='grc' dir='ltr'><em>Ι</em></span> <span class='ocrx_word' id='word_1_359' title='bbox 1472 2147 1592 2180; x_wconf 87' lang='lat' dir='ltr'><em>Romae</em></span> <span class='ocrx_word' id='word_1_360' title='bbox 1614 2147 1699 2178; x_wconf 88' lang='lat'><em>1890</em></span> <span class='ocrx_word' id='word_1_361' title='bbox 1716 2156 1790 2188; x_wconf 75' lang='lat' dir='ltr'><em>pay.</em></span> <span class='ocrx_word' id='word_1_362' title='bbox 1809 2147 1895 2188; x_wconf 82' lang='lat'><strong><em>121).</em></strong></span> 
     </span>
    </p>

    <p class='ocr_par' dir='ltr' id='par_1_5' title="bbox 387 2198 1956 2354">
     <span class='ocr_line' id='line_1_38' title="bbox 387 2198 1955 2246; baseline -0.006 -7"><span class='ocrx_word' id='word_1_363' title='bbox 387 2209 450 2238; x_wconf 79' lang='grc'><em>244</em></span> <span class='ocrx_word' id='word_1_364' title='bbox 473 2218 500 2238; x_wconf 82' lang='lat' dir='ltr'><em>v.</em></span> <span class='ocrx_word' id='word_1_365' title='bbox 539 2209 582 2238; x_wconf 75' lang='lat'><em>37</em></span> <span class='ocrx_word' id='word_1_366' title='bbox 604 2207 785 2245; x_wconf 75' lang='lat' dir='ltr'><em>infinitivus</em></span> <span class='ocrx_word' id='word_1_367' title='bbox 806 2216 871 2238; x_wconf 88' lang='lat' dir='ltr'><em>non</em></span> <span class='ocrx_word' id='word_1_368' title='bbox 886 2215 950 2246; x_wconf 92' lang='lat' dir='ltr'><em>pro</em></span> <span class='ocrx_word' id='word_1_369' title='bbox 972 2204 1158 2245; x_wconf 84' lang='lat' dir='ltr'><em>imperativo</em></span> <span class='ocrx_word' id='word_1_370' title='bbox 1179 2205 1234 2241; x_wconf 83' lang='lat' dir='ltr'><em>est,</em></span> <span class='ocrx_word' id='word_1_371' title='bbox 1255 2202 1310 2234; x_wconf 84' lang='lat' dir='ltr'><em>sed</em></span> <span class='ocrx_word' id='word_1_372' title='bbox 1323 2200 1448 2242; x_wconf 75' lang='lat' dir='ltr'><em>finalis.-</em></span> <span class='ocrx_word' id='word_1_373' title='bbox 1473 2198 1743 2242; x_wconf 83' lang='lat' dir='ltr'><em>quemadmodum</em></span> <span class='ocrx_word' id='word_1_374' title='bbox 1764 2208 1819 2230; x_wconf 86' lang='lat' dir='ltr'><em>cos</em></span> <span class='ocrx_word' id='word_1_375' title='bbox 1835 2198 1955 2231; x_wconf 80' lang='lat' dir='ltr'><em>ferrum</em></span> 
     </span>
     <span class='ocr_line' id='line_1_39' title="bbox 603 2250 1956 2298; baseline -0.007 -7"><span class='ocrx_word' id='word_1_376' title='bbox 603 2258 686 2290; x_wconf 85' lang='lat' dir='ltr'><em>adeo</em></span> <span class='ocrx_word' id='word_1_377' title='bbox 711 2258 813 2298; x_wconf 80' lang='lat' dir='ltr'><em>acuit,</em></span> <span class='ocrx_word' id='word_1_378' title='bbox 841 2261 877 2289; x_wconf 82' lang='lat' dir='ltr'><em>ut</em></span> <span class='ocrx_word' id='word_1_379' title='bbox 905 2257 973 2289; x_wconf 79' lang='lat' dir='ltr'><em>sine</em></span> <span class='ocrx_word' id='word_1_380' title='bbox 1006 2255 1119 2288; x_wconf 79' lang='lat' dir='ltr'><em>labore</em></span> <span class='ocrx_word' id='word_1_381' title='bbox 1142 2255 1294 2298; x_wconf 79' lang='lat' dir='ltr'><em>capillum</em></span> <span class='ocrx_word' id='word_1_382' title='bbox 1317 2263 1429 2286; x_wconf 81' lang='lat' dir='ltr'><em>secare</em></span> <span class='ocrx_word' id='word_1_383' title='bbox 1453 2255 1487 2284; x_wconf 84' lang='lat' dir='ltr'><em>et</em></span> <span class='ocrx_word' id='word_1_384' title='bbox 1509 2254 1606 2295; x_wconf 76' lang='lat' dir='ltr'><em>caput</em></span> <span class='ocrx_word' id='word_1_385' title='bbox 1626 2250 1742 2282; x_wconf 80' lang='lat' dir='ltr'><em>radere</em></span> <span class='ocrx_word' id='word_1_386' title='bbox 1766 2260 1880 2293; x_wconf 76' lang='lat' dir='ltr'><em>queas,</em></span> <span class='ocrx_word' id='word_1_387' title='bbox 1909 2250 1956 2282; x_wconf 73' lang='lat' dir='ltr'><em>ita</em></span> 
     </span>
     <span class='ocr_line' id='line_1_40' title="bbox 602 2312 796 2354; baseline -0.005 -11"><span class='ocrx_word' id='word_1_388' title='bbox 602 2321 718 2354; x_wconf 81' lang='lat' dir='ltr'><em>corpus</em></span> <span class='ocrx_word' id='word_1_389' title='bbox 741 2312 796 2342; x_wconf 88' lang='lat' dir='ltr'><em>cet.</em></span> 
     </span>
    </p>

    <p class='ocr_par' dir='ltr' id='par_1_6' title="bbox 387 2358 1542 2400">
     <span class='ocr_line' id='line_1_41' title="bbox 387 2358 1542 2400; baseline -0.007 -4"><span class='ocrx_word' id='word_1_390' title='bbox 387 2366 451 2396; x_wconf 79' lang='grc'><em>246</em></span> <span class='ocrx_word' id='word_1_391' title='bbox 472 2374 498 2395; x_wconf 83' lang='grc' dir='ltr'><em>υ.</em></span> <span class='ocrx_word' id='word_1_392' title='bbox 536 2364 578 2395; x_wconf 91' lang='grc'><em>97</em></span> <span class='ocrx_word' id='word_1_393' title='bbox 601 2363 744 2395; x_wconf 75' lang='lat' dir='ltr'><em>a⁶soribit</em></span> <span class='ocrx_word' id='word_1_394' title='bbox 766 2361 920 2394; x_wconf 84' lang='lat' dir='ltr'><em>Bastard.</em></span> <span class='ocrx_word' id='word_1_395' title='bbox 945 2380 987 2384; x_wconf 91' lang='lat'><em>—-</em></span> <span class='ocrx_word' id='word_1_396' title='bbox 1009 2361 1074 2393; x_wconf 88' lang='grc'><em>247</em></span> <span class='ocrx_word' id='word_1_397' title='bbox 1090 2362 1164 2400; x_wconf 90' lang='lat' dir='ltr'><em>post</em></span> <span class='ocrx_word' id='word_1_398' title='bbox 1185 2358 1294 2391; x_wconf 81' lang='lat' dir='ltr'><strong><em>v.-153</em></strong></span> <span class='ocrx_word' id='word_1_399' title='bbox 1310 2367 1393 2399; x_wconf 89' lang='lat' dir='ltr'><em>pone</em></span> <span class='ocrx_word' id='word_1_400' title='bbox 1414 2366 1542 2389; x_wconf 89' lang='lat' dir='ltr'><em>comma.</em></span> 
     </span>
    </p>

    <p class='ocr_par' dir='ltr' id='par_1_7' title="bbox 387 2404 1956 2552">
     <span class='ocr_line' id='line_1_42' title="bbox 387 2404 1954 2454; baseline -0.007 -7"><span class='ocrx_word' id='word_1_401' title='bbox 387 2417 451 2447; x_wconf 81' lang='grc'><em>248</em></span> <span class='ocrx_word' id='word_1_402' title='bbox 472 2426 498 2448; x_wconf 84' lang='lat' dir='ltr'><em>v.</em></span> <span class='ocrx_word' id='word_1_403' title='bbox 518 2416 580 2447; x_wconf 88' lang='lat'><em>197</em></span> <span class='ocrx_word' id='word_1_404' title='bbox 603 2413 785 2447; x_wconf 88' lang='lat' dir='ltr'><em>Duemmler</em></span> <span class='ocrx_word' id='word_1_405' title='bbox 816 2413 936 2454; x_wconf 83' lang='lat' dir='ltr'><em>confert</em></span> <span class='ocrx_word' id='word_1_406' title='bbox 971 2412 1098 2444; x_wconf 87' lang='lat' dir='ltr'><em>Lucani</em></span> <span class='ocrx_word' id='word_1_407' title='bbox 1131 2412 1153 2443; x_wconf 93' lang='lat'><strong><em>1</em></strong></span> <span class='ocrx_word' id='word_1_408' title='bbox 1174 2412 1246 2443; x_wconf 90' lang='grc'><em>110.</em></span> <span class='ocrx_word' id='word_1_409' title='bbox 1282 2429 1321 2434; x_wconf 89' lang='grc'>-</span> <span class='ocrx_word' id='word_1_410' title='bbox 1357 2420 1382 2441; x_wconf 90' lang='lat' dir='ltr'><em>c.</em></span> <span class='ocrx_word' id='word_1_411' title='bbox 1406 2409 1449 2441; x_wconf 92' lang='lat' dir='ltr'><em>II</em></span> <span class='ocrx_word' id='word_1_412' title='bbox 1480 2419 1508 2441; x_wconf 89' lang='lat' dir='ltr'><em>v.</em></span> <span class='ocrx_word' id='word_1_413' title='bbox 1535 2408 1557 2440; x_wconf 88' lang='grc'><em>2</em></span> <span class='ocrx_word' id='word_1_414' title='bbox 1590 2406 1766 2439; x_wconf 78' lang='lat' dir='ltr'><em>honorifice</em></span> <span class='ocrx_word' id='word_1_415' title='bbox 1800 2404 1954 2444; x_wconf 77' lang='lat' dir='ltr'><em>Bastard,</em></span> 
     </span>
     <span class='ocr_line' id='line_1_43' title="bbox 602 2456 1956 2510; baseline -0.008 -11"><span class='ocrx_word' id='word_1_416' title='bbox 602 2469 623 2498; x_wconf 89' lang='lat'><em>3</em></span> <span class='ocrx_word' id='word_1_417' title='bbox 646 2467 757 2510; x_wconf 75' lang='lat' dir='ltr'><em>paul⁸e</em></span> <span class='ocrx_word' id='word_1_418' title='bbox 780 2465 940 2504; x_wconf 89' lang='lat' dir='ltr'><em>Bastard,</em></span> <span class='ocrx_word' id='word_1_419' title='bbox 970 2465 990 2496; x_wconf 89' lang='lat'><strong><em>5</em></strong></span> <span class='ocrx_word' id='word_1_420' title='bbox 1013 2464 1180 2497; x_wconf 77' lang='lat' dir='ltr'><em>translata.</em></span> <span class='ocrx_word' id='word_1_421' title='bbox 1204 2474 1219 2495; x_wconf 83' lang='lat' dir='ltr'><em>s</em></span> <span class='ocrx_word' id='word_1_422' title='bbox 1241 2463 1274 2495; x_wconf 86' lang='lat' dir='ltr'><em>vi</em></span> <span class='ocrx_word' id='word_1_423' title='bbox 1297 2471 1381 2505; x_wconf 76' lang='lat' dir='ltr'><em>quae</em></span> <span class='ocrx_word' id='word_1_424' title='bbox 1403 2460 1567 2499; x_wconf 88' lang='lat' dir='ltr'><em>Bastard;</em></span> <span class='ocrx_word' id='word_1_425' title='bbox 1594 2470 1619 2491; x_wconf 94' lang='lat' dir='ltr'><em>c.</em></span> <span class='ocrx_word' id='word_1_426' title='bbox 1640 2457 1702 2492; x_wconf 93' lang='lat' dir='ltr'><em>III</em></span> <span class='ocrx_word' id='word_1_427' title='bbox 1720 2468 1747 2490; x_wconf 85' lang='lat' dir='ltr'><em>v.</em></span> <span class='ocrx_word' id='word_1_428' title='bbox 1767 2459 1788 2489; x_wconf 93' lang='grc'><em>4</em></span> <span class='ocrx_word' id='word_1_429' title='bbox 1809 2456 1956 2500; x_wconf 65' lang='lat' dir='ltr'><em>prohibet</em></span> 
     </span>
     <span class='ocr_line' id='line_1_44' title="bbox 602 2519 758 2552; baseline 0.006 -2"><span class='ocrx_word' id='word_1_430' title='bbox 602 2519 758 2552; x_wconf 90' lang='lat' dir='ltr'><em>Bastard.</em></span> 
     </span>
    </p>

    <p class='ocr_par' dir='ltr' id='par_1_8' title="bbox 388 2563 1776 2611">
     <span class='ocr_line' id='line_1_45' title="bbox 388 2563 1776 2611; baseline -0.006 -9"><span class='ocrx_word' id='word_1_431' title='bbox 388 2572 451 2602; x_wconf 78' lang='grc'><em>251</em></span> <span class='ocrx_word' id='word_1_432' title='bbox 473 2581 499 2602; x_wconf 83' lang='lat' dir='ltr'><em>v.</em></span> <span class='ocrx_word' id='word_1_433' title='bbox 559 2572 580 2601; x_wconf 87' lang='lat'><em>3</em></span> <span class='ocrx_word' id='word_1_434' title='bbox 603 2570 642 2611; x_wconf 80' lang='lat' dir='ltr'><em>ef.</em></span> <span class='ocrx_word' id='word_1_435' title='bbox 670 2570 803 2609; x_wconf 80' lang='lat' dir='ltr'><em>Traube,</em></span> <span class='ocrx_word' id='word_1_436' title='bbox 827 2568 1112 2610; x_wconf 68' lang='lat' dir='ltr'><em>Siteunqsberichte</em></span> <span class='ocrx_word' id='word_1_437' title='bbox 1135 2567 1164 2599; x_wconf 89' lang='lat' dir='ltr'><em>d.</em></span> <span class='ocrx_word' id='word_1_438' title='bbox 1187 2567 1291 2608; x_wconf 76' lang='lat' dir='ltr'><em>bayer.</em></span> <span class='ocrx_word' id='word_1_439' title='bbox 1315 2564 1489 2597; x_wconf 75' lang='lat' dir='ltr'><em>AJoademie</em></span> <span class='ocrx_word' id='word_1_440' title='bbox 1513 2563 1597 2595; x_wconf 89' lang='grc'><em>1891</em></span> <span class='ocrx_word' id='word_1_441' title='bbox 1614 2573 1688 2604; x_wconf 76' lang='lat' dir='ltr'><em>pay.</em></span> <span class='ocrx_word' id='word_1_442' title='bbox 1702 2563 1776 2594; x_wconf 87' lang='grc'><em>428.</em></span> 
     </span>
    </p>

    <p class='ocr_par' dir='ltr' id='par_1_9' title="bbox 387 2613 1955 2819">
     <span class='ocr_line' id='line_1_46' title="bbox 387 2613 1955 2663; baseline -0.006 -9"><span class='ocrx_word' id='word_1_443' title='bbox 387 2623 452 2654; x_wconf 77' lang='grc'><em>257</em></span> <span class='ocrx_word' id='word_1_444' title='bbox 493 2622 539 2654; x_wconf 90' lang='lat' dir='ltr'><em>VI</em></span> <span class='ocrx_word' id='word_1_445' title='bbox 599 2622 723 2663; x_wconf 86' lang='lat' dir='ltr'><em>folium,</em></span> <span class='ocrx_word' id='word_1_446' title='bbox 740 2633 801 2663; x_wconf 80' lang='lat' dir='ltr'><em>quo</em></span> <span class='ocrx_word' id='word_1_447' title='bbox 815 2622 958 2662; x_wconf 89' lang='lat' dir='ltr'><em>primum</em></span> <span class='ocrx_word' id='word_1_448' title='bbox 973 2631 1101 2652; x_wconf 86' lang='lat' dir='ltr'><em>carmen</em></span> <span class='ocrx_word' id='word_1_449' title='bbox 1115 2620 1302 2657; x_wconf 87' lang='lat' dir='ltr'><em>continetur,</em></span> <span class='ocrx_word' id='word_1_450' title='bbox 1325 2628 1411 2650; x_wconf 86' lang='lat' dir='ltr'><em>nunc</em></span> <span class='ocrx_word' id='word_1_451' title='bbox 1425 2616 1542 2649; x_wconf 76' lang='lat' dir='ltr'><em>codicis</em></span> <span class='ocrx_word' id='word_1_452' title='bbox 1550 2615 1703 2656; x_wconf 87' lang='lat' dir='ltr'><em>primum,</em></span> <span class='ocrx_word' id='word_1_453' title='bbox 1720 2613 1794 2646; x_wconf 89' lang='lat' dir='ltr'><em>olim</em></span> <span class='ocrx_word' id='word_1_454' title='bbox 1807 2613 1955 2645; x_wconf 76' lang='lat' dir='ltr'><em>ultimum</em></span> 
     </span>
     <span class='ocr_line' id='line_1_47' title="bbox 602 2665 1955 2714; baseline -0.009 -7"><span class='ocrx_word' id='word_1_455' title='bbox 602 2674 718 2714; x_wconf 86' lang='lat' dir='ltr'><em>fuisse,</em></span> <span class='ocrx_word' id='word_1_456' title='bbox 752 2675 788 2706; x_wconf 83' lang='lat' dir='ltr'><em>id</em></span> <span class='ocrx_word' id='word_1_457' title='bbox 814 2674 898 2714; x_wconf 80' lang='lat' dir='ltr'><em>quod</em></span> <span class='ocrx_word' id='word_1_458' title='bbox 927 2672 1104 2713; x_wconf 85' lang='lat' dir='ltr'><em>Leopoldus</em></span> <span class='ocrx_word' id='word_1_459' title='bbox 1133 2670 1250 2704; x_wconf 59' lang='lat' dir='ltr'><em>Deli-sle</em></span> <span class='ocrx_word' id='word_1_460' title='bbox 1284 2680 1354 2702; x_wconf 86' lang='lat' dir='ltr'><em>eum</em></span> <span class='ocrx_word' id='word_1_461' title='bbox 1383 2669 1428 2701; x_wconf 90' lang='lat' dir='ltr'><em>ad</em></span> <span class='ocrx_word' id='word_1_462' title='bbox 1454 2678 1585 2700; x_wconf 78' lang='lat' dir='ltr'><em>manum</em></span> <span class='ocrx_word' id='word_1_463' title='bbox 1613 2667 1741 2698; x_wconf 77' lang='lat' dir='ltr'><em>intuens</em></span> <span class='ocrx_word' id='word_1_464' title='bbox 1773 2665 1955 2703; x_wconf 79' lang='lat' dir='ltr'><em>coniecerat,</em></span> 
     </span>
     <span class='ocr_line' id='line_1_48' title="bbox 604 2716 1954 2760; baseline -0.006 -2"><span class='ocrx_word' id='word_1_465' title='bbox 604 2726 693 2758; x_wconf 86' lang='lat' dir='ltr'><em>Petri</em></span> <span class='ocrx_word' id='word_1_466' title='bbox 721 2725 833 2758; x_wconf 85' lang='lat' dir='ltr'><em>Sabini</em></span> <span class='ocrx_word' id='word_1_467' title='bbox 862 2724 1038 2758; x_wconf 83' lang='lat' dir='ltr'><em>testimonio</em></span> <span class='ocrx_word' id='word_1_468' title='bbox 1063 2734 1085 2755; x_wconf 90' lang='lat' dir='ltr'><em>a</em></span> <span class='ocrx_word' id='word_1_469' title='bbox 1114 2723 1258 2756; x_wconf 81' lang='lat' dir='ltr'><em>Iohanne</em></span> <span class='ocrx_word' id='word_1_470' title='bbox 1286 2722 1329 2754; x_wconf 92' lang='lat' dir='ltr'><em>B.</em></span> <span class='ocrx_word' id='word_1_471' title='bbox 1353 2721 1391 2753; x_wconf 88' lang='lat' dir='ltr'><em>de</em></span> <span class='ocrx_word' id='word_1_472' title='bbox 1413 2720 1509 2752; x_wconf 83' lang='lat' dir='ltr'><em>Rossi</em></span> <span class='ocrx_word' id='word_1_473' title='bbox 1528 2718 1656 2760; x_wconf 81' lang='lat' dir='ltr'><em>prolato</em></span> <span class='ocrx_word' id='word_1_474' title='bbox 1687 2718 1805 2760; x_wconf 72' lang='lat' dir='ltr'><em>(Insor.</em></span> <span class='ocrx_word' id='word_1_475' title='bbox 1837 2716 1954 2750; x_wconf 66' lang='lat' dir='ltr'><em>evarist.</em></span> 
     </span>
     <span class='ocr_line' id='line_1_49' title="bbox 605 2771 1618 2819; baseline -0.006 -10"><span class='ocrx_word' id='word_1_476' title='bbox 605 2778 649 2809; x_wconf 92' lang='grc' dir='ltr'><em>ΙΙ</em></span> <span class='ocrx_word' id='word_1_477' title='bbox 658 2779 738 2819; x_wconf 88' lang='grc'><em>410)</em></span> <span class='ocrx_word' id='word_1_478' title='bbox 762 2778 825 2809; x_wconf 83' lang='lat' dir='ltr'><em>iam</em></span> <span class='ocrx_word' id='word_1_479' title='bbox 845 2780 964 2809; x_wconf 86' lang='lat' dir='ltr'><em>certum</em></span> <span class='ocrx_word' id='word_1_480' title='bbox 986 2778 1041 2809; x_wconf 87' lang='lat' dir='ltr'><em>est.</em></span> <span class='ocrx_word' id='word_1_481' title='bbox 1065 2794 1107 2798; x_wconf 90' lang='lat'>—</span> <span class='ocrx_word' id='word_1_482' title='bbox 1128 2776 1194 2807; x_wconf 88' lang='grc'><em>262</em></span> <span class='ocrx_word' id='word_1_483' title='bbox 1215 2774 1272 2807; x_wconf 91' lang='lat' dir='ltr'><em>XI</em></span> <span class='ocrx_word' id='word_1_484' title='bbox 1276 2773 1338 2806; x_wconf 76' lang='lat'><em>172</em></span> <span class='ocrx_word' id='word_1_485' title='bbox 1359 2773 1420 2814; x_wconf 62' lang='lat' dir='ltr'><em>lege</em></span> <span class='ocrx_word' id='word_1_486' title='bbox 1442 2771 1618 2804; x_wconf 77' lang='lat' dir='ltr'><em>volitantia.</em></span> 
     </span>
    </p>
   </div>
   <div class='ocr_carea' id='block_1_4' title="bbox 2017 2349 2060 3074">
    <p class='ocr_par' dir='ltr' id='par_1_10' title="bbox 2017 2349 2060 3074">
     <span class='ocr_line' id='line_1_50' title="bbox 2017 2349 2060 3074; baseline 0 0"><span class='ocrx_word' id='word_1_487' title='bbox 2017 2349 2060 3074; x_wconf 95' lang='lat' dir='ltr'><em> </em></span> 
     </span>
    </p>
   </div>
  </div>
 </body>
</html>
