2060 3074
231 223 291 253 496

518 319 556 338 280

519 578 556 596 25³5

518 837 556 856 290

519 1098 556 1117 2¹³5

520 1358 558 1376 300

518 1617 556 1636 3⁰5

519 1876 557 1895 310

520 2138 557 2156 315

519 2397 557 2416 320

881 220 1017 247 HEIRICI
1038 220 1080 246 CA
1086 220 1213 246 RMINA.

595 307 668 338 Huc
693 307 823 348 praesul
849 307 983 338 veniens
1007 317 1104 338 auras
1128 306 1253 338 vitabat
1277 307 1390 338 inanes

594 358 742 389 Obnixus
766 358 868 389 solitis
894 369 968 389 sese
993 358 1102 390 velare
1127 358 1274 390 latebris.

594 409 734 441 Delituit
756 420 821 441 non
844 410 899 441 ille
925 412 1044 448 tamen,
1069 409 1146 452 quin
1170 410 1317 452 protinus
1341 410 1437 448 omni,

594 461 674 498 Quis
699 464 881 503 quantusve
906 461 999 500 foret,
1024 461 1144 503 liquido
1169 462 1363 493 claresceret
1386 461 1468 493 urbi.

638 513 834 556 Sollempnis
858 517 926 545 tum
949 514 1031 545 forte
1055 514 1126 546 dies
1149 517 1357 546 contraxerat
1379 514 1455 546 illuc

595 565 710 598 Plures
734 566 922 608 pontificum
947 576 1137 608 sacramque
1162 570 1320 608 geruntur
1343 566 1383 598 ad
1408 577 1494 598 aram

594 617 714 656 Divini,
739 618 809 659 quis
835 617 1050 649 Christicolae
1075 621 1279 659 vegetantur,
1303 618 1453 650 honores.

595 669 782 710 Ingreditur
804 669 966 711 placidam
991 669 1119 711 praesul
1144 668 1327 701 Germanus
1351 670 1383 701 in
1406 670 1512 701 aulam

594 721 728 763 Ignotus
753 721 881 752 humilis
906 721 1054 753 abiectae
1078 722 1221 763 tegmine
1246 722 1356 753 vestis.

594 772 770 815 Extemplo
794 773 935 815 quidam,
960 784 1048 805 nexu
1072 784 1169 815 quem
1194 774 1346 805 vinxerat
1369 773 1473 806 hostis

593 825 807 865 Daemonico,
832 836 950 856 vacuas
975 825 1087 867 implet
1111 825 1306 857 clamoribus
1330 837 1443 858 auras:

596 876 672 908 *Cur
695 888 754 908 nos
779 877 899 908 Italicis
923 887 1031 919 urges,
1056 876 1229 917 Germane,
1255 877 1315 909 sub
1340 878 1428 909 oris?

595 928 680 965 Quid
703 930 829 960 tantum
851 929 961 960 miseri
986 928 1026 960 de
1051 931 1083 960 te
1109 929 1267 961 meruisse
1290 933 1463 971 putamur?

595 980 671 1012 Heu
694 980 817 1020 feritas,
841 980 906 1012 heu
929 980 1069 1012 crudelis
1092 981 1248 1013 violentia
1271 992 1396 1013 rerum:

595 1033 664 1065 Nec
688 1033 806 1075 pelago
829 1033 922 1064 locus
947 1035 1007 1071 est,
1030 1033 1107 1075 ipsis
1132 1032 1336 1065 excludimur
1359 1034 1456 1067 arvis.

594 1084 706 1127 Nuper
729 1083 897 1116 Gallorum
921 1084 1006 1127 pulsi
1031 1085 1251 1117 concessimus
1274 1085 1353 1122 oris;

596 1137 752 1168 Praebuit
775 1136 928 1168 Oceanus
952 1136 1062 1179 pelagi
1086 1137 1172 1169 inter
1195 1140 1287 1169 vasta
1312 1137 1487 1170 latebram:

594 1189 680 1220 Hinc
704 1198 832 1230 quoque
855 1188 1006 1220 detrusos
1030 1189 1194 1231 precibus,
1218 1188 1391 1230 Germane,
1415 1190 1546 1231 fugasti.

596 1240 713 1272 Omnia
736 1240 812 1282 quid
835 1243 1011 1283 penetras?
1035 1240 1120 1272 orbis
1144 1241 1221 1283 quid
1245 1241 1341 1273 devia
1365 1242 1508 1274 lustras?

596 1292 718 1324 Desine
742 1295 775 1323 et
798 1295 942 1338 optatam
966 1292 1060 1324 fessis
1083 1293 1235 1335 permitte
1259 1292 1423 1335 quietem.'

595 1345 793 1387 Obstipuere
817 1344 950 1376 animis:
976 1355 1160 1387 exsangues
1182 1345 1330 1387 implicat
1353 1348 1443 1377 artus

595 1397 782 1439 Conceptus
805 1396 866 1428 hac
890 1407 970 1428 voce
995 1400 1128 1434 tremor:
1153 1397 1188 1428 fit
1211 1398 1359 1439 quaestio
1383 1398 1516 1440 passim,

594 1448 675 1484 Quis
700 1448 884 1481 Germanus
909 1452 988 1488 erat,
1013 1459 1109 1491 quem
1133 1460 1197 1481 vox
1221 1449 1333 1481 audita
1357 1449 1500 1491 petebat.

596 1500 790 1542 Compertus
814 1500 944 1532 tandem
969 1504 1017 1532 est
1040 1501 1199 1543 praeclari
1224 1501 1390 1533 schemate
1414 1502 1538 1539 vultus:

596 1552 716 1584 Cetera
738 1552 905 1595 plebeium
929 1552 1075 1584 referunt
1097 1553 1239 1595 insignia
1263 1554 1396 1585 cultum.

594 1604 772 1636 Consultus
797 1615 860 1636 non
885 1615 964 1637 sane
988 1604 1136 1646 gradum,
1160 1615 1226 1637 non
1249 1605 1304 1637 ille
1329 1605 1479 1647 negavit:

595 1656 726 1689 Cernua
749 1656 936 1699 pontificum
961 1660 1133 1689 veneratur
1156 1658 1264 1689 contio
1290 1661 1449 1690 sanctum.

594 1707 727 1740 Viseret
749 1711 849 1750 utque
874 1708 924 1739 sui
948 1708 1085 1740 latorem
1109 1709 1255 1748 nominis,
1281 1719 1393 1741 omnes

596 1759 729 1792 Collatis
752 1760 914 1802 precibus,
939 1760 1022 1792 votis
1047 1761 1272 1792 communibus
1296 1761 1429 1793 instant.

594 1811 779 1843 Parendum
805 1812 927 1843 sanctis
951 1813 1082 1854 praesul
1106 1823 1166 1855 pro
1190 1816 1336 1855 tempore
1360 1812 1482 1845 ducens

595 1863 747 1896 Secretos
771 1865 871 1896 subiit
894 1865 1013 1897 misero
1037 1865 1214 1897 comitante
1238 1876 1399 1897 recessus.

596 1915 772 1958 Conceptis
796 1927 860 1948 non
883 1917 986 1949 multa
1009 1917 1069 1949 fuit
1092 1917 1205 1949 dilatio
1229 1917 1328 1949 votis:

595 1968 719 2000 Prodiit
743 1972 775 2000 et
798 1968 895 2000 foeda
918 1972 1092 2011 purgatum
1116 1973 1208 2012 peste
1231 1969 1389 2002 reducens

596 2020 795 2052 lncolumem
819 2021 947 2063 populis
970 2021 1105 2063 pulchra
1130 2021 1248 2053 virtute
1272 2022 1436 2054 reformat.

594 2071 668 2104 Hoc
692 2075 793 2114 pater,
818 2073 877 2104 hoc
901 2073 1038 2115 primum
1064 2073 1165 2105 Latiis
1190 2073 1332 2105 innotuit
1356 2074 1442 2105 arvis

595 2125 766 2168 Auspicio:
791 2135 867 2156 mox
891 2125 1030 2157 diversis
1055 2136 1072 2157 e
1097 2125 1246 2168 partibus
1270 2136 1384 2158 omnes

596 2176 800 2208 Concurrunt
821 2177 934 2219 populi
957 2177 1235 2220 pervulgataeque
1259 2178 1471 2220 frequentant

595 2228 712 2260 Munus
736 2229 804 2270 opis
829 2232 898 2260 tum
922 2229 1079 2261 consertis
1103 2229 1144 2261 ad
1168 2229 1319 2261 docmata
1343 2229 1459 2272 signis:

596 2281 650 2313 Sic
674 2280 800 2323 probris
824 2281 959 2320 animas,
985 2281 1030 2312 sic
1055 2292 1192 2324 corpora
1216 2281 1308 2314 clade
1333 2281 1472 2313 levabat.

638 2332 724 2364 Exin
748 2332 906 2364 multiflua
927 2333 1059 2375 praesul
1082 2325 1260 2375 digressus
1274 2334 1314 2365 ab
1338 2333 1421 2365 urbe

595 2384 790 2427 Susceptum
813 2384 1015 2427 provehebat
1038 2385 1100 2417 iter
1123 2385 1274 2417 felicibus
1299 2385 1374 2417 oris.

595 2436 745 2468 Occurrit
767 2435 917 2468 mendica
939 2447 1054 2468 manus
1079 2437 1262 2479 stipemque
1286 2437 1422 2479 petebat

594 2488 700 2519 Docta
723 2491 756 2519 et
779 2487 942 2520 sufficiens
964 2489 1071 2520 aliena
1095 2490 1204 2520 vivere
1229 2488 1362 2531 quadra.

596 2539 743 2571 Consulit
765 2540 903 2571 antistes
928 2544 1077 2583 sumptus
1102 2541 1226 2572 ratione
1250 2540 1450 2572 ministrum:

336 2661 441 2686 Scholia
468 2676 499 2679 —
527 2662 577 2687 285
604 2662 738 2695 geruntur]
765 2671 809 2695 pro
835 2664 992 2695 gerebantur
1034 2678 1039 2684 ·
1095 2662 1147 2687 ⁴286
1173 2661 1240 2696 quis]
1269 2671 1313 2695 pro
1341 2663 1434 2694 quibus

232 2703 281 2728 317
301 2704 435 2737 consertis]
454 2706 548 2730 iunctis

335 2790 386 2815 280
404 2791 504 2816 uitabat
523 2791 559 2817 bia
577 2791 602 2816 P
704 2791 740 2816 acl
757 2790 808 2816 284
827 2790 1030 2824 EXPVLERIT]
1050 2793 1072 2817 Τ
1091 2792 1118 2817 in
1136 2793 1153 2816 l.
1171 2801 1194 2816 r.
1212 2792 1238 2817 P
1340 2791 1391 2817 ’289
1410 2793 1512 2818 uixerat
1530 2791 1555 2816 P

652 2705 702 2730 322
721 2704 828 2737 quadra]
848 2706 920 2738 panis
939 2707 1065 2739 particula

334 2876 385 2902 322
404 2875 496 2901 Itwen.
515 2877 538 2908 5,
552 2877 568 2902 2
587 2876 680 2903 aliena
699 2876 790 2903 vivere
809 2877 923 2911 quadra.

1622 517 1653 542 Ut
1663 526 1711 550 per
1728 517 1877 543 daemonem

1618 561 1762 593 publicatae
1769 560 1877 586 cundem

1681 604 1812 636 expulerit.

1620 2342 1661 2367 Do
1683 2342 1785 2375 fraude
1813 2352 1878 2376 paw-

1617 2385 1720 2417 peribus
1742 2395 1793 2418 per
1823 2386 1878 2412 dia—

1659 2437 1746 2454 conem
1758 2431 1842 2462 jacta.

1538 2661 1589 2687 307
1621 2660 1737 2693 latorem]
1768 2662 1878 2687 iudicem

2049 2385 2060 2526 fi—-n-...·...
2056 2368 2060 2374 .
2057 2351 2060 2360 -
