<?xml version="1.0" encoding="UTF-8"?>
<!DOCTYPE html PUBLIC "-//W3C//DTD XHTML 1.0 Transitional//EN"
    "http://www.w3.org/TR/xhtml1/DTD/xhtml1-transitional.dtd">
<html xmlns="http://www.w3.org/1999/xhtml" xml:lang="en" lang="en">
 <head>
  <title>
</title>
<meta http-equiv="Content-Type" content="text/html;charset=utf-8" />
  <meta name='ocr-system' content='tesseract 3.04.00' />
  <meta name='ocr-capabilities' content='ocr_page ocr_carea ocr_par ocr_line ocrx_word'/>
</head>
<body>
  <div class='ocr_page' id='page_1' title='image "./monumentagerma03geseuoft/monumentagerma03geseuoft_0424.png"; bbox 0 0 2060 3074; ppageno 0'>
   <div class='ocr_carea' id='block_1_1' title="bbox 273 141 1277 173">
    <p class='ocr_par' dir='ltr' id='par_1_1' title="bbox 273 141 1277 173">
     <span class='ocr_line' id='line_1_1' title="bbox 273 141 1277 173; baseline -0.006 0"><span class='ocrx_word' id='word_1_1' title='bbox 273 145 333 173; x_wconf 69' lang='lat'><em>408</em></span> <span class='ocrx_word' id='word_1_2' title='bbox 901 141 1084 168; x_wconf 83' lang='lat' dir='ltr'>HINCMARI</span> <span class='ocrx_word' id='word_1_3' title='bbox 1103 141 1277 168; x_wconf 84' lang='lat' dir='ltr'>CARMINA.</span> 
     </span>
    </p>
   </div>
   <div class='ocr_carea' id='block_1_2' title="bbox 227 227 1922 1150">
    <p class='ocr_par' dir='ltr' id='par_1_2' title="bbox 227 227 1922 1150">
     <span class='ocr_line' id='line_1_2' title="bbox 227 227 1917 271; baseline 0.001 -13"><span class='ocrx_word' id='word_1_4' title='bbox 227 258 228 261; x_wconf 68' lang='grc'>,</span> <span class='ocrx_word' id='word_1_5' title='bbox 268 229 434 267; x_wconf 64' lang='lat' dir='ltr'><em>praccepta</em></span> <span class='ocrx_word' id='word_1_6' title='bbox 456 227 499 258; x_wconf 84' lang='lat' dir='ltr'><em>ad</em></span> <span class='ocrx_word' id='word_1_7' title='bbox 521 228 620 259; x_wconf 81' lang='lat' dir='ltr'><em>sedem</em></span> <span class='ocrx_word' id='word_1_8' title='bbox 642 228 842 268; x_wconf 81' lang='lat' dir='ltr'><em>apostoticam</em></span> <span class='ocrx_word' id='word_1_9' title='bbox 865 227 1026 266; x_wconf 78' lang='lat' dir='ltr'><em>appellare</em></span> <span class='ocrx_word' id='word_1_10' title='bbox 1042 227 1141 259; x_wconf 84' lang='lat' dir='ltr'><em>licere.</em></span> <span class='ocrx_word' id='word_1_11' title='bbox 1180 228 1356 267; x_wconf 84' lang='lat' dir='ltr'><em>Repetitam</em></span> <span class='ocrx_word' id='word_1_12' title='bbox 1371 228 1466 260; x_wconf 75' lang='lat' dir='ltr'><em>linias</em></span> <span class='ocrx_word' id='word_1_13' title='bbox 1482 228 1581 260; x_wconf 76' lang='lat' dir='ltr'><em>libelli</em></span> <span class='ocrx_word' id='word_1_14' title='bbox 1605 237 1693 267; x_wconf 69' lang='lat' dir='ltr'><em>quem</em></span> <span class='ocrx_word' id='word_1_15' title='bbox 1719 228 1917 271; x_wconf 85' lang='lat' dir='ltr'><em>pitatiolum¹</em></span> 
     </span>
     <span class='ocr_line' id='line_1_3' title="bbox 271 279 1919 319; baseline 0.001 -9"><span class='ocrx_word' id='word_1_16' title='bbox 271 280 431 311; x_wconf 74' lang='lat' dir='ltr'><em>nouiinari</em></span> <span class='ocrx_word' id='word_1_17' title='bbox 453 279 550 310; x_wconf 80' lang='lat' dir='ltr'><em>voluit</em></span> <span class='ocrx_word' id='word_1_18' title='bbox 571 279 748 318; x_wconf 69' lang='lat' dir='ltr'><em>editionem,</em></span> <span class='ocrx_word' id='word_1_19' title='bbox 773 280 1007 310; x_wconf 68' lang='lat' dir='ltr'><em>contractiorem</em></span> <span class='ocrx_word' id='word_1_20' title='bbox 1031 279 1119 311; x_wconf 82' lang='lat' dir='ltr'><em>illam</em></span> <span class='ocrx_word' id='word_1_21' title='bbox 1142 279 1281 319; x_wconf 76' lang='lat' dir='ltr'><em>quidem,</em></span> <span class='ocrx_word' id='word_1_22' title='bbox 1305 280 1359 311; x_wconf 88' lang='lat' dir='ltr'><em>sed</em></span> <span class='ocrx_word' id='word_1_23' title='bbox 1381 280 1519 311; x_wconf 80' lang='lat' dir='ltr'><em>versibus</em></span> <span class='ocrx_word' id='word_1_24' title='bbox 1541 279 1584 311; x_wconf 85' lang='lat' dir='ltr'><em>ad</em></span> <span class='ocrx_word' id='word_1_25' title='bbox 1608 279 1762 311; x_wconf 78' lang='lat' dir='ltr'><em>Karotum</em></span> <span class='ocrx_word' id='word_1_26' title='bbox 1789 280 1919 312; x_wconf 60' lang='lat' dir='ltr'><em>calvum</em></span> 
     </span>
     <span class='ocr_line' id='line_1_4' title="bbox 269 330 1920 372; baseline 0.001 -10"><span class='ocrx_word' id='word_1_27' title='bbox 269 331 453 371; x_wconf 67' lang='lat' dir='ltr'><em>praemissis</em></span> <span class='ocrx_word' id='word_1_28' title='bbox 469 334 508 371; x_wconf 88' lang='lat' dir='ltr'><em>(c.</em></span> <span class='ocrx_word' id='word_1_29' title='bbox 533 330 602 362; x_wconf 84' lang='lat' dir='ltr'><em>VII</em></span> <span class='ocrx_word' id='word_1_30' title='bbox 609 332 638 371; x_wconf 89' lang='lat' dir='ltr'><em>I)</em></span> <span class='ocrx_word' id='word_1_31' title='bbox 655 332 788 368; x_wconf 79' lang='lat' dir='ltr'><em>auctam,</em></span> <span class='ocrx_word' id='word_1_32' title='bbox 810 341 839 362; x_wconf 81' lang='lat' dir='ltr'><em>a.</em></span> <span class='ocrx_word' id='word_1_33' title='bbox 856 332 919 361; x_wconf 81' lang='grc'><em>869</em></span> <span class='ocrx_word' id='word_1_34' title='bbox 935 340 1036 363; x_wconf 85' lang='lat' dir='ltr'><em>mense</em></span> <span class='ocrx_word' id='word_1_35' title='bbox 1052 330 1130 362; x_wconf 85' lang='lat' dir='ltr'><em>Nov.</em></span> <span class='ocrx_word' id='word_1_36' title='bbox 1142 341 1202 372; x_wconf 88' lang='lat' dir='ltr'><em>per</em></span> <span class='ocrx_word' id='word_1_37' title='bbox 1219 331 1419 364; x_wconf 82' lang='lat' dir='ltr'><em>Wanilonem</em></span> <span class='ocrx_word' id='word_1_38' title='bbox 1433 332 1698 372; x_wconf 81' lang='lat' dir='ltr'><em>archiepiscopum</em></span> <span class='ocrx_word' id='word_1_39' title='bbox 1712 331 1920 364; x_wconf 79' lang='lat' dir='ltr'><em>Senonensem</em></span> 
     </span>
     <span class='ocr_line' id='line_1_5' title="bbox 271 382 1922 424; baseline 0.001 -11"><span class='ocrx_word' id='word_1_40' title='bbox 271 383 444 414; x_wconf 83' lang='lat' dir='ltr'><em>Hinemaro</em></span> <span class='ocrx_word' id='word_1_41' title='bbox 475 382 703 422; x_wconf 77' lang='lat' dir='ltr'><em>archiepiscopo</em></span> <span class='ocrx_word' id='word_1_42' title='bbox 732 382 880 414; x_wconf 85' lang='lat' dir='ltr'><em>Remensi</em></span> <span class='ocrx_word' id='word_1_43' title='bbox 907 382 1060 414; x_wconf 80' lang='lat' dir='ltr'><em>avunculo</em></span> <span class='ocrx_word' id='word_1_44' title='bbox 1088 392 1144 414; x_wconf 80' lang='lat' dir='ltr'><em>sao</em></span> <span class='ocrx_word' id='word_1_45' title='bbox 1174 383 1424 424; x_wconf 79' lang='lat' dir='ltr'><em>Gandalsivillae</em></span> <span class='ocrx_word' id='word_1_46' title='bbox 1458 383 1590 415; x_wconf 73' lang='lat' dir='ltr'><em>tradidit</em></span> <span class='ocrx_word' id='word_1_47' title='bbox 1601 383 1624 415; x_wconf 86' lang='lat'><em>².</em></span> <span class='ocrx_word' id='word_1_48' title='bbox 1674 384 1709 416; x_wconf 89' lang='lat' dir='ltr'><em>Is</em></span> <span class='ocrx_word' id='word_1_49' title='bbox 1742 384 1848 416; x_wconf 85' lang='lat' dir='ltr'><em>statim</em></span> <span class='ocrx_word' id='word_1_50' title='bbox 1878 384 1922 416; x_wconf 87' lang='lat' dir='ltr'><em>ad</em></span> 
     </span>
     <span class='ocr_line' id='line_1_6' title="bbox 272 434 1919 476; baseline 0.001 -10"><span class='ocrx_word' id='word_1_51' title='bbox 272 434 519 474; x_wconf 75' lang='lat' dir='ltr'><em>redaryuendum</em></span> <span class='ocrx_word' id='word_1_52' title='bbox 539 443 704 474; x_wconf 72' lang='lat' dir='ltr'><em>ayyressas</em></span> <span class='ocrx_word' id='word_1_53' title='bbox 725 444 754 466; x_wconf 86' lang='lat' dir='ltr'><em>a.</em></span> <span class='ocrx_word' id='word_1_54' title='bbox 772 435 835 465; x_wconf 78' lang='lat'><em>870</em></span> <span class='ocrx_word' id='word_1_55' title='bbox 858 444 960 465; x_wconf 87' lang='lat' dir='ltr'><em>mense</em></span> <span class='ocrx_word' id='word_1_56' title='bbox 977 435 1051 466; x_wconf 83' lang='lat' dir='ltr'><em>Iun.</em></span> <span class='ocrx_word' id='word_1_57' title='bbox 1074 435 1156 474; x_wconf 78' lang='lat' dir='ltr'><em>qnod</em></span> <span class='ocrx_word' id='word_1_58' title='bbox 1177 435 1362 467; x_wconf 78' lang='lat' dir='ltr'><em>inscribitur</em></span> <span class='ocrx_word' id='word_1_59' title='bbox 1377 435 1453 467; x_wconf 80' lang='lat' dir='ltr'><em>‘LV</em></span> <span class='ocrx_word' id='word_1_60' title='bbox 1470 435 1687 475; x_wconf 76' lang='lat' dir='ltr'><em>capitulorum’</em></span> <span class='ocrx_word' id='word_1_61' title='bbox 1711 445 1788 476; x_wconf 83' lang='lat' dir='ltr'><em>opus</em></span> <span class='ocrx_word' id='word_1_62' title='bbox 1809 435 1919 475; x_wconf 79' lang='lat' dir='ltr'><em>emisit,</em></span> 
     </span>
     <span class='ocr_line' id='line_1_7' title="bbox 271 485 1919 530; baseline 0.001 -13"><span class='ocrx_word' id='word_1_63' title='bbox 271 487 321 518; x_wconf 81' lang='lat' dir='ltr'><em>cai</em></span> <span class='ocrx_word' id='word_1_64' title='bbox 338 486 492 526; x_wconf 68' lang='lat' dir='ltr'><em>praefiscit</em></span> <span class='ocrx_word' id='word_1_65' title='bbox 519 485 736 518; x_wconf 79' lang='lat' dir='ltr'><em>titulationem</em></span> <span class='ocrx_word' id='word_1_66' title='bbox 760 485 851 517; x_wconf 85' lang='lat' dir='ltr'><em>illam</em></span> <span class='ocrx_word' id='word_1_67' title='bbox 874 487 1041 517; x_wconf 81' lang='lat' dir='ltr'><em>metricam</em></span> <span class='ocrx_word' id='word_1_68' title='bbox 1072 486 1308 529; x_wconf 79' lang='lat' dir='ltr'><em>compilationis</em></span> <span class='ocrx_word' id='word_1_69' title='bbox 1331 486 1501 519; x_wconf 84' lang='lat' dir='ltr'><em>Hincmari</em></span> <span class='ocrx_word' id='word_1_70' title='bbox 1524 486 1750 519; x_wconf 80' lang='lat' dir='ltr'><em>Laudunensis</em></span> <span class='ocrx_word' id='word_1_71' title='bbox 1775 487 1919 530; x_wconf 83' lang='lat' dir='ltr'><strong>episcopi</strong></span> 
     </span>
     <span class='ocr_line' id='line_1_8' title="bbox 271 537 1920 581; baseline 0.002 -13"><span class='ocrx_word' id='word_1_72' title='bbox 271 538 311 569; x_wconf 85' lang='lat' dir='ltr'><em>ad</em></span> <span class='ocrx_word' id='word_1_73' title='bbox 336 537 488 569; x_wconf 88' lang='lat' dir='ltr'><em>domnum</em></span> <span class='ocrx_word' id='word_1_74' title='bbox 513 548 624 579; x_wconf 84' lang='lat' dir='ltr'><em>regem</em></span> <span class='ocrx_word' id='word_1_75' title='bbox 641 537 799 569; x_wconf 80' lang='lat' dir='ltr'><em>Karolum</em></span> <span class='ocrx_word' id='word_1_76' title='bbox 823 538 932 569; x_wconf 81' lang='lat' dir='ltr'><em>fictam</em></span> <span class='ocrx_word' id='word_1_77' title='bbox 956 539 995 577; x_wconf 86' lang='lat' dir='ltr'><em>(c.</em></span> <span class='ocrx_word' id='word_1_78' title='bbox 1018 537 1125 576; x_wconf 89' lang='lat' dir='ltr'><strong><em>VIII)</em></strong></span> <span class='ocrx_word' id='word_1_79' title='bbox 1148 540 1176 569; x_wconf 94' lang='lat' dir='ltr'><em>et</em></span> <span class='ocrx_word' id='word_1_80' title='bbox 1191 548 1281 570; x_wconf 81' lang='lat' dir='ltr'><em>snam</em></span> <span class='ocrx_word' id='word_1_81' title='bbox 1297 539 1398 578; x_wconf 77' lang='lat' dir='ltr'><em>ipsias</em></span> <span class='ocrx_word' id='word_1_82' title='bbox 1415 539 1661 581; x_wconf 79' lang='lat' dir='ltr'><strong>responsionem</strong></span> <span class='ocrx_word' id='word_1_83' title='bbox 1678 538 1825 579; x_wconf 88' lang='lat' dir='ltr'><strong><em>(VIIII)</em></strong></span> <span class='ocrx_word' id='word_1_84' title='bbox 1847 540 1920 571; x_wconf 87' lang='lat' dir='ltr'><em>item</em></span> 
     </span>
     <span class='ocr_line' id='line_1_9' title="bbox 270 589 1921 631; baseline 0.001 -11"><span class='ocrx_word' id='word_1_85' title='bbox 270 589 409 621; x_wconf 75' lang='lat' dir='ltr'><em>versibus</em></span> <span class='ocrx_word' id='word_1_86' title='bbox 432 590 646 629; x_wconf 70' lang='lat' dir='ltr'><em>conscriptam.</em></span> <span class='ocrx_word' id='word_1_87' title='bbox 686 589 790 621; x_wconf 79' lang='lat' dir='ltr'><em>Panlo</em></span> <span class='ocrx_word' id='word_1_88' title='bbox 810 591 879 629; x_wconf 86' lang='lat' dir='ltr'><em>post</em></span> <span class='ocrx_word' id='word_1_89' title='bbox 901 590 964 621; x_wconf 73' lang='lat' dir='ltr'><em>Iul.</em></span> <span class='ocrx_word' id='word_1_90' title='bbox 988 591 1052 621; x_wconf 73' lang='lat'><em>870</em></span> <span class='ocrx_word' id='word_1_91' title='bbox 1074 591 1144 621; x_wconf 86' lang='lat' dir='ltr'><em>acta</em></span> <span class='ocrx_word' id='word_1_92' title='bbox 1167 600 1204 621; x_wconf 91' lang='lat' dir='ltr'><em>ea</em></span> <span class='ocrx_word' id='word_1_93' title='bbox 1226 591 1410 630; x_wconf 74' lang='lat' dir='ltr'><em>complexus,</em></span> <span class='ocrx_word' id='word_1_94' title='bbox 1433 601 1512 631; x_wconf 81' lang='lat' dir='ltr'><em>quae</em></span> <span class='ocrx_word' id='word_1_95' title='bbox 1534 590 1578 622; x_wconf 89' lang='lat' dir='ltr'><em>ad</em></span> <span class='ocrx_word' id='word_1_96' title='bbox 1600 600 1690 622; x_wconf 80' lang='lat' dir='ltr'><em>suam</em></span> <span class='ocrx_word' id='word_1_97' title='bbox 1713 601 1781 622; x_wconf 85' lang='lat' dir='ltr'><em>cam</em></span> <span class='ocrx_word' id='word_1_98' title='bbox 1803 591 1921 623; x_wconf 87' lang='lat' dir='ltr'><em>sororis</em></span> 
     </span>
     <span class='ocr_line' id='line_1_10' title="bbox 268 641 1921 684; baseline 0.001 -11"><span class='ocrx_word' id='word_1_99' title='bbox 268 642 336 682; x_wconf 77' lang='lat' dir='ltr'><em>silio</em></span> <span class='ocrx_word' id='word_1_100' title='bbox 364 641 448 673; x_wconf 88' lang='lat' dir='ltr'><em>litem</em></span> <span class='ocrx_word' id='word_1_101' title='bbox 479 641 691 681; x_wconf 83' lang='lat' dir='ltr'><em>pertinebant,</em></span> <span class='ocrx_word' id='word_1_102' title='bbox 723 641 806 672; x_wconf 84' lang='lat' dir='ltr'><em>inter</em></span> <span class='ocrx_word' id='word_1_103' title='bbox 834 641 901 673; x_wconf 83' lang='lat' dir='ltr'><em>alia</em></span> <span class='ocrx_word' id='word_1_104' title='bbox 931 651 1003 673; x_wconf 80' lang='lat' dir='ltr'><em>suos</em></span> <span class='ocrx_word' id='word_1_105' title='bbox 1032 641 1180 682; x_wconf 81' lang='lat' dir='ltr'><em>illiusque</em></span> <span class='ocrx_word' id='word_1_106' title='bbox 1210 651 1318 674; x_wconf 85' lang='lat' dir='ltr'><em>versus</em></span> <span class='ocrx_word' id='word_1_107' title='bbox 1345 643 1459 674; x_wconf 80' lang='lat' dir='ltr'><em>iterum</em></span> <span class='ocrx_word' id='word_1_108' title='bbox 1487 642 1593 674; x_wconf 78' lang='lat' dir='ltr'><em>edidit.</em></span> <span class='ocrx_word' id='word_1_109' title='bbox 1645 642 1792 674; x_wconf 79' lang='lat' dir='ltr'><em>Videmus</em></span> <span class='ocrx_word' id='word_1_110' title='bbox 1822 643 1921 684; x_wconf 78' lang='lat' dir='ltr'><em>iyitur</em></span> 
     </span>
     <span class='ocr_line' id='line_1_11' title="bbox 270 693 1922 735; baseline 0.001 -10"><span class='ocrx_word' id='word_1_111' title='bbox 270 703 377 725; x_wconf 81' lang='lat' dir='ltr'><em>versas</em></span> <span class='ocrx_word' id='word_1_112' title='bbox 400 693 536 724; x_wconf 77' lang='lat' dir='ltr'><em>iunioris</em></span> <span class='ocrx_word' id='word_1_113' title='bbox 559 695 618 732; x_wconf 83' lang='lat' dir='ltr'><em>ter,</em></span> <span class='ocrx_word' id='word_1_114' title='bbox 649 693 783 725; x_wconf 85' lang='lat' dir='ltr'><em>senioris</em></span> <span class='ocrx_word' id='word_1_115' title='bbox 810 693 858 724; x_wconf 88' lang='lat' dir='ltr'><em>bis</em></span> <span class='ocrx_word' id='word_1_116' title='bbox 880 693 986 725; x_wconf 89' lang='lat' dir='ltr'><em>editos.</em></span> <span class='ocrx_word' id='word_1_117' title='bbox 1030 693 1124 725; x_wconf 86' lang='lat' dir='ltr'><em>Libri</em></span> <span class='ocrx_word' id='word_1_118' title='bbox 1146 695 1251 725; x_wconf 87' lang='lat' dir='ltr'><em>tamen</em></span> <span class='ocrx_word' id='word_1_119' title='bbox 1273 694 1387 726; x_wconf 83' lang='lat' dir='ltr'><em>haram</em></span> <span class='ocrx_word' id='word_1_120' title='bbox 1409 693 1580 726; x_wconf 84' lang='lat' dir='ltr'><em>editionum</em></span> <span class='ocrx_word' id='word_1_121' title='bbox 1602 694 1649 726; x_wconf 84' lang='lat' dir='ltr'><em>vel</em></span> <span class='ocrx_word' id='word_1_122' title='bbox 1671 694 1781 735; x_wconf 73' lang='lat' dir='ltr'><em>scripti</em></span> <span class='ocrx_word' id='word_1_123' title='bbox 1802 695 1850 727; x_wconf 85' lang='lat' dir='ltr'><em>vel</em></span> <span class='ocrx_word' id='word_1_124' title='bbox 1872 694 1922 726; x_wconf 82' lang='lat' dir='ltr'><em>his</em></span> 
     </span>
     <span class='ocr_line' id='line_1_12' title="bbox 270 745 1922 787; baseline 0.001 -11"><span class='ocrx_word' id='word_1_125' title='bbox 270 745 480 785; x_wconf 76' lang='lat' dir='ltr'><em>deficientibus</em></span> <span class='ocrx_word' id='word_1_126' title='bbox 514 745 658 785; x_wconf 79' lang='lat' dir='ltr'><em>impressi</em></span> <span class='ocrx_word' id='word_1_127' title='bbox 679 755 741 785; x_wconf 86' lang='lat' dir='ltr'><em>pro</em></span> <span class='ocrx_word' id='word_1_128' title='bbox 773 745 899 785; x_wconf 85' lang='lat' dir='ltr'><em>scriptis</em></span> <span class='ocrx_word' id='word_1_129' title='bbox 933 745 1068 777; x_wconf 79' lang='lat' dir='ltr'><em>habendi</em></span> <span class='ocrx_word' id='word_1_130' title='bbox 1103 745 1186 778; x_wconf 84' lang='lat' dir='ltr'><em>inter</em></span> <span class='ocrx_word' id='word_1_131' title='bbox 1220 755 1251 777; x_wconf 89' lang='lat' dir='ltr'><em>se</em></span> <span class='ocrx_word' id='word_1_132' title='bbox 1283 747 1410 778; x_wconf 86' lang='lat' dir='ltr'><em>omnino</em></span> <span class='ocrx_word' id='word_1_133' title='bbox 1444 747 1628 787; x_wconf 75' lang='lat' dir='ltr'><em>conyruunt.</em></span> <span class='ocrx_word' id='word_1_134' title='bbox 1683 746 1787 787; x_wconf 83' lang='lat' dir='ltr'><em>Atque</em></span> <span class='ocrx_word' id='word_1_135' title='bbox 1815 746 1922 786; x_wconf 83' lang='lat' dir='ltr'><em>prima</em></span> 
     </span>
     <span class='ocr_line' id='line_1_13' title="bbox 269 796 1920 837; baseline 0.002 -10"><span class='ocrx_word' id='word_1_136' title='bbox 269 797 493 828; x_wconf 77' lang='lat' dir='ltr'><em>Laudanensis</em></span> <span class='ocrx_word' id='word_1_137' title='bbox 509 796 678 828; x_wconf 81' lang='lat' dir='ltr'><em>Hincmari</em></span> <span class='ocrx_word' id='word_1_138' title='bbox 700 796 740 828; x_wconf 87' lang='lat' dir='ltr'><em>ab</em></span> <span class='ocrx_word' id='word_1_139' title='bbox 763 796 830 837; x_wconf 88' lang='lat' dir='ltr'><em>ipso</em></span> <span class='ocrx_word' id='word_1_140' title='bbox 845 797 993 828; x_wconf 79' lang='lat' dir='ltr'><em>instituta</em></span> <span class='ocrx_word' id='word_1_141' title='bbox 1009 797 1102 828; x_wconf 86' lang='lat' dir='ltr'><em>editio</em></span> <span class='ocrx_word' id='word_1_142' title='bbox 1118 797 1238 828; x_wconf 87' lang='lat' dir='ltr'><em>tradita</em></span> <span class='ocrx_word' id='word_1_143' title='bbox 1253 799 1322 829; x_wconf 87' lang='lat' dir='ltr'><em>erat</em></span> <span class='ocrx_word' id='word_1_144' title='bbox 1336 797 1372 828; x_wconf 85' lang='lat' dir='ltr'><em>in</em></span> <span class='ocrx_word' id='word_1_145' title='bbox 1397 798 1501 829; x_wconf 83' lang='lat' dir='ltr'><em>‘veteri</em></span> <span class='ocrx_word' id='word_1_146' title='bbox 1515 797 1615 829; x_wconf 86' lang='lat' dir='ltr'><em>codice</em></span> <span class='ocrx_word' id='word_1_147' title='bbox 1630 797 1774 830; x_wconf 83' lang='lat' dir='ltr'><em>ecclcsiae</em></span> <span class='ocrx_word' id='word_1_148' title='bbox 1788 797 1920 830; x_wconf 80' lang='lat' dir='ltr'><em>Lauda-</em></span> 
     </span>
     <span class='ocr_line' id='line_1_14' title="bbox 269 847 1920 889; baseline 0.001 -9"><span class='ocrx_word' id='word_1_149' title='bbox 269 848 396 886; x_wconf 80' lang='lat' dir='ltr'><em>nensis&#39;‚</em></span> <span class='ocrx_word' id='word_1_150' title='bbox 426 859 486 888; x_wconf 77' lang='lat' dir='ltr'><em>qno</em></span> <span class='ocrx_word' id='word_1_151' title='bbox 508 859 547 880; x_wconf 78' lang='lat' dir='ltr'><em>ex</em></span> <span class='ocrx_word' id='word_1_152' title='bbox 569 848 667 880; x_wconf 87' lang='lat' dir='ltr'><em>codice</em></span> <span class='ocrx_word' id='word_1_153' title='bbox 691 859 712 880; x_wconf 92' lang='lat' dir='ltr'><em>a</em></span> <span class='ocrx_word' id='word_1_154' title='bbox 734 847 900 880; x_wconf 86' lang='lat' dir='ltr'><em>Sirmondo</em></span> <span class='ocrx_word' id='word_1_155' title='bbox 929 849 963 879; x_wconf 90' lang='lat' dir='ltr'><em>in</em></span> <span class='ocrx_word' id='word_1_156' title='bbox 985 848 1157 880; x_wconf 86' lang='lat' dir='ltr'><em>Hincmari</em></span> <span class='ocrx_word' id='word_1_157' title='bbox 1182 848 1259 889; x_wconf 89' lang='lat' dir='ltr'><em>Opp.</em></span> <span class='ocrx_word' id='word_1_158' title='bbox 1282 849 1326 882; x_wconf 91' lang='lat' dir='ltr'><em>II</em></span> <span class='ocrx_word' id='word_1_159' title='bbox 1333 850 1396 880; x_wconf 86' lang='lat'><em>355</em></span> <span class='ocrx_word' id='word_1_160' title='bbox 1420 848 1561 881; x_wconf 80' lang='lat' dir='ltr'><em>Parisiis</em></span> <span class='ocrx_word' id='word_1_161' title='bbox 1583 849 1668 881; x_wconf 76' lang='lat'><strong><em>1645</em></strong></span> <span class='ocrx_word' id='word_1_162' title='bbox 1691 850 1844 889; x_wconf 80' lang='lat' dir='ltr'><em>impressa</em></span> <span class='ocrx_word' id='word_1_163' title='bbox 1866 851 1920 882; x_wconf 79' lang='lat' dir='ltr'><em>cst.</em></span> 
     </span>
     <span class='ocr_line' id='line_1_15' title="bbox 270 899 1922 942; baseline 0.002 -11"><span class='ocrx_word' id='word_1_164' title='bbox 270 900 319 932; x_wconf 88' lang='lat' dir='ltr'><em>De</em></span> <span class='ocrx_word' id='word_1_165' title='bbox 335 901 445 942; x_wconf 84' lang='lat' dir='ltr'><em>prima</em></span> <span class='ocrx_word' id='word_1_166' title='bbox 469 900 632 932; x_wconf 85' lang='lat' dir='ltr'><em>Remcnsis</em></span> <span class='ocrx_word' id='word_1_167' title='bbox 655 899 825 932; x_wconf 81' lang='lat' dir='ltr'><em>Hincmari</em></span> <span class='ocrx_word' id='word_1_168' title='bbox 848 900 990 938; x_wconf 81' lang='lat' dir='ltr'><em>editione,</em></span> <span class='ocrx_word' id='word_1_169' title='bbox 1013 911 1092 940; x_wconf 82' lang='lat' dir='ltr'><em>qaae</em></span> <span class='ocrx_word' id='word_1_170' title='bbox 1108 901 1334 933; x_wconf 86' lang='lat' dir='ltr'><em>Laadanensis</em></span> <span class='ocrx_word' id='word_1_171' title='bbox 1349 901 1520 933; x_wconf 87' lang='lat' dir='ltr'><em>Hincmari</em></span> <span class='ocrx_word' id='word_1_172' title='bbox 1542 903 1611 933; x_wconf 87' lang='lat' dir='ltr'><em>erat</em></span> <span class='ocrx_word' id='word_1_173' title='bbox 1632 901 1776 940; x_wconf 84' lang='lat' dir='ltr'><em>secanda,</em></span> <span class='ocrx_word' id='word_1_174' title='bbox 1799 901 1922 934; x_wconf 75' lang='lat' dir='ltr'><em>videtur</em></span> 
     </span>
     <span class='ocr_line' id='line_1_16' title="bbox 267 951 1922 994; baseline 0.001 -10"><span class='ocrx_word' id='word_1_175' title='bbox 267 953 448 993; x_wconf 73' lang='lat' dir='ltr'><em>pependisse</em></span> <span class='ocrx_word' id='word_1_176' title='bbox 471 952 564 984; x_wconf 74' lang='lat' dir='ltr'><em>codex</em></span> <span class='ocrx_word' id='word_1_177' title='bbox 586 952 623 990; x_wconf 87' lang='lat' dir='ltr'><em>is,</em></span> <span class='ocrx_word' id='word_1_178' title='bbox 646 962 736 992; x_wconf 79' lang='lat' dir='ltr'><em>quem</em></span> <span class='ocrx_word' id='word_1_179' title='bbox 755 951 921 984; x_wconf 81' lang='lat' dir='ltr'><em>Cordesius</em></span> <span class='ocrx_word' id='word_1_180' title='bbox 943 952 979 983; x_wconf 90' lang='lat' dir='ltr'><em>in</em></span> <span class='ocrx_word' id='word_1_181' title='bbox 995 952 1165 984; x_wconf 84' lang='lat' dir='ltr'><em>Hincmari</em></span> <span class='ocrx_word' id='word_1_182' title='bbox 1183 952 1261 994; x_wconf 84' lang='lat' dir='ltr'><em>Opp.</em></span> <span class='ocrx_word' id='word_1_183' title='bbox 1278 952 1419 985; x_wconf 87' lang='lat' dir='ltr'><em>Parisiis</em></span> <span class='ocrx_word' id='word_1_184' title='bbox 1435 953 1518 984; x_wconf 88' lang='lat'><strong><em>1615</em></strong></span> <span class='ocrx_word' id='word_1_185' title='bbox 1541 953 1693 992; x_wconf 82' lang='lat' dir='ltr'><em>adhibuit,</em></span> <span class='ocrx_word' id='word_1_186' title='bbox 1721 953 1922 994; x_wconf 72' lang='lat' dir='ltr'><em>Cordesitque</em></span> 
     </span>
     <span class='ocr_line' id='line_1_17' title="bbox 270 1002 1922 1046; baseline 0.001 -10"><span class='ocrx_word' id='word_1_187' title='bbox 270 1007 386 1036; x_wconf 75' lang='lat' dir='ltr'><em>textam</em></span> <span class='ocrx_word' id='word_1_188' title='bbox 410 1004 599 1036; x_wconf 81' lang='lat' dir='ltr'><em>Sirmondus</em></span> <span class='ocrx_word' id='word_1_189' title='bbox 627 1002 819 1044; x_wconf 73' lang='lat' dir='ltr'><em>‘recoynovit’</em></span> <span class='ocrx_word' id='word_1_190' title='bbox 849 1004 870 1035; x_wconf 82' lang='lat' dir='ltr'><em>l.</em></span> <span class='ocrx_word' id='word_1_191' title='bbox 901 1014 925 1036; x_wconf 91' lang='lat' dir='ltr'><em>e.</em></span> <span class='ocrx_word' id='word_1_192' title='bbox 947 1004 992 1036; x_wconf 90' lang='lat' dir='ltr'><em>II</em></span> <span class='ocrx_word' id='word_1_193' title='bbox 1003 1005 1077 1037; x_wconf 80' lang='lat'><em>382.</em></span> <span class='ocrx_word' id='word_1_194' title='bbox 1122 1004 1176 1036; x_wconf 79' lang='lat' dir='ltr'><em>Ex</em></span> <span class='ocrx_word' id='word_1_195' title='bbox 1201 1005 1303 1036; x_wconf 84' lang='lat' dir='ltr'><em>altera</em></span> <span class='ocrx_word' id='word_1_196' title='bbox 1325 1004 1490 1036; x_wconf 84' lang='lat' dir='ltr'><em>Remensis</em></span> <span class='ocrx_word' id='word_1_197' title='bbox 1518 1005 1654 1045; x_wconf 79' lang='lat' dir='ltr'><em>episcopi</em></span> <span class='ocrx_word' id='word_1_198' title='bbox 1675 1005 1822 1044; x_wconf 82' lang='lat' dir='ltr'><em>editione,</em></span> <span class='ocrx_word' id='word_1_199' title='bbox 1843 1014 1922 1046; x_wconf 78' lang='lat' dir='ltr'><em>quae</em></span> 
     </span>
     <span class='ocr_line' id='line_1_18' title="bbox 269 1055 1922 1097; baseline 0.001 -9"><span class='ocrx_word' id='word_1_200' title='bbox 269 1057 494 1088; x_wconf 80' lang='lat' dir='ltr'><em>Laudunensis</em></span> <span class='ocrx_word' id='word_1_201' title='bbox 517 1058 585 1088; x_wconf 89' lang='lat' dir='ltr'><em>erat</em></span> <span class='ocrx_word' id='word_1_202' title='bbox 607 1056 709 1094; x_wconf 86' lang='lat' dir='ltr'><em>tertia,</em></span> <span class='ocrx_word' id='word_1_203' title='bbox 732 1058 871 1097; x_wconf 81' lang='lat' dir='ltr'><em>superest</em></span> <span class='ocrx_word' id='word_1_204' title='bbox 893 1055 986 1087; x_wconf 77' lang='lat' dir='ltr'><em>codex</em></span> <span class='ocrx_word' id='word_1_205' title='bbox 1010 1055 1351 1088; x_wconf 79' lang='lat' dir='ltr'><em>Vaticano-Palatinus</em></span> <span class='ocrx_word' id='word_1_206' title='bbox 1372 1058 1437 1088; x_wconf 83' lang='lat'><em>296</em></span> <span class='ocrx_word' id='word_1_207' title='bbox 1459 1057 1533 1088; x_wconf 89' lang='lat' dir='ltr'><em>olim</em></span> <span class='ocrx_word' id='word_1_208' title='bbox 1555 1057 1589 1090; x_wconf 81' lang='lat' dir='ltr'><em>S.</em></span> <span class='ocrx_word' id='word_1_209' title='bbox 1611 1057 1742 1089; x_wconf 85' lang='lat' dir='ltr'><em>Mariae</em></span> <span class='ocrx_word' id='word_1_210' title='bbox 1755 1057 1922 1089; x_wconf 80' lang='lat' dir='ltr'><em>Hildenes-</em></span> 
     </span>
     <span class='ocr_line' id='line_1_19' title="bbox 270 1107 1921 1150; baseline 0.001 -10"><span class='ocrx_word' id='word_1_211' title='bbox 270 1109 435 1141; x_wconf 77' lang='lat' dir='ltr'><em>lieimensis</em></span> <span class='ocrx_word' id='word_1_212' title='bbox 450 1108 514 1150; x_wconf 92' lang='lat' dir='ltr'><em>(H)</em></span> <span class='ocrx_word' id='word_1_213' title='bbox 531 1118 607 1140; x_wconf 90' lang='lat' dir='ltr'><em>saec.</em></span> <span class='ocrx_word' id='word_1_214' title='bbox 627 1107 690 1140; x_wconf 89' lang='lat' dir='ltr'><em>XI.</em></span> <span class='ocrx_word' id='word_1_215' title='bbox 715 1108 850 1147; x_wconf 82' lang='lat' dir='ltr'><em>scriptus</em></span> <span class='ocrx_word' id='word_1_216' title='bbox 862 1108 882 1146; x_wconf 89' lang='lat'><em>³,</em></span> <span class='ocrx_word' id='word_1_217' title='bbox 905 1107 948 1139; x_wconf 89' lang='lat' dir='ltr'><em>ad</em></span> <span class='ocrx_word' id='word_1_218' title='bbox 962 1118 1052 1147; x_wconf 79' lang='lat' dir='ltr'><em>quem</em></span> <span class='ocrx_word' id='word_1_219' title='bbox 1066 1117 1183 1147; x_wconf 83' lang='lat' dir='ltr'><em>versus,</em></span> <span class='ocrx_word' id='word_1_220' title='bbox 1206 1108 1261 1148; x_wconf 81' lang='lat' dir='ltr'><em>qni</em></span> <span class='ocrx_word' id='word_1_221' title='bbox 1275 1108 1321 1140; x_wconf 84' lang='lat' dir='ltr'><em>ibi</em></span> <span class='ocrx_word' id='word_1_222' title='bbox 1335 1111 1410 1140; x_wconf 85' lang='lat' dir='ltr'><em>sant</em></span> <span class='ocrx_word' id='word_1_223' title='bbox 1426 1108 1486 1150; x_wconf 82' lang='lat' dir='ltr'><em>fol.</em></span> <span class='ocrx_word' id='word_1_224' title='bbox 1502 1110 1697 1147; x_wconf 51' lang='lat' dir='ltr'><em>‚av—23⁹,</em></span> <span class='ocrx_word' id='word_1_225' title='bbox 1720 1119 1772 1149; x_wconf 69' lang='lat' dir='ltr'><em>eqo</em></span> <span class='ocrx_word' id='word_1_226' title='bbox 1794 1109 1921 1142; x_wconf 81' lang='lat' dir='ltr'><em>contuli.</em></span> 
     </span>
    </p>
   </div>
   <div class='ocr_carea' id='block_1_3' title="bbox 376 1186 1803 1194">
    <p class='ocr_par' dir='ltr' id='par_1_3' title="bbox 376 1186 1803 1194">
     <span class='ocr_line' id='line_1_20' title="bbox 376 1186 1803 1194; baseline 0 0"><span class='ocrx_word' id='word_1_227' title='bbox 376 1186 1803 1194; x_wconf 95' lang='lat' dir='ltr'><em> </em></span> 
     </span>
    </p>
   </div>
   <div class='ocr_carea' id='block_1_4' title="bbox 268 1237 1924 2835">
    <p class='ocr_par' dir='ltr' id='par_1_4' title="bbox 268 1237 1924 2629">
     <span class='ocr_line' id='line_1_21' title="bbox 270 1237 1922 1273; baseline 0.001 -8"><span class='ocrx_word' id='word_1_228' title='bbox 270 1239 420 1266; x_wconf 72' lang='lat' dir='ltr'><em>luculenter</em></span> <span class='ocrx_word' id='word_1_229' title='bbox 438 1238 574 1271; x_wconf 78' lang='lat' dir='ltr'><em>illnstrat;</em></span> <span class='ocrx_word' id='word_1_230' title='bbox 591 1238 640 1271; x_wconf 77' lang='lat' dir='ltr'><em>cfr.</em></span> <span class='ocrx_word' id='word_1_231' title='bbox 661 1237 756 1272; x_wconf 73' lang='lat' dir='ltr'><em>Canqii</em></span> <span class='ocrx_word' id='word_1_232' title='bbox 770 1237 969 1272; x_wconf 77' lang='lat' dir='ltr'><em>praefationem</em></span> <span class='ocrx_word' id='word_1_233' title='bbox 989 1237 1106 1264; x_wconf 83' lang='lat' dir='ltr'><em>Glossar.</em></span> <span class='ocrx_word' id='word_1_234' title='bbox 1126 1246 1148 1264; x_wconf 93' lang='lat' dir='ltr'><em>c.</em></span> <span class='ocrx_word' id='word_1_235' title='bbox 1163 1237 1314 1264; x_wconf 80' lang='lat' dir='ltr'><strong><em>XXXIX.</em></strong></span> <span class='ocrx_word' id='word_1_236' title='bbox 1350 1238 1401 1265; x_wconf 81' lang='lat' dir='ltr'><em>Est</em></span> <span class='ocrx_word' id='word_1_237' title='bbox 1419 1237 1495 1272; x_wconf 72' lang='lat' dir='ltr'><em>apwl</em></span> <span class='ocrx_word' id='word_1_238' title='bbox 1514 1237 1688 1265; x_wconf 75' lang='lat' dir='ltr'><em>Sirnwiidum</em></span> <span class='ocrx_word' id='word_1_239' title='bbox 1706 1238 1854 1272; x_wconf 76' lang='lat' dir='ltr'><em>11547sq.:</em></span> <span class='ocrx_word' id='word_1_240' title='bbox 1873 1238 1922 1273; x_wconf 87' lang='lat' dir='ltr'><em>qui</em></span> 
     </span>
     <span class='ocr_line' id='line_1_22' title="bbox 270 1289 1920 1326; baseline 0 -8"><span class='ocrx_word' id='word_1_241' title='bbox 270 1291 344 1318; x_wconf 89' lang='lat' dir='ltr'><em>enim</em></span> <span class='ocrx_word' id='word_1_242' title='bbox 359 1290 485 1325; x_wconf 86' lang='lat' dir='ltr'><em>linguam</em></span> <span class='ocrx_word' id='word_1_243' title='bbox 504 1290 533 1316; x_wconf 89' lang='lat' dir='ltr'><em>in</em></span> <span class='ocrx_word' id='word_1_244' title='bbox 553 1299 608 1324; x_wconf 89' lang='lat' dir='ltr'><em>qua</em></span> <span class='ocrx_word' id='word_1_245' title='bbox 626 1291 709 1316; x_wconf 90' lang='lat' dir='ltr'><em>natus</em></span> <span class='ocrx_word' id='word_1_246' title='bbox 729 1299 756 1317; x_wconf 92' lang='lat' dir='ltr'><em>es</em></span> <span class='ocrx_word' id='word_1_247' title='bbox 774 1299 831 1317; x_wconf 90' lang='lat' dir='ltr'><em>non</em></span> <span class='ocrx_word' id='word_1_248' title='bbox 850 1290 939 1320; x_wconf 87' lang='lat' dir='ltr'><em>solum</em></span> <span class='ocrx_word' id='word_1_249' title='bbox 957 1299 1013 1317; x_wconf 88' lang='lat' dir='ltr'><em>non</em></span> <span class='ocrx_word' id='word_1_250' title='bbox 1032 1289 1116 1324; x_wconf 86' lang='lat' dir='ltr'><em>loqui,</em></span> <span class='ocrx_word' id='word_1_251' title='bbox 1137 1298 1232 1316; x_wconf 88' lang='lat' dir='ltr'><em>verum</em></span> <span class='ocrx_word' id='word_1_252' title='bbox 1250 1298 1301 1317; x_wconf 89' lang='lat' dir='ltr'><em>nec</em></span> <span class='ocrx_word' id='word_1_253' title='bbox 1320 1289 1478 1325; x_wconf 84' lang='lat' dir='ltr'><em>intelligere</em></span> <span class='ocrx_word' id='word_1_254' title='bbox 1497 1290 1551 1317; x_wconf 89' lang='lat' dir='ltr'><em>nisi</em></span> <span class='ocrx_word' id='word_1_255' title='bbox 1570 1299 1619 1325; x_wconf 87' lang='lat' dir='ltr'><em>per</em></span> <span class='ocrx_word' id='word_1_256' title='bbox 1636 1290 1819 1325; x_wconf 74' lang='lat' dir='ltr'><em>interpretem</em></span> <span class='ocrx_word' id='word_1_257' title='bbox 1832 1291 1920 1326; x_wconf 80' lang='lat' dir='ltr'><em>potes.</em></span> 
     </span>
     <span class='ocr_line' id='line_1_23' title="bbox 271 1341 1924 1377; baseline -0.001 -6"><span class='ocrx_word' id='word_1_258' title='bbox 271 1353 333 1371; x_wconf 87' lang='lat' dir='ltr'><em>cum</em></span> <span class='ocrx_word' id='word_1_259' title='bbox 348 1343 533 1377; x_wconf 73' lang='lat' dir='ltr'><em>suppeterent</em></span> <span class='ocrx_word' id='word_1_260' title='bbox 545 1341 716 1368; x_wconf 88' lang='lat' dir='ltr'><em>sufficienter</em></span> <span class='ocrx_word' id='word_1_261' title='bbox 727 1341 837 1375; x_wconf 85' lang='lat' dir='ltr'><em>Latina,</em></span> <span class='ocrx_word' id='word_1_262' title='bbox 851 1350 924 1375; x_wconf 86' lang='lat' dir='ltr'><em>quae</em></span> <span class='ocrx_word' id='word_1_263' title='bbox 937 1342 966 1368; x_wconf 92' lang='lat' dir='ltr'><em>in</em></span> <span class='ocrx_word' id='word_1_264' title='bbox 979 1341 1022 1368; x_wconf 92' lang='lat' dir='ltr'><em>his</em></span> <span class='ocrx_word' id='word_1_265' title='bbox 1035 1341 1103 1368; x_wconf 91' lang='lat' dir='ltr'><em>locis</em></span> <span class='ocrx_word' id='word_1_266' title='bbox 1117 1350 1220 1376; x_wconf 87' lang='lat' dir='ltr'><em>ponere</em></span> <span class='ocrx_word' id='word_1_267' title='bbox 1233 1343 1352 1376; x_wconf 85' lang='lat' dir='ltr'><em>poteras,</em></span> <span class='ocrx_word' id='word_1_268' title='bbox 1372 1341 1420 1369; x_wconf 89' lang='lat' dir='ltr'><em>ubi</em></span> <span class='ocrx_word' id='word_1_269' title='bbox 1435 1341 1542 1369; x_wconf 83' lang='lat' dir='ltr'><em>Graeca</em></span> <span class='ocrx_word' id='word_1_270' title='bbox 1555 1344 1584 1369; x_wconf 87' lang='lat' dir='ltr'><em>et</em></span> <span class='ocrx_word' id='word_1_271' title='bbox 1596 1342 1723 1369; x_wconf 83' lang='lat' dir='ltr'><em>obstrusa</em></span> <span class='ocrx_word' id='word_1_272' title='bbox 1735 1343 1765 1370; x_wconf 87' lang='lat' dir='ltr'><em>et</em></span> <span class='ocrx_word' id='word_1_273' title='bbox 1783 1341 1924 1370; x_wconf 83' lang='lat' dir='ltr'><em>interdum</em></span> 
     </span>
     <span class='ocr_line' id='line_1_24' title="bbox 270 1393 1922 1430; baseline -0.002 -6"><span class='ocrx_word' id='word_1_274' title='bbox 270 1396 394 1424; x_wconf 85' lang='lat' dir='ltr'><em>Scottica</em></span> <span class='ocrx_word' id='word_1_275' title='bbox 411 1395 474 1429; x_wconf 76' lang='lat' dir='ltr'><em>(cfr.</em></span> <span class='ocrx_word' id='word_1_276' title='bbox 491 1395 597 1422; x_wconf 84' lang='lat' dir='ltr'><em>Traabe</em></span> <span class='ocrx_word' id='word_1_277' title='bbox 611 1394 747 1422; x_wconf 81' lang='lat' dir='ltr'><em>Abhandl.</em></span> <span class='ocrx_word' id='word_1_278' title='bbox 767 1395 793 1422; x_wconf 87' lang='lat' dir='ltr'><em>d.</em></span> <span class='ocrx_word' id='word_1_279' title='bbox 813 1395 885 1430; x_wconf 75' lang='lat' dir='ltr'><em>bayr.</em></span> <span class='ocrx_word' id='word_1_280' title='bbox 900 1395 952 1421; x_wconf 80' lang='lat' dir='ltr'><em>Ak.</em></span> <span class='ocrx_word' id='word_1_281' title='bbox 967 1395 987 1421; x_wconf 94' lang='grc' dir='ltr'><em>Ι</em></span> <span class='ocrx_word' id='word_1_282' title='bbox 999 1395 1036 1422; x_wconf 82' lang='lat' dir='ltr'><em>Ol.</em></span> <span class='ocrx_word' id='word_1_283' title='bbox 1052 1394 1155 1421; x_wconf 76' lang='lat' dir='ltr'><em>XIX2</em></span> <span class='ocrx_word' id='word_1_284' title='bbox 1170 1403 1233 1429; x_wconf 70' lang='lat' dir='ltr'><em>pay.</em></span> <span class='ocrx_word' id='word_1_285' title='bbox 1247 1396 1353 1429; x_wconf 60' lang='lat'><em>362331.)</em></span> <span class='ocrx_word' id='word_1_286' title='bbox 1371 1397 1400 1423; x_wconf 88' lang='lat' dir='ltr'><em>et</em></span> <span class='ocrx_word' id='word_1_287' title='bbox 1418 1395 1475 1422; x_wconf 88' lang='lat' dir='ltr'><em>alia</em></span> <span class='ocrx_word' id='word_1_288' title='bbox 1493 1395 1614 1422; x_wconf 85' lang='lat' dir='ltr'><em>barbara</em></span> <span class='ocrx_word' id='word_1_289' title='bbox 1632 1395 1675 1428; x_wconf 87' lang='lat' dir='ltr'><em>(ut</em></span> <span class='ocrx_word' id='word_1_290' title='bbox 1688 1393 1742 1421; x_wconf 87' lang='lat' dir='ltr'><em>tibi</em></span> <span class='ocrx_word' id='word_1_291' title='bbox 1755 1394 1845 1421; x_wconf 86' lang='lat' dir='ltr'><em>visum</em></span> <span class='ocrx_word' id='word_1_292' title='bbox 1857 1393 1922 1429; x_wconf 81' lang='lat' dir='ltr'><em>fuit)</em></span> 
     </span>
     <span class='ocr_line' id='line_1_25' title="bbox 268 1446 1922 1482; baseline -0.001 -6"><span class='ocrx_word' id='word_1_293' title='bbox 268 1449 388 1476; x_wconf 89' lang='lat' dir='ltr'><em>nothata</em></span> <span class='ocrx_word' id='word_1_294' title='bbox 400 1450 486 1482; x_wconf 86' lang='lat' dir='ltr'><em>atque</em></span> <span class='ocrx_word' id='word_1_295' title='bbox 500 1449 631 1482; x_wconf 88' lang='lat' dir='ltr'><em>corrupta</em></span> <span class='ocrx_word' id='word_1_296' title='bbox 650 1447 777 1482; x_wconf 86' lang='lat' dir='ltr'><em>posuisti,</em></span> <span class='ocrx_word' id='word_1_297' title='bbox 798 1450 877 1482; x_wconf 86' lang='lat' dir='ltr'><em>paret</em></span> <span class='ocrx_word' id='word_1_298' title='bbox 897 1448 964 1482; x_wconf 89' lang='lat' dir='ltr'><em>quia</em></span> <span class='ocrx_word' id='word_1_299' title='bbox 982 1457 1038 1475; x_wconf 87' lang='lat' dir='ltr'><em>non</em></span> <span class='ocrx_word' id='word_1_300' title='bbox 1057 1456 1091 1474; x_wconf 86' lang='lat' dir='ltr'><em>ex</em></span> <span class='ocrx_word' id='word_1_301' title='bbox 1109 1447 1270 1475; x_wconf 83' lang='lat' dir='ltr'><em>humilitate</em></span> <span class='ocrx_word' id='word_1_302' title='bbox 1289 1447 1334 1474; x_wconf 86' lang='lat' dir='ltr'><em>vel</em></span> <span class='ocrx_word' id='word_1_303' title='bbox 1354 1448 1390 1474; x_wconf 87' lang='lat' dir='ltr'><em>ad</em></span> <span class='ocrx_word' id='word_1_304' title='bbox 1407 1447 1665 1475; x_wconf 76' lang='lat' dir='ltr'><em>manifestationem</em></span> <span class='ocrx_word' id='word_1_305' title='bbox 1678 1455 1719 1479; x_wconf 88' lang='lat' dir='ltr'><em>ea,</em></span> <span class='ocrx_word' id='word_1_306' title='bbox 1739 1455 1811 1481; x_wconf 76' lang='lat' dir='ltr'><em>quae</em></span> <span class='ocrx_word' id='word_1_307' title='bbox 1829 1446 1922 1475; x_wconf 75' lang='lat' dir='ltr'><em>dicere</em></span> 
     </span>
     <span class='ocr_line' id='line_1_26' title="bbox 270 1498 1922 1535; baseline -0.001 -7"><span class='ocrx_word' id='word_1_308' title='bbox 270 1500 383 1528; x_wconf 85' lang='lat' dir='ltr'><em>voluisti</em></span> <span class='ocrx_word' id='word_1_309' title='bbox 403 1500 508 1527; x_wconf 85' lang='lat' dir='ltr'><em>Graeca</em></span> <span class='ocrx_word' id='word_1_310' title='bbox 525 1500 618 1531; x_wconf 80' lang='lat' dir='ltr'><em>verba,</em></span> <span class='ocrx_word' id='word_1_311' title='bbox 638 1508 710 1534; x_wconf 87' lang='lat' dir='ltr'><em>quae</em></span> <span class='ocrx_word' id='word_1_312' title='bbox 728 1500 788 1535; x_wconf 90' lang='lat' dir='ltr'><em>ipse</em></span> <span class='ocrx_word' id='word_1_313' title='bbox 807 1509 862 1527; x_wconf 87' lang='lat' dir='ltr'><em>non</em></span> <span class='ocrx_word' id='word_1_314' title='bbox 882 1500 1031 1535; x_wconf 85' lang='lat' dir='ltr'><em>intelligis,</em></span> <span class='ocrx_word' id='word_1_315' title='bbox 1051 1499 1342 1527; x_wconf 80' lang='lat' dir='ltr'><em>inconvenientissime</em></span> <span class='ocrx_word' id='word_1_316' title='bbox 1362 1499 1493 1534; x_wconf 84' lang='lat' dir='ltr'><em>posuisti,</em></span> <span class='ocrx_word' id='word_1_317' title='bbox 1513 1500 1560 1527; x_wconf 91' lang='lat' dir='ltr'><em>sed</em></span> <span class='ocrx_word' id='word_1_318' title='bbox 1580 1499 1617 1526; x_wconf 84' lang='lat' dir='ltr'><em>ad</em></span> <span class='ocrx_word' id='word_1_319' title='bbox 1635 1498 1853 1526; x_wconf 79' lang='lat' dir='ltr'><em>ostentationem</em></span> <span class='ocrx_word' id='word_1_320' title='bbox 1871 1499 1922 1526; x_wconf 76' lang='lat' dir='ltr'><em>illa</em></span> 
     </span>
     <span class='ocr_line' id='line_1_27' title="bbox 271 1551 1922 1588; baseline -0.001 -9"><span class='ocrx_word' id='word_1_321' title='bbox 271 1552 498 1588; x_wconf 82' lang='lat' dir='ltr'><em>insipientissime</em></span> <span class='ocrx_word' id='word_1_322' title='bbox 517 1552 666 1583; x_wconf 85' lang='lat' dir='ltr'><em>inseruisti,</em></span> <span class='ocrx_word' id='word_1_323' title='bbox 685 1554 717 1579; x_wconf 86' lang='lat' dir='ltr'><em>ut</em></span> <span class='ocrx_word' id='word_1_324' title='bbox 735 1561 830 1579; x_wconf 89' lang='lat' dir='ltr'><em>omnes</em></span> <span class='ocrx_word' id='word_1_325' title='bbox 849 1552 897 1586; x_wconf 89' lang='lat' dir='ltr'><em>qui</em></span> <span class='ocrx_word' id='word_1_326' title='bbox 915 1552 965 1579; x_wconf 92' lang='lat' dir='ltr'><em>illa</em></span> <span class='ocrx_word' id='word_1_327' title='bbox 983 1552 1104 1587; x_wconf 83' lang='lat' dir='ltr'><em>legerint</em></span> <span class='ocrx_word' id='word_1_328' title='bbox 1116 1552 1274 1587; x_wconf 83' lang='lat' dir='ltr'><em>intelligere</em></span> <span class='ocrx_word' id='word_1_329' title='bbox 1287 1552 1396 1587; x_wconf 82' lang='lat' dir='ltr'><em>possint</em></span> <span class='ocrx_word' id='word_1_330' title='bbox 1408 1554 1437 1579; x_wconf 90' lang='lat' dir='ltr'><em>te</em></span> <span class='ocrx_word' id='word_1_331' title='bbox 1450 1552 1500 1579; x_wconf 87' lang='lat' dir='ltr'><em>illa</em></span> <span class='ocrx_word' id='word_1_332' title='bbox 1513 1561 1623 1580; x_wconf 85' lang='lat' dir='ltr'><em>vomere</em></span> <span class='ocrx_word' id='word_1_333' title='bbox 1637 1560 1709 1586; x_wconf 83' lang='lat' dir='ltr'><em>quae</em></span> <span class='ocrx_word' id='word_1_334' title='bbox 1722 1560 1779 1579; x_wconf 90' lang='lat' dir='ltr'><em>non</em></span> <span class='ocrx_word' id='word_1_335' title='bbox 1790 1551 1922 1587; x_wconf 78' lang='lat' dir='ltr'><em>glutiisti.</em></span> 
     </span>
     <span class='ocr_line' id='line_1_28' title="bbox 271 1603 1924 1639; baseline -0.001 -7"><span class='ocrx_word' id='word_1_336' title='bbox 271 1606 345 1632; x_wconf 86' lang='lat' dir='ltr'><em>hunc</em></span> <span class='ocrx_word' id='word_1_337' title='bbox 366 1613 488 1638; x_wconf 88' lang='lat' dir='ltr'><em>namque</em></span> <span class='ocrx_word' id='word_1_338' title='bbox 513 1612 618 1631; x_wconf 89' lang='lat' dir='ltr'><em>morem</em></span> <span class='ocrx_word' id='word_1_339' title='bbox 641 1603 726 1631; x_wconf 87' lang='lat' dir='ltr'><em>etiam</em></span> <span class='ocrx_word' id='word_1_340' title='bbox 750 1612 767 1630; x_wconf 89' lang='lat' dir='ltr'><em>a</em></span> <span class='ocrx_word' id='word_1_341' title='bbox 792 1604 914 1639; x_wconf 87' lang='lat' dir='ltr'><em>pueritia</em></span> <span class='ocrx_word' id='word_1_342' title='bbox 936 1604 1060 1631; x_wconf 81' lang='lat' dir='ltr'><em>habuisti</em></span> <span class='ocrx_word' id='word_1_343' title='bbox 1083 1604 1112 1631; x_wconf 87' lang='lat' dir='ltr'><em>in</em></span> <span class='ocrx_word' id='word_1_344' title='bbox 1135 1604 1192 1636; x_wconf 85' lang='lat' dir='ltr'><em>his,</em></span> <span class='ocrx_word' id='word_1_345' title='bbox 1216 1612 1288 1638; x_wconf 89' lang='lat' dir='ltr'><em>qnae</em></span> <span class='ocrx_word' id='word_1_346' title='bbox 1311 1605 1340 1631; x_wconf 89' lang='lat' dir='ltr'><em>te</em></span> <span class='ocrx_word' id='word_1_347' title='bbox 1364 1603 1471 1631; x_wconf 88' lang='lat' dir='ltr'><em>dictare</em></span> <span class='ocrx_word' id='word_1_348' title='bbox 1493 1604 1556 1637; x_wconf 78' lang='lat' dir='ltr'><em>(cfr.</em></span> <span class='ocrx_word' id='word_1_349' title='bbox 1576 1604 1672 1638; x_wconf 81' lang='lat' dir='ltr'><em>Meyer</em></span> <span class='ocrx_word' id='word_1_350' title='bbox 1691 1603 1724 1630; x_wconf 88' lang='lat' dir='ltr'><em>de</em></span> <span class='ocrx_word' id='word_1_351' title='bbox 1741 1603 1867 1631; x_wconf 77' lang='lat' dir='ltr'><em>Kmmaa</em></span> <span class='ocrx_word' id='word_1_352' title='bbox 1885 1603 1924 1630; x_wconf 82' lang='lat' dir='ltr'><em>ad</em></span> 
     </span>
     <span class='ocr_line' id='line_1_29' title="bbox 271 1655 1922 1691; baseline 0 -8"><span class='ocrx_word' id='word_1_353' title='bbox 271 1656 422 1683; x_wconf 71' lang='lat' dir='ltr'><em>Ekkeharti</em></span> <span class='ocrx_word' id='word_1_354' title='bbox 442 1656 527 1682; x_wconf 81' lang='lat' dir='ltr'><em>Casus</em></span> <span class='ocrx_word' id='word_1_355' title='bbox 546 1656 574 1682; x_wconf 82' lang='lat' dir='ltr'><em>S.</em></span> <span class='ocrx_word' id='word_1_356' title='bbox 598 1656 671 1682; x_wconf 85' lang='lat' dir='ltr'><em>Galli</em></span> <span class='ocrx_word' id='word_1_357' title='bbox 685 1665 747 1690; x_wconf 69' lang='lat' dir='ltr'><em>pay.</em></span> <span class='ocrx_word' id='word_1_358' title='bbox 767 1660 799 1683; x_wconf 83' lang='grc'><em>24</em></span> <span class='ocrx_word' id='word_1_359' title='bbox 818 1656 883 1682; x_wconf 80' lang='lat' dir='ltr'><em>adn.</em></span> <span class='ocrx_word' id='word_1_360' title='bbox 896 1657 941 1690; x_wconf 80' lang='lat'><em>89)</em></span> <span class='ocrx_word' id='word_1_361' title='bbox 959 1656 1102 1691; x_wconf 77' lang='lat' dir='ltr'><em>rogabam,</em></span> <span class='ocrx_word' id='word_1_362' title='bbox 1121 1656 1240 1683; x_wconf 79' lang='lat' dir='ltr'><em>maxime</em></span> <span class='ocrx_word' id='word_1_363' title='bbox 1259 1658 1354 1684; x_wconf 83' lang='lat' dir='ltr'><em>autem</em></span> <span class='ocrx_word' id='word_1_364' title='bbox 1372 1656 1401 1683; x_wconf 92' lang='lat' dir='ltr'><em>in</em></span> <span class='ocrx_word' id='word_1_365' title='bbox 1420 1656 1544 1683; x_wconf 88' lang='lat' dir='ltr'><em>versibus</em></span> <span class='ocrx_word' id='word_1_366' title='bbox 1563 1659 1592 1684; x_wconf 90' lang='lat' dir='ltr'><em>et</em></span> <span class='ocrx_word' id='word_1_367' title='bbox 1611 1656 1761 1691; x_wconf 73' lang='lat' dir='ltr'><em>praecipue</em></span> <span class='ocrx_word' id='word_1_368' title='bbox 1780 1656 1810 1683; x_wconf 90' lang='lat' dir='ltr'><em>in</em></span> <span class='ocrx_word' id='word_1_369' title='bbox 1827 1655 1922 1691; x_wconf 68' lang='lat' dir='ltr'><em>figuris</em></span> 
     </span>
     <span class='ocr_line' id='line_1_30' title="bbox 271 1707 1923 1743; baseline 0 -8"><span class='ocrx_word' id='word_1_370' title='bbox 271 1708 467 1743; x_wconf 83' lang='lat' dir='ltr'><em>Porphyriacis</em></span> <span class='ocrx_word' id='word_1_371' title='bbox 482 1708 544 1741; x_wconf 83' lang='lat' dir='ltr'><em>(cfr.</em></span> <span class='ocrx_word' id='word_1_372' title='bbox 557 1716 641 1741; x_wconf 78' lang='lat' dir='ltr'><em>snpra</em></span> <span class='ocrx_word' id='word_1_373' title='bbox 650 1716 712 1742; x_wconf 73' lang='lat' dir='ltr'><em>paq.</em></span> <span class='ocrx_word' id='word_1_374' title='bbox 726 1710 800 1741; x_wconf 84' lang='lat'><em>407),·</em></span> <span class='ocrx_word' id='word_1_375' title='bbox 819 1708 848 1734; x_wconf 90' lang='lat' dir='ltr'><em>in</em></span> <span class='ocrx_word' id='word_1_376' title='bbox 861 1708 962 1742; x_wconf 88' lang='lat' dir='ltr'><em>quibus</em></span> <span class='ocrx_word' id='word_1_377' title='bbox 975 1708 1060 1735; x_wconf 82' lang='lat' dir='ltr'><em>verba</em></span> <span class='ocrx_word' id='word_1_378' title='bbox 1072 1708 1187 1743; x_wconf 85' lang='lat' dir='ltr'><em>linguae</em></span> <span class='ocrx_word' id='word_1_379' title='bbox 1200 1708 1309 1735; x_wconf 86' lang='lat' dir='ltr'><em>alienae</em></span> <span class='ocrx_word' id='word_1_380' title='bbox 1326 1710 1411 1742; x_wconf 84' lang='lat' dir='ltr'><em>atque</em></span> <span class='ocrx_word' id='word_1_381' title='bbox 1425 1707 1559 1740; x_wconf 83' lang='lat' dir='ltr'><em>obstrusa,</em></span> <span class='ocrx_word' id='word_1_382' title='bbox 1579 1707 1733 1743; x_wconf 85' lang='lat' dir='ltr'><em>impropria</em></span> <span class='ocrx_word' id='word_1_383' title='bbox 1751 1709 1780 1735; x_wconf 91' lang='lat' dir='ltr'><em>et</em></span> <span class='ocrx_word' id='word_1_384' title='bbox 1797 1707 1923 1735; x_wconf 84' lang='lat' dir='ltr'><em>utilitate</em></span> 
     </span>
     <span class='ocr_line' id='line_1_31' title="bbox 271 1759 1922 1795; baseline 0 -8"><span class='ocrx_word' id='word_1_385' title='bbox 271 1770 366 1788; x_wconf 85' lang='lat' dir='ltr'><em>sensus</em></span> <span class='ocrx_word' id='word_1_386' title='bbox 385 1759 517 1791; x_wconf 86' lang='lat' dir='ltr'><em>carentia,</em></span> <span class='ocrx_word' id='word_1_387' title='bbox 537 1768 608 1794; x_wconf 87' lang='lat' dir='ltr'><em>quae</em></span> <span class='ocrx_word' id='word_1_388' title='bbox 626 1768 678 1786; x_wconf 90' lang='lat' dir='ltr'><em>nec</em></span> <span class='ocrx_word' id='word_1_389' title='bbox 697 1759 756 1794; x_wconf 86' lang='lat' dir='ltr'><em>ipse</em></span> <span class='ocrx_word' id='word_1_390' title='bbox 769 1759 955 1794; x_wconf 74' lang='lat' dir='ltr'><em>intelligebas,</em></span> <span class='ocrx_word' id='word_1_391' title='bbox 970 1759 1092 1787; x_wconf 83' lang='lat' dir='ltr'><em>studiose</em></span> <span class='ocrx_word' id='word_1_392' title='bbox 1105 1759 1237 1794; x_wconf 85' lang='lat' dir='ltr'><em>ponebas.</em></span> <span class='ocrx_word' id='word_1_393' title='bbox 1251 1760 1325 1794; x_wconf 90' lang='lat' dir='ltr'><em>quod</em></span> <span class='ocrx_word' id='word_1_394' title='bbox 1338 1762 1432 1786; x_wconf 89' lang='lat' dir='ltr'><em>mente</em></span> <span class='ocrx_word' id='word_1_395' title='bbox 1445 1759 1635 1795; x_wconf 76' lang='lat' dir='ltr'><em>percipiebam</em></span> <span class='ocrx_word' id='word_1_396' title='bbox 1648 1761 1678 1787; x_wconf 90' lang='lat' dir='ltr'><em>et</em></span> <span class='ocrx_word' id='word_1_397' title='bbox 1690 1759 1760 1786; x_wconf 88' lang='lat' dir='ltr'><em>mihi</em></span> <span class='ocrx_word' id='word_1_398' title='bbox 1772 1759 1922 1787; x_wconf 77' lang='lat' dir='ltr'><em>admodum</em></span> 
     </span>
     <span class='ocr_line' id='line_1_32' title="bbox 272 1811 1922 1847; baseline 0 -8"><span class='ocrx_word' id='word_1_399' title='bbox 272 1812 452 1847; x_wconf 84' lang='lat' dir='ltr'><em>displicebat;</em></span> <span class='ocrx_word' id='word_1_400' title='bbox 477 1812 524 1838; x_wconf 87' lang='lat' dir='ltr'><em>sed</em></span> <span class='ocrx_word' id='word_1_401' title='bbox 548 1820 610 1838; x_wconf 88' lang='lat' dir='ltr'><em>cnm</em></span> <span class='ocrx_word' id='word_1_402' title='bbox 636 1811 758 1838; x_wconf 85' lang='lat' dir='ltr'><em>viderem</em></span> <span class='ocrx_word' id='word_1_403' title='bbox 781 1813 809 1838; x_wconf 89' lang='lat' dir='ltr'><em>te</em></span> <span class='ocrx_word' id='word_1_404' title='bbox 834 1820 884 1846; x_wconf 87' lang='lat' dir='ltr'><em>per</em></span> <span class='ocrx_word' id='word_1_405' title='bbox 907 1811 1073 1839; x_wconf 86' lang='lat' dir='ltr'><em>iactantiam</em></span> <span class='ocrx_word' id='word_1_406' title='bbox 1096 1820 1189 1839; x_wconf 85' lang='lat' dir='ltr'><em>amore</em></span> <span class='ocrx_word' id='word_1_407' title='bbox 1213 1811 1440 1846; x_wconf 76' lang='lat' dir='ltr'><em>laudisflagrare</em></span> <span class='ocrx_word' id='word_1_408' title='bbox 1459 1814 1488 1839; x_wconf 88' lang='lat' dir='ltr'><em>et</em></span> <span class='ocrx_word' id='word_1_409' title='bbox 1505 1820 1549 1839; x_wconf 88' lang='lat' dir='ltr'><em>me</em></span> <span class='ocrx_word' id='word_1_410' title='bbox 1567 1821 1624 1839; x_wconf 86' lang='lat' dir='ltr'><em>non</em></span> <span class='ocrx_word' id='word_1_411' title='bbox 1642 1820 1723 1847; x_wconf 88' lang='lat' dir='ltr'><em>posse</em></span> <span class='ocrx_word' id='word_1_412' title='bbox 1742 1811 1875 1839; x_wconf 85' lang='lat' dir='ltr'><em>sentirem</em></span> <span class='ocrx_word' id='word_1_413' title='bbox 1892 1811 1922 1839; x_wconf 89' lang='lat' dir='ltr'><em>in</em></span> 
     </span>
     <span class='ocr_line' id='line_1_33' title="bbox 272 1863 1923 1898; baseline -0.001 -6"><span class='ocrx_word' id='word_1_414' title='bbox 272 1865 374 1892; x_wconf 85' lang='lat' dir='ltr'><em>aetatis</em></span> <span class='ocrx_word' id='word_1_415' title='bbox 392 1864 582 1892; x_wconf 85' lang='lat' dir='ltr'><em>adolescentia</em></span> <span class='ocrx_word' id='word_1_416' title='bbox 600 1866 629 1891; x_wconf 93' lang='lat' dir='ltr'><em>te</em></span> <span class='ocrx_word' id='word_1_417' title='bbox 654 1864 690 1890; x_wconf 86' lang='lat' dir='ltr'><em>ad</em></span> <span class='ocrx_word' id='word_1_418' title='bbox 708 1865 820 1891; x_wconf 88' lang='lat' dir='ltr'><em>tantum</em></span> <span class='ocrx_word' id='word_1_419' title='bbox 838 1864 922 1891; x_wconf 85' lang='lat' dir='ltr'><em>robur</em></span> <span class='ocrx_word' id='word_1_420' title='bbox 940 1864 1042 1891; x_wconf 89' lang='lat' dir='ltr'><em>mentis</em></span> <span class='ocrx_word' id='word_1_421' title='bbox 1061 1864 1225 1898; x_wconf 83' lang='lat' dir='ltr'><em>accendere,</em></span> <span class='ocrx_word' id='word_1_422' title='bbox 1249 1866 1280 1891; x_wconf 86' lang='lat' dir='ltr'><em>ut</em></span> <span class='ocrx_word' id='word_1_423' title='bbox 1303 1864 1339 1891; x_wconf 86' lang='lat' dir='ltr'><em>ad</em></span> <span class='ocrx_word' id='word_1_424' title='bbox 1365 1863 1490 1891; x_wconf 80' lang='lat' dir='ltr'><em>discendi</em></span> <span class='ocrx_word' id='word_1_425' title='bbox 1508 1872 1540 1890; x_wconf 81' lang='lat' dir='ltr'><em>ac</em></span> <span class='ocrx_word' id='word_1_426' title='bbox 1559 1863 1734 1891; x_wconf 82' lang='lat' dir='ltr'><em>versificandi</em></span> <span class='ocrx_word' id='word_1_427' title='bbox 1752 1863 1876 1891; x_wconf 88' lang='lat' dir='ltr'><em>studium</em></span> <span class='ocrx_word' id='word_1_428' title='bbox 1894 1865 1923 1891; x_wconf 86' lang='lat' dir='ltr'><em>te</em></span> 
     </span>
     <span class='ocr_line' id='line_1_34' title="bbox 273 1915 1923 1952; baseline -0.001 -8"><span class='ocrx_word' id='word_1_429' title='bbox 273 1926 451 1952; x_wconf 80' lang='lat' dir='ltr'><em>provocarem</em></span> <span class='ocrx_word' id='word_1_430' title='bbox 475 1918 503 1944; x_wconf 87' lang='lat' dir='ltr'><em>et</em></span> <span class='ocrx_word' id='word_1_431' title='bbox 525 1916 678 1943; x_wconf 84' lang='lat' dir='ltr'><em>iactantiae</em></span> <span class='ocrx_word' id='word_1_432' title='bbox 701 1925 718 1942; x_wconf 85' lang='lat' dir='ltr'><em>a</em></span> <span class='ocrx_word' id='word_1_433' title='bbox 741 1918 769 1943; x_wconf 84' lang='lat' dir='ltr'><em>te</em></span> <span class='ocrx_word' id='word_1_434' title='bbox 793 1916 963 1951; x_wconf 72' lang='lat' dir='ltr'><em>pravitatem</em></span> <span class='ocrx_word' id='word_1_435' title='bbox 989 1917 1143 1948; x_wconf 73' lang='lat' dir='ltr'><em>eraderem,</em></span> <span class='ocrx_word' id='word_1_436' title='bbox 1170 1925 1206 1943; x_wconf 88' lang='lat' dir='ltr'><em>ne</em></span> <span class='ocrx_word' id='word_1_437' title='bbox 1230 1916 1336 1944; x_wconf 80' lang='lat' dir='ltr'><em>acriore</em></span> <span class='ocrx_word' id='word_1_438' title='bbox 1358 1916 1533 1951; x_wconf 84' lang='lat' dir='ltr'><em>correptione</em></span> <span class='ocrx_word' id='word_1_439' title='bbox 1556 1916 1661 1943; x_wconf 82' lang='lat' dir='ltr'><em>fractus</em></span> <span class='ocrx_word' id='word_1_440' title='bbox 1689 1915 1857 1943; x_wconf 83' lang='lat' dir='ltr'><em>revocareris</em></span> <span class='ocrx_word' id='word_1_441' title='bbox 1885 1915 1923 1942; x_wconf 82' lang='lat' dir='ltr'><em>ab</em></span> 
     </span>
     <span class='ocr_line' id='line_1_35' title="bbox 272 1967 1923 2004; baseline -0.001 -8"><span class='ocrx_word' id='word_1_442' title='bbox 272 1969 372 2001; x_wconf 84' lang='lat' dir='ltr'><em>studio,</em></span> <span class='ocrx_word' id='word_1_443' title='bbox 387 1968 500 2004; x_wconf 85' lang='lat' dir='ltr'><em>permisi</em></span> <span class='ocrx_word' id='word_1_444' title='bbox 510 1970 539 1996; x_wconf 88' lang='lat' dir='ltr'><em>te</em></span> <span class='ocrx_word' id='word_1_445' title='bbox 552 1968 664 1995; x_wconf 88' lang='lat' dir='ltr'><em>interim</em></span> <span class='ocrx_word' id='word_1_446' title='bbox 678 1970 799 2001; x_wconf 88' lang='lat' dir='ltr'><em>(tantum</em></span> <span class='ocrx_word' id='word_1_447' title='bbox 813 1970 844 1996; x_wconf 87' lang='lat' dir='ltr'><em>ut</em></span> <span class='ocrx_word' id='word_1_448' title='bbox 857 1969 949 1996; x_wconf 87' lang='lat' dir='ltr'><em>studio</em></span> <span class='ocrx_word' id='word_1_449' title='bbox 962 1969 1080 1996; x_wconf 85' lang='lat' dir='ltr'><em>litterali</em></span> <span class='ocrx_word' id='word_1_450' title='bbox 1093 1969 1277 2003; x_wconf 88' lang='lat' dir='ltr'><em>incumberes)</em></span> <span class='ocrx_word' id='word_1_451' title='bbox 1291 1969 1324 1996; x_wconf 92' lang='lat' dir='ltr'><em>de</em></span> <span class='ocrx_word' id='word_1_452' title='bbox 1337 1968 1456 1996; x_wconf 89' lang='lat' dir='ltr'><em>scientia</em></span> <span class='ocrx_word' id='word_1_453' title='bbox 1469 1968 1606 2000; x_wconf 82' lang='lat' dir='ltr'><em>iactitare,</em></span> <span class='ocrx_word' id='word_1_454' title='bbox 1627 1968 1715 1995; x_wconf 87' lang='lat' dir='ltr'><em>donec</em></span> <span class='ocrx_word' id='word_1_455' title='bbox 1727 1968 1757 1995; x_wconf 88' lang='lat' dir='ltr'><em>in</em></span> <span class='ocrx_word' id='word_1_456' title='bbox 1771 1967 1923 1995; x_wconf 76' lang='lat' dir='ltr'><em>maturiore</em></span> 
     </span>
     <span class='ocr_line' id='line_1_36' title="bbox 273 2019 1923 2056; baseline -0.001 -8"><span class='ocrx_word' id='word_1_457' title='bbox 273 2023 367 2049; x_wconf 86' lang='lat' dir='ltr'><em>aetate</em></span> <span class='ocrx_word' id='word_1_458' title='bbox 385 2021 421 2048; x_wconf 89' lang='lat' dir='ltr'><em>ab</em></span> <span class='ocrx_word' id='word_1_459' title='bbox 440 2021 489 2048; x_wconf 90' lang='lat' dir='ltr'><em>illo</em></span> <span class='ocrx_word' id='word_1_460' title='bbox 507 2021 593 2048; x_wconf 87' lang='lat' dir='ltr'><em>etiam</em></span> <span class='ocrx_word' id='word_1_461' title='bbox 611 2021 682 2048; x_wconf 89' lang='lat' dir='ltr'><em>vitio</em></span> <span class='ocrx_word' id='word_1_462' title='bbox 700 2030 810 2055; x_wconf 88' lang='lat' dir='ltr'><em>possem</em></span> <span class='ocrx_word' id='word_1_463' title='bbox 829 2029 1002 2055; x_wconf 85' lang='lat' dir='ltr'><em>compescere</em></span> <span class='ocrx_word' id='word_1_464' title='bbox 1017 2042 1092 2049; x_wconf 90' lang='grc'>.....</span> <span class='ocrx_word' id='word_1_465' title='bbox 1106 2021 1239 2055; x_wconf 88' lang='lat' dir='ltr'><em>quoniam</em></span> <span class='ocrx_word' id='word_1_466' title='bbox 1252 2021 1343 2048; x_wconf 87' lang='lat' dir='ltr'><em>sancti</em></span> <span class='ocrx_word' id='word_1_467' title='bbox 1357 2023 1386 2048; x_wconf 85' lang='lat' dir='ltr'><em>et</em></span> <span class='ocrx_word' id='word_1_468' title='bbox 1403 2021 1544 2056; x_wconf 81' lang='lat' dir='ltr'><em>sapientes</em></span> <span class='ocrx_word' id='word_1_469' title='bbox 1557 2029 1590 2047; x_wconf 86' lang='lat' dir='ltr'><em>ac</em></span> <span class='ocrx_word' id='word_1_470' title='bbox 1608 2028 1728 2054; x_wconf 84' lang='lat' dir='ltr'><em>magnae</em></span> <span class='ocrx_word' id='word_1_471' title='bbox 1746 2019 1923 2047; x_wconf 75' lang='lat' dir='ltr'><em>auctoritatis</em></span> 
     </span>
     <span class='ocr_line' id='line_1_37' title="bbox 273 2071 1922 2108; baseline -0.001 -8"><span class='ocrx_word' id='word_1_472' title='bbox 273 2074 325 2101; x_wconf 86' lang='lat' dir='ltr'><em>viri</em></span> <span class='ocrx_word' id='word_1_473' title='bbox 345 2075 373 2101; x_wconf 87' lang='lat' dir='ltr'><em>et</em></span> <span class='ocrx_word' id='word_1_474' title='bbox 392 2073 477 2100; x_wconf 87' lang='lat' dir='ltr'><em>etiam</em></span> <span class='ocrx_word' id='word_1_475' title='bbox 497 2073 640 2107; x_wconf 88' lang='lat' dir='ltr'><em>utriusque</em></span> <span class='ocrx_word' id='word_1_476' title='bbox 658 2073 780 2108; x_wconf 82' lang='lat' dir='ltr'><em>linguae,</em></span> <span class='ocrx_word' id='word_1_477' title='bbox 800 2073 922 2100; x_wconf 82' lang='lat' dir='ltr'><em>Graecae</em></span> <span class='ocrx_word' id='word_1_478' title='bbox 941 2073 1074 2100; x_wconf 88' lang='lat' dir='ltr'><em>videlicet</em></span> <span class='ocrx_word' id='word_1_479' title='bbox 1092 2075 1118 2100; x_wconf 80' lang='lat' dir='ltr'><em>et</em></span> <span class='ocrx_word' id='word_1_480' title='bbox 1134 2073 1259 2105; x_wconf 76' lang='lat' dir='ltr'><em>Latinae,</em></span> <span class='ocrx_word' id='word_1_481' title='bbox 1279 2073 1362 2108; x_wconf 82' lang='lat' dir='ltr'><em>periti</em></span> <span class='ocrx_word' id='word_1_482' title='bbox 1381 2073 1437 2100; x_wconf 88' lang='lat' dir='ltr'><em>suis</em></span> <span class='ocrx_word' id='word_1_483' title='bbox 1455 2072 1567 2107; x_wconf 88' lang='lat' dir='ltr'><em>scriptis</em></span> <span class='ocrx_word' id='word_1_484' title='bbox 1586 2072 1671 2099; x_wconf 89' lang='lat' dir='ltr'><em>verba</em></span> <span class='ocrx_word' id='word_1_485' title='bbox 1683 2071 1790 2099; x_wconf 82' lang='lat' dir='ltr'><em>Graeca</em></span> <span class='ocrx_word' id='word_1_486' title='bbox 1806 2071 1863 2099; x_wconf 78' lang='lat' dir='ltr'><em>nisi</em></span> <span class='ocrx_word' id='word_1_487' title='bbox 1881 2079 1922 2104; x_wconf 77' lang='lat' dir='ltr'><em>ea,</em></span> 
     </span>
     <span class='ocr_line' id='line_1_38' title="bbox 273 2123 1923 2160; baseline -0.002 -7"><span class='ocrx_word' id='word_1_488' title='bbox 273 2135 345 2160; x_wconf 83' lang='lat' dir='ltr'><em>quae</em></span> <span class='ocrx_word' id='word_1_489' title='bbox 363 2126 392 2152; x_wconf 85' lang='lat' dir='ltr'><em>in</em></span> <span class='ocrx_word' id='word_1_490' title='bbox 411 2125 555 2160; x_wconf 88' lang='lat' dir='ltr'><em>scripturis</em></span> <span class='ocrx_word' id='word_1_491' title='bbox 574 2125 618 2152; x_wconf 83' lang='lat' dir='ltr'><em>vel</em></span> <span class='ocrx_word' id='word_1_492' title='bbox 636 2125 789 2152; x_wconf 86' lang='lat' dir='ltr'><em>canonibus</em></span> <span class='ocrx_word' id='word_1_493' title='bbox 807 2125 865 2152; x_wconf 87' lang='lat' dir='ltr'><em>sive</em></span> <span class='ocrx_word' id='word_1_494' title='bbox 883 2125 1116 2160; x_wconf 82' lang='lat' dir='ltr'><em>interpretatione</em></span> <span class='ocrx_word' id='word_1_495' title='bbox 1134 2127 1200 2152; x_wconf 84' lang='lat' dir='ltr'><em>sunt</em></span> <span class='ocrx_word' id='word_1_496' title='bbox 1218 2125 1311 2159; x_wconf 87' lang='lat' dir='ltr'><em>posita</em></span> <span class='ocrx_word' id='word_1_497' title='bbox 1329 2127 1358 2152; x_wconf 92' lang='lat' dir='ltr'><em>et</em></span> <span class='ocrx_word' id='word_1_498' title='bbox 1375 2125 1464 2152; x_wconf 87' lang='lat' dir='ltr'><em>veluti</em></span> <span class='ocrx_word' id='word_1_499' title='bbox 1477 2125 1579 2152; x_wconf 81' lang='lat' dir='ltr'><em>Latina</em></span> <span class='ocrx_word' id='word_1_500' title='bbox 1596 2124 1626 2151; x_wconf 92' lang='lat' dir='ltr'><em>in</em></span> <span class='ocrx_word' id='word_1_501' title='bbox 1639 2133 1690 2151; x_wconf 87' lang='lat' dir='ltr'><em>usn</em></span> <span class='ocrx_word' id='word_1_502' title='bbox 1702 2123 1809 2155; x_wconf 78' lang='lat' dir='ltr'><em>habita,</em></span> <span class='ocrx_word' id='word_1_503' title='bbox 1827 2132 1923 2151; x_wconf 86' lang='lat' dir='ltr'><em>verum</em></span> 
     </span>
     <span class='ocr_line' id='line_1_39' title="bbox 274 2165 1924 2211; baseline -0.001 -6"><span class='ocrx_word' id='word_1_504' title='bbox 274 2180 302 2206; x_wconf 88' lang='lat' dir='ltr'><em>et</em></span> <span class='ocrx_word' id='word_1_505' title='bbox 327 2178 454 2205; x_wconf 85' lang='lat' dir='ltr'><em>obstrusa</em></span> <span class='ocrx_word' id='word_1_506' title='bbox 479 2177 535 2204; x_wconf 85' lang='lat' dir='ltr'><em>suis</em></span> <span class='ocrx_word' id='word_1_507' title='bbox 558 2165 641 2204; x_wconf 89' lang='lat' dir='ltr'><em>dictis</em></span> <span class='ocrx_word' id='word_1_508' title='bbox 664 2177 815 2204; x_wconf 84' lang='lat' dir='ltr'><em>immittere</em></span> <span class='ocrx_word' id='word_1_509' title='bbox 838 2177 874 2204; x_wconf 91' lang='lat' dir='ltr'><em>ad</em></span> <span class='ocrx_word' id='word_1_510' title='bbox 897 2177 1115 2204; x_wconf 84' lang='lat' dir='ltr'><em>ostentationem</em></span> <span class='ocrx_word' id='word_1_511' title='bbox 1137 2177 1295 2204; x_wconf 84' lang='lat' dir='ltr'><em>noluerunt.</em></span> <span class='ocrx_word' id='word_1_512' title='bbox 1321 2177 1355 2204; x_wconf 90' lang='lat' dir='ltr'><em>de</em></span> <span class='ocrx_word' id='word_1_513' title='bbox 1379 2176 1507 2204; x_wconf 81' lang='lat' dir='ltr'><em>Hebraea</em></span> <span class='ocrx_word' id='word_1_514' title='bbox 1532 2185 1597 2204; x_wconf 86' lang='lat' dir='ltr'><em>vero</em></span> <span class='ocrx_word' id='word_1_515' title='bbox 1622 2176 1721 2211; x_wconf 83' lang='lat' dir='ltr'><em>lingua</em></span> <span class='ocrx_word' id='word_1_516' title='bbox 1745 2175 1876 2203; x_wconf 77' lang='lat' dir='ltr'><em>‘alleluia&#39;</em></span> <span class='ocrx_word' id='word_1_517' title='bbox 1894 2175 1924 2202; x_wconf 79' lang='lat' dir='ltr'><em>et</em></span> 
     </span>
     <span class='ocr_line' id='line_1_40' title="bbox 274 2227 1924 2264; baseline -0.001 -7"><span class='ocrx_word' id='word_1_518' title='bbox 274 2231 396 2257; x_wconf 78' lang='lat' dir='ltr'><em>‘osanna&#39;</em></span> <span class='ocrx_word' id='word_1_519' title='bbox 415 2231 501 2264; x_wconf 85' lang='lat' dir='ltr'><em>atque</em></span> <span class='ocrx_word' id='word_1_520' title='bbox 520 2231 618 2256; x_wconf 82' lang='lat' dir='ltr'><em>‘amen&#39;</em></span> <span class='ocrx_word' id='word_1_521' title='bbox 638 2231 753 2264; x_wconf 88' lang='lat' dir='ltr'><em>propter</em></span> <span class='ocrx_word' id='word_1_522' title='bbox 771 2229 968 2256; x_wconf 87' lang='lat' dir='ltr'><em>auctoritatem</em></span> <span class='ocrx_word' id='word_1_523' title='bbox 988 2229 1094 2264; x_wconf 85' lang='lat' dir='ltr'><em>primae</em></span> <span class='ocrx_word' id='word_1_524' title='bbox 1112 2229 1226 2264; x_wconf 84' lang='lat' dir='ltr'><em>linguae</em></span> <span class='ocrx_word' id='word_1_525' title='bbox 1250 2231 1278 2256; x_wconf 92' lang='lat' dir='ltr'><em>et</em></span> <span class='ocrx_word' id='word_1_526' title='bbox 1297 2229 1481 2256; x_wconf 83' lang='lat' dir='ltr'><em>reverentiam</em></span> <span class='ocrx_word' id='word_1_527' title='bbox 1500 2237 1596 2256; x_wconf 86' lang='lat' dir='ltr'><em>sensus</em></span> <span class='ocrx_word' id='word_1_528' title='bbox 1613 2228 1672 2256; x_wconf 85' lang='lat' dir='ltr'><em>sine</em></span> <span class='ocrx_word' id='word_1_529' title='bbox 1690 2227 1924 2263; x_wconf 78' lang='lat' dir='ltr'><em>interpretatione</em></span> 
     </span>
     <span class='ocr_line' id='line_1_41' title="bbox 274 2279 1924 2315; baseline -0.001 -6"><span class='ocrx_word' id='word_1_530' title='bbox 274 2282 316 2309; x_wconf 83' lang='lat' dir='ltr'><em>usi</em></span> <span class='ocrx_word' id='word_1_531' title='bbox 339 2282 465 2313; x_wconf 83' lang='lat' dir='ltr'><em>fuerunt;</em></span> <span class='ocrx_word' id='word_1_532' title='bbox 491 2291 541 2309; x_wconf 91' lang='lat' dir='ltr'><em>nos</em></span> <span class='ocrx_word' id='word_1_533' title='bbox 565 2281 651 2309; x_wconf 87' lang='lat' dir='ltr'><em>etiam</em></span> <span class='ocrx_word' id='word_1_534' title='bbox 674 2281 799 2308; x_wconf 85' lang='lat' dir='ltr'><em>modemi</em></span> <span class='ocrx_word' id='word_1_535' title='bbox 823 2281 975 2308; x_wconf 86' lang='lat' dir='ltr'><em>Glossarios</em></span> <span class='ocrx_word' id='word_1_536' title='bbox 999 2281 1130 2313; x_wconf 82' lang='lat' dir='ltr'><em>Graecos,</em></span> <span class='ocrx_word' id='word_1_537' title='bbox 1152 2290 1221 2315; x_wconf 88' lang='lat' dir='ltr'><em>qnos</em></span> <span class='ocrx_word' id='word_1_538' title='bbox 1244 2281 1347 2308; x_wconf 85' lang='lat' dir='ltr'><em>suatim</em></span> <span class='ocrx_word' id='word_1_539' title='bbox 1371 2280 1490 2308; x_wconf 86' lang='lat' dir='ltr'><em>‘lexicos&#39;</em></span> <span class='ocrx_word' id='word_1_540' title='bbox 1516 2280 1610 2307; x_wconf 79' lang='lat' dir='ltr'><em>vocari</em></span> <span class='ocrx_word' id='word_1_541' title='bbox 1631 2279 1800 2312; x_wconf 82' lang='lat' dir='ltr'><em>audivimus,</em></span> <span class='ocrx_word' id='word_1_542' title='bbox 1824 2279 1873 2307; x_wconf 78' lang='lat' dir='ltr'><em>sed</em></span> <span class='ocrx_word' id='word_1_543' title='bbox 1894 2279 1924 2307; x_wconf 84' lang='lat' dir='ltr'><em>et</em></span> 
     </span>
     <span class='ocr_line' id='line_1_42' title="bbox 275 2331 1921 2368; baseline -0.001 -8"><span class='ocrx_word' id='word_1_544' title='bbox 275 2334 434 2368; x_wconf 82' lang='lat' dir='ltr'><em>sapientum</em></span> <span class='ocrx_word' id='word_1_545' title='bbox 455 2333 561 2368; x_wconf 88' lang='lat' dir='ltr'><em>scripta</em></span> <span class='ocrx_word' id='word_1_546' title='bbox 579 2333 613 2360; x_wconf 85' lang='lat' dir='ltr'><em>de</em></span> <span class='ocrx_word' id='word_1_547' title='bbox 632 2333 791 2360; x_wconf 89' lang='lat' dir='ltr'><em>nominibus</em></span> <span class='ocrx_word' id='word_1_548' title='bbox 810 2333 943 2360; x_wconf 86' lang='lat' dir='ltr'><em>obstrusis</em></span> <span class='ocrx_word' id='word_1_549' title='bbox 962 2333 1095 2360; x_wconf 89' lang='lat' dir='ltr'><em>habemus</em></span> <span class='ocrx_word' id='word_1_550' title='bbox 1114 2334 1143 2360; x_wconf 86' lang='lat' dir='ltr'><em>et</em></span> <span class='ocrx_word' id='word_1_551' title='bbox 1160 2333 1229 2360; x_wconf 83' lang='lat' dir='ltr'><em>adeo</em></span> <span class='ocrx_word' id='word_1_552' title='bbox 1248 2333 1382 2360; x_wconf 85' lang='lat' dir='ltr'><em>sensatuli</em></span> <span class='ocrx_word' id='word_1_553' title='bbox 1401 2341 1506 2365; x_wconf 82' lang='lat' dir='ltr'><em>sumus,</em></span> <span class='ocrx_word' id='word_1_554' title='bbox 1526 2334 1558 2359; x_wconf 90' lang='lat' dir='ltr'><em>ut</em></span> <span class='ocrx_word' id='word_1_555' title='bbox 1576 2334 1684 2360; x_wconf 79' lang='lat' dir='ltr'><em>nostras</em></span> <span class='ocrx_word' id='word_1_556' title='bbox 1703 2331 1921 2359; x_wconf 70' lang='lat' dir='ltr'><em>dictatiunculas</em></span> 
     </span>
     <span class='ocr_line' id='line_1_43' title="bbox 274 2383 1922 2421; baseline -0.001 -8"><span class='ocrx_word' id='word_1_557' title='bbox 274 2395 306 2413; x_wconf 87' lang='lat' dir='ltr'><em>eo</em></span> <span class='ocrx_word' id='word_1_558' title='bbox 326 2395 412 2420; x_wconf 87' lang='lat' dir='ltr'><em>usque</em></span> <span class='ocrx_word' id='word_1_559' title='bbox 431 2386 635 2413; x_wconf 83' lang='lat' dir='ltr'><em>circumducere</em></span> <span class='ocrx_word' id='word_1_560' title='bbox 654 2387 682 2412; x_wconf 87' lang='lat' dir='ltr'><em>et</em></span> <span class='ocrx_word' id='word_1_561' title='bbox 709 2386 859 2421; x_wconf 81' lang='lat' dir='ltr'><em>producere</em></span> <span class='ocrx_word' id='word_1_562' title='bbox 882 2385 1026 2421; x_wconf 76' lang='lat' dir='ltr'><em>possimus.</em></span> <span class='ocrx_word' id='word_1_563' title='bbox 1045 2387 1183 2420; x_wconf 85' lang='lat' dir='ltr'><em>quatenus</em></span> <span class='ocrx_word' id='word_1_564' title='bbox 1201 2385 1287 2412; x_wconf 82' lang='lat' dir='ltr'><em>verba</em></span> <span class='ocrx_word' id='word_1_565' title='bbox 1305 2385 1411 2412; x_wconf 85' lang='lat' dir='ltr'><em>Graeca</em></span> <span class='ocrx_word' id='word_1_566' title='bbox 1435 2385 1480 2412; x_wconf 87' lang='lat' dir='ltr'><em>vel</em></span> <span class='ocrx_word' id='word_1_567' title='bbox 1499 2384 1627 2412; x_wconf 88' lang='lat' dir='ltr'><em>obstrusa</em></span> <span class='ocrx_word' id='word_1_568' title='bbox 1651 2385 1685 2411; x_wconf 89' lang='lat' dir='ltr'><em>de</em></span> <span class='ocrx_word' id='word_1_569' title='bbox 1708 2383 1850 2419; x_wconf 79' lang='lat' dir='ltr'><em>glossariis</em></span> <span class='ocrx_word' id='word_1_570' title='bbox 1873 2383 1922 2411; x_wconf 77' lang='lat' dir='ltr'><em>ad·</em></span> 
     </span>
     <span class='ocr_line' id='line_1_44' title="bbox 274 2432 1924 2473; baseline -0.001 -9"><span class='ocrx_word' id='word_1_571' title='bbox 274 2439 386 2472; x_wconf 81' lang='lat' dir='ltr'><em>sumpta</em></span> <span class='ocrx_word' id='word_1_572' title='bbox 399 2438 428 2464; x_wconf 90' lang='lat' dir='ltr'><em>in</em></span> <span class='ocrx_word' id='word_1_573' title='bbox 441 2437 654 2465; x_wconf 85' lang='lat' dir='ltr'><em>admirationem</em></span> <span class='ocrx_word' id='word_1_574' title='bbox 667 2438 712 2465; x_wconf 93' lang='lat' dir='ltr'><em>vel</em></span> <span class='ocrx_word' id='word_1_575' title='bbox 725 2439 867 2473; x_wconf 88' lang='lat' dir='ltr'><em>stuporem</em></span> <span class='ocrx_word' id='word_1_576' title='bbox 881 2437 1072 2466; x_wconf 84' lang='lat' dir='ltr'><em>nescientibus</em></span> <span class='ocrx_word' id='word_1_577' title='bbox 1085 2446 1132 2465; x_wconf 87' lang='lat' dir='ltr'><em>seu</em></span> <span class='ocrx_word' id='word_1_578' title='bbox 1145 2432 1336 2472; x_wconf 82' lang='lat' dir='ltr'><em>scalpentibus</em></span> <span class='ocrx_word' id='word_1_579' title='bbox 1349 2446 1429 2464; x_wconf 87' lang='lat' dir='ltr'><em>aures</em></span> <span class='ocrx_word' id='word_1_580' title='bbox 1442 2437 1564 2472; x_wconf 76' lang='lat' dir='ltr'><em>proferre</em></span> <span class='ocrx_word' id='word_1_581' title='bbox 1577 2437 1724 2472; x_wconf 86' lang='lat' dir='ltr'><em>possimus;</em></span> <span class='ocrx_word' id='word_1_582' title='bbox 1738 2437 1789 2469; x_wconf 78' lang='lat' dir='ltr'><em>cfr.</em></span> <span class='ocrx_word' id='word_1_583' title='bbox 1800 2436 1924 2463; x_wconf 68' lang='lat' dir='ltr'><em>Sem-om</em></span> 
     </span>
     <span class='ocr_line' id='line_1_45' title="bbox 274 2488 1924 2524; baseline -0.001 -7"><span class='ocrx_word' id='word_1_584' title='bbox 274 2491 291 2517; x_wconf 83' lang='lat' dir='ltr'><em>l.</em></span> <span class='ocrx_word' id='word_1_585' title='bbox 309 2499 331 2517; x_wconf 89' lang='lat' dir='ltr'><em>c.</em></span> <span class='ocrx_word' id='word_1_586' title='bbox 346 2494 397 2517; x_wconf 83' lang='lat'><em>407</em></span> <span class='ocrx_word' id='word_1_587' title='bbox 412 2490 476 2517; x_wconf 84' lang='lat' dir='ltr'><em>adn.</em></span> <span class='ocrx_word' id='word_1_588' title='bbox 492 2490 593 2518; x_wconf 83' lang='lat' dir='ltr'><em>Contra</em></span> <span class='ocrx_word' id='word_1_589' title='bbox 610 2491 760 2517; x_wconf 73' lang='lat' dir='ltr'><em>avunculus</em></span> <span class='ocrx_word' id='word_1_590' title='bbox 777 2490 811 2517; x_wconf 86' lang='lat' dir='ltr'><em>ab</em></span> <span class='ocrx_word' id='word_1_591' title='bbox 827 2490 935 2517; x_wconf 80' lang='lat' dir='ltr'><em>iuniore</em></span> <span class='ocrx_word' id='word_1_592' title='bbox 949 2490 1098 2517; x_wconf 82' lang='lat' dir='ltr'><em>Hincmaro</em></span> <span class='ocrx_word' id='word_1_593' title='bbox 1114 2493 1226 2524; x_wconf 81' lang='lat' dir='ltr'><em>propter</em></span> <span class='ocrx_word' id='word_1_594' title='bbox 1243 2490 1407 2516; x_wconf 69' lang='lat' dir='ltr'><em>sokecismos</em></span> <span class='ocrx_word' id='word_1_595' title='bbox 1424 2492 1539 2516; x_wconf 79' lang='lat' dir='ltr'><em>notatur</em></span> <span class='ocrx_word' id='word_1_596' title='bbox 1555 2490 1587 2516; x_wconf 79' lang='lat' dir='ltr'><em>in</em></span> <span class='ocrx_word' id='word_1_597' title='bbox 1599 2489 1673 2523; x_wconf 76' lang='lat' dir='ltr'><em>epist.</em></span> <span class='ocrx_word' id='word_1_598' title='bbox 1692 2488 1768 2523; x_wconf 78' lang='lat' dir='ltr'><em>apud</em></span> <span class='ocrx_word' id='word_1_599' title='bbox 1782 2488 1924 2515; x_wconf 60' lang='lat' dir='ltr'><em>Manciam</em></span> 
     </span>
     <span class='ocr_line' id='line_1_46' title="bbox 276 2539 1922 2577; baseline -0.001 -9"><span class='ocrx_word' id='word_1_600' title='bbox 276 2541 372 2568; x_wconf 74' lang='lat' dir='ltr'><em>Concil.</em></span> <span class='ocrx_word' id='word_1_601' title='bbox 395 2542 424 2568; x_wconf 92' lang='lat' dir='ltr'><strong><em>X</em></strong></span> <span class='ocrx_word' id='word_1_602' title='bbox 430 2542 538 2575; x_wconf 66' lang='grc'><strong>71842,</strong></span> <span class='ocrx_word' id='word_1_603' title='bbox 561 2551 614 2576; x_wconf 75' lang='lat' dir='ltr'><em>qao</em></span> <span class='ocrx_word' id='word_1_604' title='bbox 631 2543 686 2569; x_wconf 86' lang='lat' dir='ltr'><em>loeo</em></span> <span class='ocrx_word' id='word_1_605' title='bbox 700 2550 753 2576; x_wconf 79' lang='lat' dir='ltr'><em>pro</em></span> <span class='ocrx_word' id='word_1_606' title='bbox 771 2542 840 2570; x_wconf 88' lang='lat' dir='ltr'><em>mori</em></span> <span class='ocrx_word' id='word_1_607' title='bbox 858 2544 972 2577; x_wconf 85' lang='lat' dir='ltr'><em>gratum</em></span> <span class='ocrx_word' id='word_1_608' title='bbox 989 2542 1158 2569; x_wconf 81' lang='lat' dir='ltr'><em>scribendam</em></span> <span class='ocrx_word' id='word_1_609' title='bbox 1176 2545 1214 2569; x_wconf 85' lang='lat' dir='ltr'><em>est</em></span> <span class='ocrx_word' id='word_1_610' title='bbox 1232 2542 1446 2577; x_wconf 77' lang='lat' dir='ltr'><em>morigeratum3</em></span> <span class='ocrx_word' id='word_1_611' title='bbox 1470 2541 1518 2574; x_wconf 74' lang='lat' dir='ltr'><em>cfr.</em></span> <span class='ocrx_word' id='word_1_612' title='bbox 1537 2541 1660 2568; x_wconf 73' lang='lat' dir='ltr'><em>Schroers</em></span> <span class='ocrx_word' id='word_1_613' title='bbox 1679 2541 1695 2568; x_wconf 79' lang='lat' dir='ltr'><em>l.</em></span> <span class='ocrx_word' id='word_1_614' title='bbox 1713 2549 1734 2568; x_wconf 89' lang='lat' dir='ltr'><em>c.</em></span> <span class='ocrx_word' id='word_1_615' title='bbox 1753 2543 1800 2568; x_wconf 81' lang='lat'><em>31⁶</em></span> <span class='ocrx_word' id='word_1_616' title='bbox 1816 2539 1882 2568; x_wconf 75' lang='lat' dir='ltr'><em>adn.</em></span> <span class='ocrx_word' id='word_1_617' title='bbox 1899 2544 1922 2568; x_wconf 77' lang='lat'><em>5.</em></span> 
     </span>
     <span class='ocr_line' id='line_1_47' title="bbox 276 2593 1412 2629; baseline 0 -9"><span class='ocrx_word' id='word_1_618' title='bbox 276 2593 319 2620; x_wconf 89' lang='lat' dir='ltr'><em>De</em></span> <span class='ocrx_word' id='word_1_619' title='bbox 337 2593 547 2620; x_wconf 67' lang='lat' dir='ltr'><em>Hirwirumrram</em></span> <span class='ocrx_word' id='word_1_620' title='bbox 565 2594 632 2621; x_wconf 81' lang='lat' dir='ltr'><em>libro</em></span> <span class='ocrx_word' id='word_1_621' title='bbox 647 2595 797 2629; x_wconf 62' lang='lat' dir='ltr'><em>glossarum</em></span> <span class='ocrx_word' id='word_1_622' title='bbox 814 2594 873 2621; x_wconf 73' lang='lat' dir='ltr'><em>dixi</em></span> <span class='ocrx_word' id='word_1_623' title='bbox 892 2595 962 2621; x_wconf 84' lang='lat' dir='ltr'><em>Berl.</em></span> <span class='ocrx_word' id='word_1_624' title='bbox 980 2594 1052 2622; x_wconf 74' lang='lat' dir='ltr'><em>Phil.</em></span> <span class='ocrx_word' id='word_1_625' title='bbox 1078 2594 1259 2622; x_wconf 70' lang='lat' dir='ltr'><em>Woclaenschr.</em></span> <span class='ocrx_word' id='word_1_626' title='bbox 1282 2593 1351 2620; x_wconf 89' lang='lat' dir='ltr'><em>XII</em></span> <span class='ocrx_word' id='word_1_627' title='bbox 1358 2597 1412 2620; x_wconf 83' lang='lat'><em>176.</em></span> 
     </span>
    </p>

    <p class='ocr_par' dir='ltr' id='par_1_5' title="bbox 275 2644 1924 2835">
     <span class='ocr_line' id='line_1_48' title="bbox 379 2644 1923 2679; baseline -0.001 -6"><span class='ocrx_word' id='word_1_628' title='bbox 379 2646 404 2678; x_wconf 95' lang='lat' dir='ltr'><em>l)</em></span> <span class='ocrx_word' id='word_1_629' title='bbox 428 2645 470 2672; x_wconf 89' lang='lat' dir='ltr'><em>De</em></span> <span class='ocrx_word' id='word_1_630' title='bbox 487 2654 546 2672; x_wconf 80' lang='lat' dir='ltr'><em>voce</em></span> <span class='ocrx_word' id='word_1_631' title='bbox 565 2646 613 2679; x_wconf 73' lang='lat' dir='ltr'><em>cfr.</em></span> <span class='ocrx_word' id='word_1_632' title='bbox 639 2646 814 2673; x_wconf 79' lang='lat' dir='ltr'><em>Wattenbach</em></span> <span class='ocrx_word' id='word_1_633' title='bbox 831 2646 892 2673; x_wconf 83' lang='lat' dir='ltr'><em>Das</em></span> <span class='ocrx_word' id='word_1_634' title='bbox 911 2646 1123 2679; x_wconf 56' lang='lat' dir='ltr'><em>Semiftwesenss</em></span> <span class='ocrx_word' id='word_1_635' title='bbox 1145 2646 1176 2672; x_wconf 78' lang='lat' dir='ltr'><em>in</em></span> <span class='ocrx_word' id='word_1_636' title='bbox 1194 2645 1288 2673; x_wconf 56' lang='lat' dir='ltr'><em>andree.</em></span> <span class='ocrx_word' id='word_1_637' title='bbox 1375 2645 1403 2678; x_wconf 84' lang='lat'><em>2)</em></span> <span class='ocrx_word' id='word_1_638' title='bbox 1426 2645 1482 2679; x_wconf 82' lang='lat' dir='ltr'><em>Cfr.</em></span> <span class='ocrx_word' id='word_1_639' title='bbox 1504 2645 1627 2672; x_wconf 68' lang='lat' dir='ltr'><em>Sem-oms</em></span> <span class='ocrx_word' id='word_1_640' title='bbox 1641 2653 1704 2679; x_wconf 74' lang='lat' dir='ltr'><em>paq.</em></span> <span class='ocrx_word' id='word_1_641' title='bbox 1722 2649 1769 2673; x_wconf 76' lang='lat'><em>579</em></span> <span class='ocrx_word' id='word_1_642' title='bbox 1786 2644 1851 2672; x_wconf 74' lang='lat' dir='ltr'><em>adn,</em></span> <span class='ocrx_word' id='word_1_643' title='bbox 1870 2648 1923 2673; x_wconf 87' lang='lat'><em>113.</em></span> 
     </span>
     <span class='ocr_line' id='line_1_49' title="bbox 275 2696 1924 2732; baseline 0 -9"><span class='ocrx_word' id='word_1_644' title='bbox 275 2698 302 2730; x_wconf 88' lang='lat'><em>3)</em></span> <span class='ocrx_word' id='word_1_645' title='bbox 327 2697 531 2731; x_wconf 78' lang='lat' dir='ltr'><em>Descripsernnt</em></span> <span class='ocrx_word' id='word_1_646' title='bbox 550 2698 663 2725; x_wconf 86' lang='lat' dir='ltr'><em>codicem</em></span> <span class='ocrx_word' id='word_1_647' title='bbox 683 2698 808 2725; x_wconf 82' lang='lat' dir='ltr'><em>Schroers</em></span> <span class='ocrx_word' id='word_1_648' title='bbox 825 2707 885 2732; x_wconf 63' lang='lat' dir='ltr'><em>pay.</em></span> <span class='ocrx_word' id='word_1_649' title='bbox 905 2702 953 2726; x_wconf 84' lang='lat'><em>335</em></span> <span class='ocrx_word' id='word_1_650' title='bbox 969 2698 1036 2726; x_wconf 79' lang='lat' dir='ltr'><em>adn.</em></span> <span class='ocrx_word' id='word_1_651' title='bbox 1054 2703 1098 2726; x_wconf 84' lang='lat'><em>115</em></span> <span class='ocrx_word' id='word_1_652' title='bbox 1115 2701 1140 2725; x_wconf 89' lang='lat' dir='ltr'><em>et</em></span> <span class='ocrx_word' id='word_1_653' title='bbox 1158 2698 1301 2725; x_wconf 78' lang='lat' dir='ltr'><em>Stevenson</em></span> <span class='ocrx_word' id='word_1_654' title='bbox 1320 2696 1401 2724; x_wconf 86' lang='lat' dir='ltr'><em>Codd.</em></span> <span class='ocrx_word' id='word_1_655' title='bbox 1422 2697 1512 2724; x_wconf 78' lang='lat' dir='ltr'><em>Palat.</em></span> <span class='ocrx_word' id='word_1_656' title='bbox 1531 2696 1595 2724; x_wconf 77' lang='lat' dir='ltr'><em>Lat.</em></span> <span class='ocrx_word' id='word_1_657' title='bbox 1613 2696 1682 2725; x_wconf 77' lang='lat' dir='ltr'><em>Bibl.</em></span> <span class='ocrx_word' id='word_1_658' title='bbox 1701 2696 1784 2724; x_wconf 66' lang='lat' dir='ltr'><em>Vatia.</em></span> <span class='ocrx_word' id='word_1_659' title='bbox 1803 2696 1868 2724; x_wconf 79' lang='lat'><em>1⁷5.</em></span> <span class='ocrx_word' id='word_1_660' title='bbox 1888 2713 1924 2719; x_wconf 88' lang='grc'>-</span> 
     </span>
     <span class='ocr_line' id='line_1_50' title="bbox 277 2749 1923 2784; baseline 0.002 -10"><span class='ocrx_word' id='word_1_661' title='bbox 277 2749 312 2774; x_wconf 88' lang='lat' dir='ltr'><em>In</em></span> <span class='ocrx_word' id='word_1_662' title='bbox 332 2749 417 2775; x_wconf 83' lang='lat' dir='ltr'><em>codice</em></span> <span class='ocrx_word' id='word_1_663' title='bbox 437 2749 546 2776; x_wconf 81' lang='lat' dir='ltr'><em>Gasano</em></span> <span class='ocrx_word' id='word_1_664' title='bbox 567 2750 627 2776; x_wconf 77' lang='grc'><em>014</em></span> <span class='ocrx_word' id='word_1_665' title='bbox 645 2758 713 2777; x_wconf 81' lang='lat' dir='ltr'><em>saec.</em></span> <span class='ocrx_word' id='word_1_666' title='bbox 735 2751 807 2784; x_wconf 85' lang='lat' dir='ltr'><em>XII,</em></span> <span class='ocrx_word' id='word_1_667' title='bbox 825 2751 873 2784; x_wconf 75' lang='lat' dir='ltr'><em>qui</em></span> <span class='ocrx_word' id='word_1_668' title='bbox 889 2751 1042 2784; x_wconf 54' lang='lat' dir='ltr'><em>icam-amas</em></span> <span class='ocrx_word' id='word_1_669' title='bbox 1059 2758 1140 2784; x_wconf 72' lang='lat' dir='ltr'><em>quam</em></span> <span class='ocrx_word' id='word_1_670' title='bbox 1157 2753 1285 2784; x_wconf 76' lang='lat' dir='ltr'><em>sequatur</em></span> <span class='ocrx_word' id='word_1_671' title='bbox 1302 2749 1486 2782; x_wconf 73' lang='lat' dir='ltr'><em>recensionem,</em></span> <span class='ocrx_word' id='word_1_672' title='bbox 1503 2757 1552 2775; x_wconf 79' lang='lat' dir='ltr'><em>nec</em></span> <span class='ocrx_word' id='word_1_673' title='bbox 1569 2749 1698 2776; x_wconf 85' lang='lat' dir='ltr'><em>titulatio</em></span> <span class='ocrx_word' id='word_1_674' title='bbox 1717 2757 1764 2776; x_wconf 75' lang='lat' dir='ltr'><em>nec</em></span> <span class='ocrx_word' id='word_1_675' title='bbox 1781 2749 1923 2784; x_wconf 85' lang='lat' dir='ltr'><em>responsio</em></span> 
     </span>
     <span class='ocr_line' id='line_1_51' title="bbox 276 2801 1693 2835; baseline 0.001 -8"><span class='ocrx_word' id='word_1_676' title='bbox 276 2801 420 2835; x_wconf 74' lang='lat' dir='ltr'><em>invenitur,</em></span> <span class='ocrx_word' id='word_1_677' title='bbox 440 2802 488 2834; x_wconf 79' lang='lat' dir='ltr'><em>cfr.</em></span> <span class='ocrx_word' id='word_1_678' title='bbox 510 2802 593 2828; x_wconf 82' lang='lat' dir='ltr'><em>Klein</em></span> <span class='ocrx_word' id='word_1_679' title='bbox 616 2803 697 2829; x_wconf 84' lang='lat' dir='ltr'><em>Ueber</em></span> <span class='ocrx_word' id='word_1_680' title='bbox 715 2803 773 2829; x_wconf 76' lang='lat' dir='ltr'><em>eine</em></span> <span class='ocrx_word' id='word_1_681' title='bbox 797 2802 977 2835; x_wconf 76' lang='lat' dir='ltr'><em>Hamlschrift</em></span> <span class='ocrx_word' id='word_1_682' title='bbox 994 2802 1037 2829; x_wconf 86' lang='lat' dir='ltr'><em>des</em></span> <span class='ocrx_word' id='word_1_683' title='bbox 1057 2802 1184 2829; x_wconf 78' lang='lat' dir='ltr'><em>Nicolaus</em></span> <span class='ocrx_word' id='word_1_684' title='bbox 1202 2811 1251 2828; x_wconf 72' lang='lat' dir='ltr'><em>ron</em></span> <span class='ocrx_word' id='word_1_685' title='bbox 1271 2801 1336 2828; x_wconf 76' lang='lat' dir='ltr'><em>Caes</em></span> <span class='ocrx_word' id='word_1_686' title='bbox 1355 2801 1478 2828; x_wconf 73' lang='lat' dir='ltr'><em>Berolini</em></span> <span class='ocrx_word' id='word_1_687' title='bbox 1497 2805 1558 2828; x_wconf 80' lang='lat'><strong><em>1866</em></strong></span> <span class='ocrx_word' id='word_1_688' title='bbox 1572 2809 1634 2835; x_wconf 72' lang='lat' dir='ltr'><em>paq.</em></span> <span class='ocrx_word' id='word_1_689' title='bbox 1655 2805 1693 2829; x_wconf 69' lang='lat'><em>14.</em></span> 
     </span>
    </p>
   </div>
  </div>
 </body>
</html>
