2138 3106
313 108 374 138 374

302 1858 563 1892 RESPONSIO.

300 2699 347 2715 om.
368 2690 391 2714 Β

994 106 1174 133 DIALOGUS
1193 106 1278 133 AGII.

612 206 636 224 81,
679 193 756 236 Ipsa
780 193 858 224 mihi
881 193 967 224 mala
990 192 1178 225 reddiderat
1199 193 1432 233 tolerabiliora,

723 245 815 276 Sicut
839 248 872 277 et
896 247 1030 276 econtra
1054 245 1273 287 splendidiora
1297 245 1394 278 bona.

677 297 758 329 Cum
783 298 855 336 hac,
881 297 1033 339 quicquid
1057 301 1128 329 erat
1151 309 1298 340 prorsus,
1326 298 1412 340 quod
1435 298 1518 330 forte
1543 299 1701 334 volebam,

718 349 793 380 Non
817 359 912 381 secus
937 359 975 381 ac
999 359 1125 381 mecum
1149 350 1219 392 ipse
1243 350 1331 392 loqui
1354 353 1511 392 poteram.

675 401 728 433 Me
751 402 918 441 miserum,
943 411 994 432 me
1018 401 1195 441 infelicem,
1219 405 1377 444 poterone
1401 401 1545 434 dolorem

609 466 634 484 oo
718 452 881 495 Umquam
905 455 1030 485 mutata
1053 453 1182 484 solvere
1205 452 1340 491 laetitia,

675 504 770 540 Quod
793 505 851 536 tali
875 508 1031 546 tantaque
1056 505 1151 536 simul
1174 505 1319 547 privatus
1342 505 1448 536 amica

717 556 787 599 Ipsi
811 567 882 588 sum
906 557 1026 589 misera
1050 559 1138 588 sorte
1163 560 1331 599 superstes
1356 560 1437 599 ego?

675 608 742 640 Sed
766 608 844 651 quid
867 619 954 640 nunc
979 608 1086 640 facio?
1111 619 1169 640 cur
1192 609 1282 640 luctu
1306 609 1388 640 forte
1411 612 1542 651 meopte

716 660 785 692 Vos
809 661 906 692 etiam
930 661 1019 699 flere,
1043 671 1102 692 vos
1126 660 1212 692 facio
1236 664 1391 703 gemere?

607 726 632 745 95
670 712 734 744 Ast
756 712 816 744 hoc
841 723 884 744 ex
906 712 1034 755 fragilis
1060 714 1166 744 carnis
1190 713 1370 756 propagine
1396 713 1494 752 venit,

719 765 766 797 Ut
788 765 886 796 homo
910 765 1080 797 defunctos
1104 766 1216 807 lugeat
1239 765 1309 807 ipse
1334 776 1421 797 suos.

674 817 826 849 Fleverat
849 819 882 848 et
905 817 1066 848 Lazarum
1090 817 1240 849 dominus
1265 816 1497 859 dominumque
1521 817 1635 856 Maria⁷

718 870 897 902 Fleverunt
921 872 1052 901 sanctos
1077 869 1197 912 quique
1221 869 1268 911 pii
1291 869 1450 901 homines.

672 921 737 953 Sed
760 921 876 954 modus
899 925 959 962 est,
982 924 1019 953 ut
1042 921 1205 964 praemisi,
1230 921 1371 953 lacrimis
1397 921 1602 953 adhibendus

594 987 631 1006 ιοο
711 974 755 1006 Et
779 974 878 1006 debet
900 974 1007 1005 luctus
1031 984 1096 1005 non
1119 974 1191 1005 fieri
1214 973 1342 1005 nimius.

671 1025 758 1058 Hinc
781 1025 966 1057 contristari
990 1035 1049 1057 nos
1074 1025 1198 1057 Paulus
1223 1025 1392 1068 apostolus
1416 1025 1486 1056 istis

714 1078 778 1110 Pro
803 1078 886 1110 caris
909 1077 1031 1109 nostris
1055 1077 1117 1109 rite
1141 1080 1232 1109 vetat
1255 1077 1403 1109 monitis:

673 1130 843 1162 ‘Nolumus
868 1128 1010 1172 ignaros’
1034 1129 1138 1171 inquit
1161 1131 1227 1161 ‘vos
1251 1129 1361 1169 affore,
1385 1129 1514 1165 fratres,

717 1182 768 1214 De
792 1182 857 1214 iam
881 1181 1055 1221 defunctis,
1078 1181 1177 1212 immo
1202 1181 1389 1223 soporificis,

594 1247 630 1265 105»
673 1233 723 1265 Ne
747 1234 858 1266 tristes
883 1234 965 1274 sitis,
989 1234 1075 1265 sicut
1098 1233 1240 1276 reliquos
1261 1233 1330 1265 fore
1356 1236 1494 1273 constat,

714 1285 778 1322 Qui
801 1286 888 1318 vitae
912 1283 987 1328 post
1011 1296 1103 1328 spem
1126 1295 1191 1316 non
1214 1285 1358 1317 retinent
1382 1285 1536 1327 aliquam.

675 1337 708 1369 Si
733 1337 894 1380 siquidem
920 1337 1109 1369 defunctum
1135 1338 1228 1380 (tum)
1253 1337 1350 1369 modo
1373 1337 1535 1370 credimus
1558 1337 1677 1378 Iesum,

713 1390 758 1422 Ut
782 1400 920 1432 surgens
945 1393 1083 1422 mortem
1106 1390 1253 1422 vinceret
1276 1389 1470 1430 horrificam,

669 1441 850 1474 Credamus
874 1452 1004 1485 quoque
1027 1442 1096 1481 hos,
1122 1442 1177 1484 qui
1200 1443 1264 1474 iam
1288 1442 1448 1474 dormisse
1471 1442 1664 1485 probantur,

590 1507 626 1526 no
707 1494 826 1527 Secum
850 1505 910 1537 per
932 1495 1043 1526 Iesum
1066 1495 1184 1526 tollere
1208 1505 1294 1526 nunc
1317 1494 1506 1527 dominum'.

672 1546 766 1579 Haec
791 1557 866 1589 spes
890 1550 1003 1579 nostra
1027 1547 1116 1587 cluit,
1140 1547 1223 1579 haec
1247 1547 1425 1578 consolatio
1450 1550 1592 1578 constat:

713 1599 852 1631 Nostros
876 1599 1049 1631 defunctos
1073 1599 1183 1631 vivere
1206 1609 1292 1630 1111110
1315 1599 1442 1631 melius.

668 1651 741 1683 Hoc
766 1651 873 1690 modo,
897 1650 958 1682 hoc
982 1654 1127 1683 vestrum
1150 1650 1250 1683 debet
1273 1651 1374 1683 lenire
1398 1650 1555 1686 dolorem.v

711 1702 784 1735 Hoc
807 1703 908 1735 debet
930 1706 1056 1735 vestras
1080 1706 1210 1745 tergere
1234 1713 1319 1734 nunc
1343 1703 1509 1735 lacrimas:

592 1768 628 1787 nr,
666 1754 740 1787 Hoc
764 1765 820 1787 vos
846 1755 945 1787 solari
970 1755 1079 1795 debet,
1104 1755 1166 1787 1100
1189 1755 1378 1795 laetificare,

711 1807 785 1839 Hoc
809 1807 954 1838 animum
978 1810 1123 1839 vestrum
1146 1807 1273 1849 erigere
1298 1807 1339 1839 ad
1363 1807 1537 1840 dominum.

672 1858 745 1891 Hoc
769 1862 869 1899 certe,
894 1859 955 1891 1100
979 1859 1048 1900 erit,
1073 1858 1160 1902 quod
1183 1870 1244 1891 nos
1268 1859 1427 1891 solabitur
1450 1869 1549 1891 unum

712 1911 751 1943 In
774 1914 842 1943 tam
865 1911 1001 1943 funereo
1026 1911 1302 1954 praelugubrique
1325 1911 1421 1951 malo,

669 1963 772 2002 Quod,
797 1963 874 1995 licet
898 1963 950 1995 hic
975 1963 1045 1995 eius
1070 1973 1187 2006 corpus
1211 1964 1329 1996 tellure
1352 1966 1491 2006 tegatur,

588 2028 626 2047 120
707 2016 746 2047 In
770 2016 869 2048 caelis
894 2015 1036 2047 animam
1061 2015 1224 2047 credimus
1249 2025 1323 2048 esse
1347 2026 1448 2048 suam.

667 2067 739 2099 Hoc
762 2078 822 2099 nos
846 2077 929 2110 pura
952 2067 1032 2099 fides
1057 2068 1126 2100 eius
1150 2078 1284 2111 sperare
1308 2067 1435 2107 suadet,

710 2119 784 2152 Hoc
809 2120 898 2161 cogit
920 2119 988 2151 vita
1013 2119 1148 2152 credere
1173 2120 1350 2152 sanctifica.

667 2170 733 2203 Sed
756 2171 832 2214 quia
855 2171 978 2203 carnali
1002 2172 1066 2204 iam
1090 2171 1151 2204 hac
1175 2182 1240 2204 non
1263 2172 1383 2203 utimur
1406 2181 1467 2203 usu

710 2223 780 2255 Nec
805 2223 890 2255 hanc
914 2224 1133 2266 conspicimus
1157 2224 1321 2266 corporeis
1346 2223 1461 2263 oculis,

588 2288 624 2308 121
662 2275 772 2318 Ipsius
795 2275 929 2307 immani
953 2275 1115 2308 desiderio
1138 2276 1326 2315 retinemur,

709 2327 817 2370 Ipsius
843 2337 921 2359 cura
944 2328 1096 2370 angimur
1118 2327 1301 2360 immodica.

666 2379 753 2411 Hinc
776 2380 948 2421 gemimus,
972 2380 1048 2411 hinc
1072 2390 1266 2415 maeremus,
1285 2379 1365 2411 -hinc
1388 2379 1530 2421 denique
1554 2379 1678 2414 flemus,

709 2431 796 2463 Hinc
821 2435 872 2463 est
896 2432 978 2464 haec
1002 2435 1114 2464 nostra
1136 2432 1279 2463 maxima
1302 2431 1443 2463 tristitia.

664 2483 748 2515 Nam
772 2483 847 2525 quia
870 2494 929 2515 nos
953 2484 1091 2516 miseras
1115 2484 1177 2516 hoc
1201 2483 1352 2515 amisisse
1375 2482 1534 2523 dolemus,

586 2548 623 2567 130
705 2535 799 2571 Quod
823 2535 927 2567 solum
951 2536 1043 2568 nobis
1067 2537 1208 2567 maxime
1233 2535 1327 2567 dulce
1351 2534 1421 2574 fuit,

403 2647 436 2671 >35
459 2648 534 2672 michi
553 2652 574 2672 el
593 2649 628 2672 xic
646 2657 743 2680 semper
762 2648 786 2672 B
891 2648 924 2674 93
943 2649 974 2673 So
994 2648 1018 2673 B
1036 2657 1103 2673 corr.
1123 2647 1171 2672 Pes
1286 2646 1333 2672 104
1356 2657 1441 2680 ν1111111111
1460 2652 1481 2673 et
1500 2649 1534 2671 κὴ·
1558 2658 1655 2682 »temper
1673 2650 1698 2674 B

445 2691 543 2715 ihesum
562 2695 585 2715 el
603 2692 638 2716 xic
656 2699 754 2723 semper
775 2691 796 2715 l›‘

405 2767 450 2792 101
465 2775 520 2799 sqq.
544 2768 553 2792 l
571 2766 664 2793 Thess.
685 2769 708 2795 4.
732 2769 762 2793 12>
776 2776 812 2800 κα.

1809 2648 1855 2674 1οἳ
1881 2649 1950 2674 *tum
