2060 3074
263 163 324 193 596
918 158 1070 186 MILONIS
1088 158 1264 186 CARMINA.

631 248 693 284 Qui
717 249 848 279 cunctas
872 245 1015 277 didicere
1038 245 1130 278 brevi
1153 245 1212 277 sub
1237 248 1383 288 tempore
1405 246 1540 288 linguas.

627 299 700 339 Hic,
727 297 969 339 aethimologia,
993 300 1066 329 tuus
1090 296 1294 328 confimditur
1317 296 1411 328 ordo:

629 350 740 382 Infans
765 349 841 381 dum
866 349 962 388 fatur,
985 358 1105 380 nomen
1128 348 1186 380 tibi
1209 348 1332 380 tollitur
1354 348 1454 386 istud;

629 402 678 433 Ne
704 401 834 433 dubites
859 400 981 432 asinam
1007 399 1159 431 stolidum
1180 399 1379 442 increpuisse
1402 399 1549 441 Balaam,

545 466 583 485 340
628 453 702 485 Huc
726 453 814 492 ades,
838 452 900 483 hoc
924 462 1005 494 opus
1028 454 1078 483 est
1102 451 1334 483 celebrandum
1357 451 1454 483 laude
1477 453 1622 494 perenni.

672 513 749 545 XII.
772 512 834 544 His
857 513 903 544 ita
927 512 1069 544 decursis
1093 512 1270 544 obeuntem
1293 512 1409 544 missus
1432 512 1474 545 ab
1498 513 1564 545 alto

626 565 773 608 Angelus
798 565 908 597 evexit
931 565 1010 596 celsi
1032 567 1121 596 trans
1144 564 1252 596 sidera
1275 564 1358 596 caeli

629 617 828 658 Pontificem,
853 617 942 649 cuius
965 616 1079 648 sedem
1103 616 1272 648 Treiectus
1295 616 1451 656 habebat,

628 669 780 702 Sumeret
801 672 838 701 ut
859 669 957 701 rectis
980 669 1170 700 meritorum
1193 668 1339 711 praemia
1362 668 1462 700 libris.

543 735 580 755 345
625 722 697 759 Quo
720 732 780 753 rex
804 724 970 764 comperto
995 723 1142 752 sanctum
1164 720 1334 752 accersivit
1359 719 1560 752 Amandum:

626 774 770 805 Plurima
792 773 979 816 pontificum
1002 772 1186 804 conducens
1209 772 1338 814 agmina
1361 782 1471 804 secum

626 826 789 857 Praesulis
812 825 854 856 ad
877 825 958 856 tanti
981 825 1148 856 sollemnia
1170 823 1275 866 iungit
1297 824 1446 855 honores.

626 878 758 910 Interea
781 880 910 909 sanctus
933 888 1025 909 sacra
1049 876 1194 909 sublimis
1217 877 1250 908 in
1273 886 1348 908 arce

627 930 765 962 Ducitur
787 940 826 962 ac
848 929 994 970 trahitur,
1018 929 1083 961 iam
1107 928 1193 960 dicta
1215 929 1247 960 in
1270 928 1348 960 sede
1370 928 1510 965 locatum

546 997 584 1016 350
629 983 748 1015 Obstat
771 988 804 1014 et
823 981 992 1024 indignum
1015 991 1050 1013 se
1075 981 1133 1013 tali
1155 981 1301 1013 clamitat
1324 983 1408 1012 actu.

627 1034 694 1066 Sed
717 1045 790 1066 cum
813 1044 903 1065 more
928 1045 985 1065 suo
1008 1034 1163 1065 lustraret
1185 1033 1257 1064 luce
1280 1035 1417 1064 venusta

627 1086 758 1130 Oppida
779 1096 854 1118 rura
877 1096 968 1118 casas
991 1086 1079 1118 vicos
1103 1085 1238 1117 castella
1260 1095 1448 1127 peragrans,

627 1139 697 1171 Oeu
719 1138 864 1171 medicus
887 1138 988 1180 gratis
1011 1137 1173 1180 praebens
1197 1137 1366 1179 pigmenta
1388 1137 1511 1178 salutis,

625 1191 731 1222 Triste
755 1190 860 1222 nefas!
886 1190 941 1232 qui
964 1189 1146 1221 debuerant
1170 1198 1348 1231 agnoscere
1371 1189 1468 1231 primi

542 1257 580 1276 ³55
625 1243 674 1275 Ac
698 1243 833 1275 verbum
857 1242 978 1274 domini
1001 1241 1091 1284 plebi
1114 1244 1294 1272 monstrare
1317 1240 1519 1283 sequendum

626 1295 794 1327 Ecclesiae
817 1291 971 1336 gradibus
996 1293 1136 1336 praelati
1158 1293 1218 1324 rite
1242 1293 1388 1333 ministri,

624 1348 777 1379 Reiciunt
798 1349 954 1390 spernunt
977 1348 1188 1378 contemnunt
1210 1344 1456 1388 despiciuntque

627 1400 834 1442 Postponunt
856 1399 1046 1441 pelluntque
1069 1397 1210 1440 probum
1232 1407 1293 1440 per
1314 1398 1435 1440 probra
1457 1400 1642 1440 patronum,

626 1452 698 1488 Quo
722 1451 783 1483 sibi
805 1451 849 1482 nil
871 1451 961 1491 lucri,
985 1450 1044 1482 sed
1066 1450 1210 1481 maxima
1232 1449 1350 1481 damna
1372 1450 1494 1482 tulere:

543 1517 582 1536 360
626 1504 737 1535 Pulvis
761 1503 846 1534 enim
870 1502 1008 1545 pedibus
1032 1502 1123 1534 iustis
1148 1512 1303 1534 excussus
1325 1502 1358 1533 in
1380 1502 1444 1534 illis

627 1555 809 1587 Accusator
832 1555 902 1595 erit,
927 1565 999 1586 cum
1023 1557 1154 1596 tempus
1177 1554 1304 1586 venerit
1325 1553 1416 1594 illud,

626 1607 777 1639 Praemia
800 1617 863 1649 quo
887 1606 1017 1648 capient
1040 1605 1147 1637 dextri
1171 1616 1361 1648 poenasque
1385 1605 1513 1637 sinistri.

669 1667 763 1700 xm.
786 1667 895 1699 Insula
918 1666 1004 1699 dicta
1025 1667 1107 1698 nitet
1130 1666 1265 1698 Oaloloo
1290 1666 1330 1698 de
1353 1666 1474 1698 vertice
1498 1667 1611 1706 sancti,
2050 1698 2060 1707 Δ

625 1719 722 1752 Scald
743 1720 835 1751 iuxta
858 1722 892 1751 et
915 1719 991 1762 giris
1015 1729 1111 1751 curvo
1136 1719 1314 1750 sinuamine
1338 1718 1431 1750 flexis
2049 1724 2060 1771 ¹!

545 1785 582 1805 365
627 1772 772 1804 Praebet
795 1782 959 1803 secessum
982 1771 1088 1802 nautis
1112 1770 1314 1813 gratissimus
1338 1770 1449 1802 amnis.

627 1824 732 1860 Quam
756 1826 894 1864 sanctus,
918 1823 1010 1855 dictis
1034 1833 1107 1854 cum
1128 1823 1240 1865 pulsus
1263 1822 1368 1854 abiret
1391 1822 1434 1854 ab
1458 1822 1532 1862 oris,

626 1876 842 1918 Repperiens,
866 1875 996 1907 sibimet
1018 1877 1085 1906 tam
1108 1877 1233 1906 maesto
1255 1875 1289 1906 in
1311 1877 1459 1917 tempore
1483 1874 1619 1906 credens
2053 1882 2060 1920 ᾗ

629 1929 785 1960 Sufficere
810 1931 844 1960 et
865 1928 982 1960 mentis
1006 1938 1122 1970 purum
1146 1937 1304 1959 renovare
1330 1927 1478 1968 vigorem
2053 1921 2060 1962 i

630 1980 781 2012 Secretus
805 1981 938 2023 cupiens
962 1980 1127 2022 aliquanto
1152 1979 1270 2011 mansit
1294 1979 1328 2010 in
1351 1979 1441 2010 illam
2050 1966 2060 1983 '¹

545 2046 583 2065 3¹10
628 2033 801 2075 Tempore,
824 2032 1020 2075 multiplices
1044 2031 1230 2074 studuitque
1253 2031 1364 2063 levare
1387 2030 1527 2062 labores.

628 2084 715 2116 Dum
739 2086 849 2115 tamen
870 2083 925 2115 ille
948 2083 1003 2126 pio
1027 2083 1189 2115 frueretur
1212 2083 1349 2115 caelitus
1371 2085 1446 2114 actu

630 2136 739 2179 Atque
761 2136 874 2178 polum
896 2135 1026 2177 iugibus
1050 2137 1184 2178 cuperet
1208 2134 1428 2166 conscendere
1452 2135 1535 2167 votis

631 2189 718 2220 Alba
740 2188 829 2220 velut
851 2187 989 2229 geminis
1012 2187 1072 2219 alis
1094 2187 1206 2218 innixa
1229 2187 1390 2228 columba,

630 2240 748 2283 Aequa
769 2240 954 2282 repulsores
977 2249 1042 2270 non
1066 2238 1190 2270 distulit
1213 2239 1293 2270 ultio
1321 2238 1425 2270 dictos

546 2306 583 2325 ³⁷⁵
628 2293 692 2324 Pro
715 2293 838 2324 meritis
860 2292 1000 2334 pulsare,
1025 2291 1112 2323 feros
1135 2302 1173 2323 ac
1196 2291 1295 2333 digna
1321 2290 1503 2333 rependens

631 2344 742 2376 Caede
766 2344 862 2376 ferire
885 2344 980 2384 viros,
1004 2343 1152 2386 gerulum
1176 2345 1384 2375 contemnere
1407 2343 1494 2374 vitae

631 2396 693 2432 Qui
715 2396 848 2428 voluere
871 2396 985 2438 magis,
1009 2395 1152 2427 habilem
1176 2405 1273 2438 quam
1295 2394 1434 2426 reddere
1456 2394 1624 2434 honorem,

631 2448 740 2480 Pressi
761 2447 959 2479 multimodis
981 2450 1017 2479 ut
1039 2450 1173 2489 possent
1196 2448 1277 2479 scire
1299 2447 1447 2489 flagellis,

632 2500 738 2536 Quam
761 2510 854 2532 carus
878 2499 1006 2531 Christo
1030 2500 1137 2539 fuerit,
1162 2499 1216 2542 qui
1239 2501 1366 2541 spretus
1389 2498 1519 2530 abisset.

549 2564 588 2583 aso
633 2551 737 2593 Plaga
760 2551 882 2582 etenim
905 2551 997 2582 caelo
1021 2551 1156 2582 veniens
1179 2553 1213 2582 et
1234 2553 1323 2582 terra
1345 2550 1505 2581 resultans

369 2689 418 2715 337
438 2690 615 2722 aethimoligia
628 2689 651 2713 A
739 2687 791 2714 345
810 2690 933 2715 acci-sinit
950 2689 973 2714 V
1062 2688 1112 2714 357
1132 2689 1260 2714 Reiiciunt
1274 2688 1328 2713 ΑΚ
1385 2691 1572 2721 contempnunt
1589 2688 1623 2719 (et
1638 2688 1698 2713 hinc
1715 2687 1830 2720 saepius)
1844 2686 1924 2713 AVB

270 2732 322 2758 363
340 2733 422 2758 calolo
434 2733 459 2757 B
546 2732 598 2758 366
615 2741 674 2758 cum
694 2733 784 2765 pulsus
801 2733 829 2757 in
847 2733 996 2766 compulsus
1013 2741 1082 2758 corr.
1095 2732 1120 2757 A
1207 2730 1259 2757 369
1277 2732 1323 2756 illa
1335 2731 1360 2756 B
1445 2730 1497 2756 379
1514 2731 1630 2757 habisset
1647 2740 1715 2768 corr.
1727 2730 1753 2756 A

372 2807 425 2834 360
445 2808 543 2835 Matth.
566 2809 605 2842 10,
621 2809 653 2834 14
672 2811 718 2835 etc.
