2040 2996
234 109 292 139 140

230 2671 261 2696 ll
279 2670 374 2704 *igitur
392 2673 416 2697 T

228 2761 270 2782 tus
288 2757 311 2781 T

571 252 595 270 10

569 829 595 847 20

569 1437 594 1455 30

569 1731 593 1749 35

569 2021 595 2039 40

825 102 935 131 PAULI
954 101 1088 131 ALBARI
1107 100 1283 130 CARMINA.

649 191 796 225 Bellator
817 193 937 225 domini
961 192 1060 225 verbo
1084 192 1259 234 potentior,

648 245 807 277 Doctrina
829 246 960 288 pariter,
983 245 1047 276 fine
1072 244 1241 282 celebrior,

651 296 772 328 Christi
797 297 843 328 sic
867 297 986 339 iugiter
1008 297 1113 338 gloria
1136 296 1286 338 cingitur,

651 347 697 380 Ut
720 349 841 391 florens
864 349 974 391 vigeat
997 349 1049 380 hic
1073 351 1106 380 et
1128 348 1161 379 in
1185 347 1309 379 ethere.

649 428 694 461 At
716 440 801 461 nunc
824 430 877 462 hic
901 430 1028 461 animus
1052 439 1171 471 magna
1195 428 1365 460 revolvere

650 481 868 524 Splendenter
891 482 1001 519 anelat
1021 481 1169 513 balsama
1192 479 1316 522 fulgide

649 532 799 565 Gliscens
824 534 959 575 egregia
982 533 1135 575 clangere
1158 533 1271 570 livere,

649 584 695 616 Ut
719 585 823 616 dulcis
848 588 960 617 revoet
982 585 1107 617 musica
1129 585 1305 616 flammine.

648 666 770 699 Rector
794 667 870 699 dum
893 668 1033 710 populos
1057 667 1150 699 docte
1173 666 1332 703 reficeret,

650 718 787 761 Gipsum
811 729 887 761 qum
910 719 1044 752 doceret
1066 719 1222 751 fracmine
1246 717 1394 760 perdere.

648 771 791 803 Turbam
813 771 984 815 multiplici
1007 772 1154 814 germine
1178 773 1323 803 lauream

648 822 770 855 Oelesti
792 824 888 855 rutilo
911 824 1042 866 agmine
1065 824 1226 867 provehit.

648 898 750 936 Ustus
773 906 820 937 sic
845 905 966 937 domini
990 906 1060 938 zelo
1083 905 1228 937 fidelium

650 956 854 989 Convertens
878 957 995 989 fluidos
1018 968 1110 990 more
1133 957 1314 995 revelHum,

648 1008 845 1041 Adsciscens
870 1009 998 1051 opibus,
1021 1020 1157 1041 munere
1180 1009 1290 1047 novili,

648 1060 842 1092 Abstractos
865 1061 997 1093 baratro
1022 1061 1177 1093 sublimat
1200 1061 1345 1093 aethere.

647 1139 713 1174 Sed
736 1142 800 1174 iam
824 1153 897 1174 cum
921 1142 1046 1175 meritis
1070 1142 1170 1184 digna
1191 1141 1373 1184 rependere

649 1193 798 1225 Christus
823 1195 1048 1237 cunctipotens
1072 1197 1172 1234 recte,
1195 1194 1404 1233 Leocritiam,

647 1245 769 1286 Vellet,
793 1257 869 1279 mox
891 1246 1034 1289 lepidam
1058 1247 1219 1288 virginem
1244 1246 1372 1285 extulit,

647 1297 740 1334 Quae
764 1299 886 1330 clarum
910 1298 1068 1330 famulum
1092 1309 1155 1331 axe
1179 1299 1381 1332 reconderet.

647 1378 740 1411 Tunc
764 1380 873 1411 celsus
898 1381 1029 1412 solitum
1051 1380 1114 1412 rite
1138 1380 1297 1412 solacium

646 1431 804 1464 Prestans
828 1435 862 1464 et
884 1432 1051 1475 placidum
1075 1435 1180 1464 comte
1204 1431 1395 1471 remedium,

650 1485 783 1517 Cultum
808 1496 885 1517 mox
908 1484 985 1517 fidei
1008 1485 1161 1527 dogmate
1184 1484 1313 1527 ingerit,

647 1537 849 1578 Adversans,
873 1537 1017 1579 populis,
1038 1537 1125 1569 iusta
1147 1536 1292 1568 revelli0.

647 1619 823 1662 Extemplo
846 1629 1029 1662 preconaus
1052 1618 1153 1662 predo
1178 1618 1356 1661 peranxius

649 1671 831 1703 Conturbat
854 1671 1012 1714 patriam:
1035 1671 1169 1702 iussuve
1193 1670 1338 1713 plevium

646 1723 712 1755 Per
735 1726 869 1755 cunctas
892 1723 1021 1766 plateas
1044 1723 1142 1765 longe
1164 1722 1351 1762 revolvitur,

649 1775 744 1812 Quod
767 1776 922 1818 princeps
945 1774 1076 1807 ravidus
1101 1775 1228 1807 excitus
1252 1774 1400 1817 imperat.

648 1857 858 1900 Regnantem
880 1857 1039 1889 tumidum
1061 1857 1187 1900 respuit
1210 1856 1323 1888 inclita

649 1909 793 1942 Gelestis
817 1910 931 1941 famuli
954 1920 1047 1941 mens
1071 1909 1131 1941 deo
1154 1909 1298 1952 predita;

649 1961 797 1993 Tandem
819 1961 970 2004 precipiti
993 1960 1093 1992 ductu
1114 1960 1251 1992 notavili

650 2013 861 2056 Conprensus
886 2013 994 2045 sonuit
1017 2023 1093 2045 mox
1117 2022 1245 2055 quoque
1268 2012 1370 2044 libere

648 2095 790 2128 obtans:
816 2095 855 2127 ‘O
879 2105 1044 2138 proceres,
1067 2094 1202 2126 temnite
1227 2093 1373 2137 impium,

650 2149 815 2180 Christum
838 2148 1031 2180 aethereum
1055 2146 1179 2180 credite
1202 2147 1398 2190 principem;

649 2201 770 2233 Vatem
793 2199 982 2243 inpudicum
1005 2201 1096 2231 recte
1119 2198 1280 2241 repellite,

648 2252 713 2289 Qui
735 2255 843 2285 tantos
866 2252 1004 2295 populos
1027 2251 1096 2294 igni
1120 2249 1322 2283 recondidit’.

647 2334 805 2368 Gaudens
828 2334 911 2366 haec
934 2336 1069 2366 resonat
1093 2332 1232 2364 culmine
1255 2324 1383 2364 naviter

648 2388 718 2419 Nec
741 2397 808 2418 non
832 2388 865 2418 et
887 2386 953 2417 alia
976 2387 1135 2428 questave
1157 2384 1270 2422 fortia;

648 2439 746 2471 Hunc
769 2437 926 2470 mandant
948 2437 1058 2479 gladio
1079 2436 1202 2468 vertice
1226 2435 1374 2476 tundere,

650 2491 700 2523 Ne
725 2493 838 2522 sancta
861 2489 970 2521 valeat
991 2488 1088 2520 turba
1110 2488 1270 2531 recipere.

333 2629 419 2655 9—12
442 2635 501 2663 pos!
525 2630 636 2656 13—1G
663 2631 771 2656 editores
795 2630 966 2655 Mnralesium
991 2630 1069 2655 secuti
1096 2634 1322 2663 tramposuerum,
1351 2639 1407 2656 cum
1426 2631 1586 2664 parasrlchis
1606 2632 1764 2665 incomperta
1787 2631 1882 2656 iaceret

500 2673 531 2698 12
549 2674 590 2698 hic
609 2673 642 2705 ct]
656 2675 716 2699 licet
730 2674 826 2699 M'oral.

395 2757 430 2783 40
447 2758 655 2792 *conprehensus
672 2759 697 2783 Τ
745 2768 855 2792 moxque
872 2760 952 2785 livere
970 2768 1037 2785 corr.
1055 2759 1079 2784 T

915 2672 948 2698 13
961 2674 994 2698 At
1007 2673 1101 2698 Schou.
1114 2678 1137 2698 et
1152 2673 1306 2698 Lorenzana
1315 2682 1345 2698 ez
1363 2673 1397 2707 T]
1415 2675 1452 2699 Te
1466 2674 1568 2699 Etnalzl.
1581 2683 1612 2699 ea:
1630 2675 1655 2699 T

229 2714 326 2740 Aloral.
338 2716 364 2740 in
377 2716 468 2741 schol..-
484 2716 528 2740 ‘In
544 2717 654 2748 antiquis
667 2717 739 2741 libris
752 2717 788 2741 ml
800 2717 867 2742 hunc
878 2717 982 2742 modum
999 2717 1142 2749 legebatur:
1163 2718 1276 2750 Gypsam
1292 2726 1372 2750 quum
1387 2718 1410 2742 tl.
1424 2718 1548 2750 fragmine
1562 2717 1678 2751 prodere'

1739 2674 1771 2700 18
1783 2677 1844 2707 qum
1862 2674 1887 2698 T

1754 2716 1788 2743 36
1798 2718 1881 2742 exsci-
