2060 3074
16 2727 21 2737 ..
0 2597 17 2695 *⁸⁸⁵³*
17 2562 23 2570 ,,

748 135 946 164 EPICEDIUM
965 137 1228 166 HATHUMODAE.
1750 145 1811 175 379

526 221 598 254 Has
620 222 704 254 inter
727 223 826 254 micat
848 224 934 255 alma
959 225 1025 256 suis
1050 225 1254 258 Machabaea
1276 227 1412 269 tropeis,

569 273 697 306 Nobilis
721 273 754 306 iu
778 285 863 311 sese,
888 275 1004 307 nobilis
1027 277 1060 308 in
1084 277 1210 309 sobole.

528 325 594 358 Sed
617 325 692 367 quid
715 326 786 357 sola
809 326 864 358 diu
887 331 1034 359 veterum
1059 332 1270 361 monumenta
1294 333 1408 362 retexo

570 376 639 409 Nec
662 388 735 409 cum
759 378 810 409 his
832 389 898 410 una
921 382 954 410 et
977 390 1062 411 nova
1084 390 1300 413 commemoro
1310 385 1323 412 ’ἐ

453 442 490 460 ³0⁵
527 429 724 461 Praecursor
746 429 867 461 domini
891 434 1022 462 sanctus
1046 431 1190 474 baptista
1212 432 1388 471 Iohannes,

572 479 633 511 Cui
656 481 764 512 nullus
787 481 894 514 fuerat
916 483 1028 519 maior,
1052 483 1104 514 hic
1128 483 1306 521 occiderat;

529 532 656 575 Corpus
679 532 829 573 Sebaste,
854 538 952 576 caput
975 534 1180 567 Alexandria
1202 540 1352 568 sanctum

573 583 654 616 Cum
678 583 780 616 Marci
804 586 906 617 sacris
931 587 1076 618 continet
1101 587 1239 619 exuviis.

527 635 655 667 Primos
678 636 837 668 ecclesiae
862 647 1025 679 proceres,
1050 637 1113 669 duo
1138 639 1261 670 lumina
1284 639 1407 672 mundi.

454 700 492 719 ³10
571 687 704 719 Petrum
727 698 801 719 cum
823 688 927 720 Paulo
951 689 1054 721 Roma
1078 694 1170 721 tenet
1194 691 1320 722 merito.

529 738 694 770 Andream
717 739 814 771 simul
837 743 870 771 et
893 740 1027 779 Lucam,
1052 752 1188 784 quorum
1213 743 1308 774 modo
1332 744 1434 786 pollet

572 790 871 834 Constantinopolis
895 793 1083 835 corporibus
1107 794 1228 832 nitidis,

530 842 634 874 Istum
658 842 801 875 Bithinia
824 843 939 886 Syriae
963 845 1129 887 provincia
1153 847 1250 880 misit.

572 894 668 927 Illum
692 895 831 928 fecunda
854 897 992 928 contulit
1015 897 1153 930 Achaia.

454 958 491 977 ³1⁵
529 945 718 982 Iohannem,
741 957 839 989 quem
863 949 909 979 sic
932 947 1092 987 dominus,
1116 949 1326 992 quoadusque
1351 951 1489 986 veniret,

572 997 761 1030 Mansurum
786 999 880 1034 dixit,
904 999 1057 1042 Ephesus
1081 1001 1167 1032 alma
1191 1002 1278 1034 colit.

530 1049 653 1082 Ambos
677 1061 751 1082 cum
775 1050 941 1093 Stephano
966 1051 1103 1084 Iacobos
1128 1052 1252 1085 Iudaea
1275 1057 1427 1091 retentat,

574 1101 714 1134 Summis
740 1103 966 1135 stemmatibus
990 1105 1062 1147 ipsa
1085 1105 1182 1136 beata
1204 1106 1319 1138 tribus.

530 1153 647 1186 Inclita
669 1154 856 1197 Hierapolis
880 1156 1023 1198 praefert
1045 1167 1138 1188 sacra
1161 1157 1308 1189 membra
1330 1157 1473 1200 Philippi

455 1216 494 1236 προ
572 1205 616 1237 Et
638 1210 713 1238 sunt
735 1206 889 1239 Mathaeo
914 1208 1096 1251 Aethiopes
1121 1209 1226 1241 nitidi.

531 1256 689 1290 Thomam
715 1257 832 1291 Edisse
855 1262 955 1299 tenet,
980 1260 1080 1292 habet
1102 1260 1196 1292 India
1220 1261 1525 1294 Bai-tholomaeum:

573 1308 710 1341 Persida.
733 1313 797 1341 stat
820 1309 922 1342 Iudae
946 1314 980 1342 et
1003 1311 1145 1343 Simonis
1169 1312 1289 1344 cinere.

531 1359 672 1392 Mathias
696 1365 728 1392 et
753 1361 933 1399 Barnabas,
958 1363 1160 1403 Timotheus,
1186 1364 1315 1407 Apollo,

575 1412 735 1453 Silvanus,
761 1413 866 1453 Titus,
891 1414 1101 1458 Theophilus,
1126 1415 1239 1455 Gaius,

456 1475 494 1495 ηε,
531 1462 660 1507 Ioseph,
686 1463 859 1503 Gamaliel,
883 1465 1083 1499 Nicodemus
1107 1471 1140 1499 et
1163 1467 1347 1500 Nathanael

574 1514 756 1549 Decessere
781 1517 841 1549 viri
865 1518 1044 1560 quamlibet
1067 1519 1191 1551 eximii.

532 1567 682 1610 Longum
705 1579 838 1611 prorsus
862 1570 933 1609 crit,
958 1571 986 1602 si
1009 1574 1143 1602 cunctos
1167 1570 1307 1613 denique
1331 1574 1463 1603 sanctos

575 1618 640 1651 Per
662 1619 818 1652 mundum
842 1621 975 1653 metrico
999 1626 1144 1664 exequat·
1167 1632 1242 1654 ecce
1267 1622 1350 1661 stilo,

534 1671 569 1702 Si
592 1671 687 1703 simul
711 1675 745 1703 et
768 1672 895 1704 turbam
920 1673 1014 1706 modo
1038 1684 1223 1716 percurram
1246 1675 1430 1714 mulierum,

458 1734 497 1755 ιω
575 1721 665 1759 Quas
689 1726 780 1756 tenet
804 1724 835 1756 in
860 1725 961 1757 sacris
986 1725 1119 1758 scedula
1143 1729 1256 1758 sancta
1280 1726 1381 1759 libris.

531 1773 628 1806 Anna
650 1775 868 1818 prophetissa,
892 1776 1076 1816 Elizabeth,
1101 1777 1262 1818 Susanna,
1286 1778 1434 1811 Iohanne

575 1825 769 1869 Marthaque
793 1838 866 1859 cum
889 1829 989 1861 ternis
1013 1829 1167 1861 occubuit
1190 1829 1311 1862 Mariis.

533 1877 610 1921 Ipsa
633 1878 721 1910 salus
744 1879 831 1911 orbis
854 1883 888 1911 et
911 1881 978 1912 vita
999 1891 1058 1923 per
1080 1882 1188 1913 omnia
1211 1880 1373 1919 Christus,

575 1929 651 1972 Ipse
675 1930 763 1963 subit
786 1935 933 1966 mortem,
956 1932 1027 1975 ipse
1051 1935 1143 1965 tenet
1166 1933 1337 1966 tumulum.

458 1994 496 2013 ³³⁵
533 1981 611 2024 Ipsa
633 1981 687 2015 dei
710 1983 852 2025 genitrix
874 1994 1004 2026 semper
1027 1995 1120 2016 sacra
1143 1985 1234 2027 virgo
1257 1985 1361 2017 Maria

575 2032 756 2076 Assumpta
778 2034 936 2067 aetherea
958 2035 1071 2068 incolit
1094 2036 1180 2068 alma
1203 2036 1285 2069 loca.

273 2225 324 2251 319
351 2226 444 2259 profert
476 2223 587 2251 Homer
614 2227 662 2259 εἰν.
694 2226 765 2251 Fon.
798 2227 823 2251 C.
863 2225 940 2257 VIII,
961 2226 986 2257 3,
1012 2226 1060 2251 lz'u'i
1089 2227 1219 2259 egregium
1251 2227 1379 2252 Albanum
1410 2227 1518 2252 fecunda
1549 2227 1680 2252 Britannia
1712 2228 1815 2260 profert.

171 2267 223 2294 323
241 2269 341 2302 appollo
359 2268 384 2294 B
486 2268 538 2294 336
556 2270 653 2295 etheria
672 2269 701 2294 B.

274 2371 325 2398 ³03
344 2370 467 2397 amam.
479 2370 552 2397 laud.
571 2371 633 2405 viro.
651 2371 703 2398 429
715 2371 768 2398 Sed
788 2371 891 2406 priscos
904 2372 1015 2398 tantum
1035 2380 1082 2398 cur
1101 2372 1193 2405 patres
1212 2370 1318 2405 pagina
1335 2371 1436 2405 prodat
1449 2370 1577 2405 Limpida
1589 2379 1658 2404 quos
1671 2371 1814 2398 celebrant

172 2424 295 2450 veterum
318 2425 498 2450 monumenta
520 2422 651 2450 librorum
669 2430 719 2456 eqs.
831 2423 882 2450 305
905 2431 942 2456 sq.
967 2422 1084 2449 Fortun.
1105 2422 1132 2449 (ἵ.
1152 2421 1205 2455 ΙΧ,
1219 2423 1243 2454 2,
1257 2422 1289 2448 37
1313 2421 1422 2449 Semine
1446 2422 1482 2448 ab
1508 2422 1629 2450 humano
1655 2422 1700 2450 cui
1722 2423 1816 2450 nullus

171 2474 260 2502 maior
277 2474 402 2506 habetur,
422 2474 471 2501 Vir
488 2474 614 2509 baptista
631 2477 730 2509 potens
742 2474 801 2510 ipse
814 2474 951 2501 Iohannes
970 2473 1036 2501 obit.
1105 2474 1155 2500 307
1174 2474 1225 2506 cfr.
1240 2473 1397 2508 Hieronymi
1409 2476 1535 2500 onomast.
1547 2473 1584 2501 ed.
1601 2474 1634 2500 P.
1647 2473 1679 2500 de
1691 2474 1815 2508 Laqartle

172 2526 203 2552 in
221 2525 356 2553 Ononmst.
378 2533 444 2553 sacr.
463 2534 490 2560 p.
511 2526 622 2559 150‚29.
730 2527 781 2553 309
804 2526 909 2553 lumina.
932 2525 1028 2552 mundi
1051 2525 1110 2558 (cfr.
1131 2525 1178 2551 Ge.
1194 2525 1216 2558 I,
1229 2526 1256 2559 5)
1278 2525 1429 2559 saqn'ssime
1452 2525 1621 2559 amalaricum·
1642 2525 1670 2552 hi
1694 2526 1813 2560 apostoli.

172 2578 224 2605 312
245 2577 295 2611 cfr.
319 2577 474 2612 Hieromus.
495 2577 526 2604 de
549 2578 597 2604 vir.
621 2578 658 2604 iu.
683 2578 706 2604 7.
813 2578 865 2605 313
889 2577 984 2604 Nescio
1006 2585 1060 2610 qua
1083 2576 1116 2602 de
1141 2584 1226 2603 causa
1249 2576 1402 2603 Bithiniam
1424 2576 1583 2603 Antiochiae
1613 2577 1666 2604 loco
1691 2578 1816 2611 poeumt.

173 2630 224 2657 314
242 2630 292 2662 cfr.
313 2628 430 2657 Forum.
454 2629 534 2663 VIII,
545 2630 571 2663 3,
592 2630 648 2657 142.
736 2631 787 2657 315
805 2638 841 2663 sq.
862 2629 958 2656 Mamn.
979 2630 1019 2662 16,
1033 2629 1067 2655 28
1085 2631 1146 2660 ete.;
1164 2628 1281 2656 Fortun.
1307 2629 1391 2661 VIII,
1405 2629 1430 2662 3,
1444 2629 1501 2656 143.
1575 2629 1625 2655 317
1643 2637 1680 2662 εᾳ.
1699 2629 1816 2657 Fortun.

173 2681 207 2708 ὦ.
227 2681 286 2709 144.
366 2682 417 2708 319
436 2680 552 2708 Fortun.
570 2681 605 2708 ib.
625 2682 681 2708 145.
763 2682 816 2708 320
833 2682 883 2714 cfr.
902 2689 988 2715 supra
1003 2689 1030 2714 p.
1049 2681 1108 2707 371.
1189 2681 1237 2707 321
1259 2680 1374 2707 Fortun.
1394 2680 1426 2707 ὦ.
1446 2680 1496 2706 146
1513 2688 1550 2714 sq.
1629 2681 1680 2707 322
1701 2680 1816 2709 Fortun.

174 2733 208 2761 ib.
227 2733 284 2760 149.
395 2733 447 2760 333
467 2733 516 2765 cfr.
541 2732 614 2760 For-t.
634 2733 691 2766 lx,
703 2734 728 2766 2,
741 2734 782 2760 41.
887 2733 937 2760 335
958 2731 1033 2759 Fon.
1059 2731 1140 2764 VIII,
1153 2732 1177 2764 3,
1191 2732 1224 2758 25
1248 2731 1314 2758 Inde
1338 2731 1382 2758 (lei
1405 2731 1532 2765 genetrix
1558 2731 1605 2766 pia
1629 2731 1707 2767 virgo
1726 2733 1814 2759 Maria

175 2786 310 2812 coruscat.

1565 2830 1614 2856 48·
