2060 3074
735 223 782 250 DE
799 223 1029 251 SOBRIETATE
1049 223 1156 250 LIBER
1170 223 1190 250 Ι.
1724 223 1787 255 643

507 310 650 353 Tempus
673 309 766 342 adest
788 321 928 353 pugnae,
951 311 1075 353 geritur
1096 311 1259 343 luctamen
1281 311 1410 352 agonis;

506 362 569 400 Qui
592 363 738 395 stimulos
760 365 856 394 acuat
878 362 982 403 nobis,
1005 363 1098 394 faber
1121 363 1223 395 omnis
1245 363 1389 395 abactus.

505 415 550 447 Ut
571 415 710 457 legimus
732 418 860 457 gestum
883 418 1041 457 regnante
1065 414 1164 446 Saule
1186 415 1334 458 profano,

504 466 676 498 Israhelita
697 467 779 498 latet
801 466 951 499 vitiorum
973 466 1119 498 conditus
1142 467 1240 498 antris

423 530 462 550 92⁵
506 518 609 561 Inque
633 518 812 550 tenebrosis
835 519 960 561 impuro
985 518 1082 550 corde
1106 519 1261 551 cavernis.

505 570 620 611 Rarus,
644 571 698 613 qui
720 573 828 613 reptet
850 570 997 602 manibus
1020 570 1232 613 pedibusque,
1254 571 1418 612 Ionathes,

506 620 727 664 Horteturque
750 633 808 654 suo
831 621 975 654 rediviva
997 621 1039 654 ad
1062 623 1195 654 classica
1217 623 1304 663 flatu,

505 672 643 705 Gorruat
664 674 838 716 allophilus
860 674 950 706 cuius
972 685 1124 706 mucrone
1148 677 1291 714 necatus,

504 725 613 757 Ducat
636 728 669 757 et
692 725 833 758 audaces
854 726 983 758 inimica
1005 736 1065 768 per
1087 726 1216 768 agmina
1240 730 1361 758 turmas

422 789 461 809 πο
504 777 621 808 Vibret
644 780 677 808 et
699 776 853 808 ardentes
875 777 1014 809 adversa
1035 778 1068 809 in
1090 781 1224 820 pectora
1247 781 1370 819 contos,

504 828 639 861 Liberet
660 828 845 869 Hebraeos,
869 829 993 860 animas
1015 832 1206 872 mentesque
1229 829 1354 870 fideles,

505 880 657 922 Armiger
679 881 858 924 anticipans
881 880 979 913 divini
1002 881 1125 924 spicula
1148 881 1239 913 verbi

505 932 669 975 Suggerat
692 935 726 965 et
747 933 845 964 iaciat
868 933 1006 965 curvatis
1028 933 1167 965 arcubus
1188 933 1279 965 ictus.

505 983 642 1027 Spiritus
664 983 840 1016 adveniens
863 985 1024 1016 fervorem
1047 985 1194 1016 sensibus
1216 985 1316 1024 indat,

422 1049 462 1069 ⁹³⁵
505 1036 550 1068 Ut
572 1046 685 1068 versus
707 1035 833 1078 gladius
856 1036 961 1068 vitalis
983 1039 1118 1079 pectora
1141 1037 1273 1068 fratrum

504 1087 654 1120 Perforet
678 1086 830 1119 excindat
852 1090 1019 1130 percurrat
1042 1090 1187 1119 transeat
1207 1089 1315 1127 intret,

504 1139 550 1171 Ut
572 1139 694 1171 bellum
716 1142 870 1182 reparent
891 1149 998 1182 neque
1022 1139 1140 1171 collum
1163 1139 1222 1171 sub
1246 1139 1322 1181 iuga
1345 1142 1492 1173 curvent:

505 1190 634 1234 Quippe
658 1194 752 1233 rogat
770 1188 899 1223 ‘curvari
921 1191 1054 1232 animas,
1077 1194 1113 1223 ut
1135 1194 1290 1232 transeat,
1312 1191 1422 1223 hostis.

504 1242 564 1274 Est
586 1253 677 1285 opus,
701 1245 736 1274 ut
758 1243 875 1286 spretis
898 1243 983 1275 vitiis
1005 1243 1176 1275 virtutibus
1198 1243 1291 1275 almis

423 1307 463 1326 ⁹4⁰
506 1294 676 1335 Ornemur,
701 1305 764 1337 quo
787 1298 897 1327 noster
918 1295 1021 1327 honos
1042 1295 1236 1337 habitusque
1259 1295 1406 1327 nitescat.

506 1347 555 1379 Sit
578 1347 719 1379 candens
741 1347 872 1390 poderis
894 1348 1002 1388 vestis,
1026 1348 1173 1390 polimita
1195 1348 1305 1379 talaris

505 1400 710 1432 Multicolora
730 1400 829 1432 micet
851 1399 1013 1442 haedique
1037 1400 1070 1432 in
1091 1400 1248 1442 sanguine
1272 1400 1384 1432 tincta:

504 1451 601 1484 Actio
624 1452 666 1483 sit
687 1462 779 1484 sacro
802 1451 921 1484 Christi
943 1451 1094 1484 redimita
1116 1463 1245 1488 cruore;

504 1503 633 1535 Vestiat
658 1504 740 1536 haec
762 1503 876 1545 nudos,
900 1504 982 1536 haec
1003 1505 1100 1536 finem
1123 1507 1269 1547 praestet
1289 1504 1471 1536 honestum.

423 1569 461 1588 us
506 1555 568 1592 Qui
592 1558 690 1598 caput
712 1558 763 1588 est
784 1559 938 1596 nostrum,
962 1556 1054 1588 limes
1077 1557 1118 1588 sit
1140 1559 1174 1588 et
1195 1557 1265 1599 ipse
1287 1567 1422 1589 necesse
1446 1559 1509 1588 est:

506 1608 644 1650 Incipiat
666 1608 764 1640 faciat
786 1611 989 1640 consummet
1011 1609 1238 1651 suscipiatque.

506 1659 569 1695 Qui
592 1659 741 1692 zabulum
765 1659 841 1691 vicit
863 1659 1001 1698 hostem,
1025 1660 1079 1702 qui
1101 1661 1215 1692 stravit
1236 1660 1390 1703 iniquum,

505 1711 644 1743 Auferat
667 1721 687 1742 a
709 1711 802 1743 nobis
824 1710 1024 1743 dominatum
1047 1712 1116 1743 iure
1140 1712 1276 1754 tyranni,

505 1763 701 1806 Servitiique
724 1763 835 1806 iugum
858 1767 1024 1796 crescente
1048 1767 1214 1807 putrescat
1236 1764 1331 1796 olivo.

423 1828 462 1848 sse
505 1815 644 1847 Nomine
667 1815 795 1857 signati,
818 1815 903 1847 illius
926 1826 1055 1858 quoque
1077 1819 1182 1847 morte
1205 1815 1365 1858 redempti

504 1867 578 1899 Non
599 1867 665 1899 iam
686 1867 787 1899 nostri
810 1867 940 1907 erimus,
963 1867 1022 1899 sed
1044 1867 1090 1899 sic
1112 1870 1281 1899 teneamur
1303 1867 1345 1899 ab
1368 1868 1434 1908 illo,

504 1919 647 1951 Ulterius
668 1918 753 1950 hosti
776 1929 816 1951 ne
840 1919 904 1951 iam
927 1918 1103 1951 subdamur
1124 1919 1254 1950 acerbo.

504 1971 550 2003 Ut
571 1974 680 2002 tamen
703 1970 789 2002 unde
812 1981 902 2002 meus
925 1971 1034 2014 coepit
1055 1971 1119 2002 iam
1142 1981 1249 2002 sermo
1272 1975 1417 2003 recurrat

502 2022 557 2055 Ad
579 2026 622 2064 te,
646 2023 804 2055 sobrietas
828 2026 896 2055 toto
920 2022 1091 2055 laudabilis
1114 2033 1206 2062 aevo,

247 2169 297 2196 921
316 2179 386 2205 ρης
398 2172 423 2197 A
509 2170 560 2197 927
579 2172 752 2203 Boutoturqno
765 2170 790 2196 A
880 2170 932 2196 953
947 2170 1037 2203 ωσι-ρει
1049 2170 1073 2195 L

249 2246 301 2274 922
330 2246 550 2274 hasdo-Melita
577 2247 684 2281 (Spica
715 2247 821 2274 Solesm
851 2247 888 2273 II
903 2247 968 2280 296)
994 2246 1065 2273 fabri
1097 2246 1316 2281 praedicatores:
1346 2250 1437 2281 ‘porro
1466 2247 1544 2274 faber
1570 2247 1699 2274 ferrarius
1730 2257 1786 2274 non

142 2298 340 2326 inveniebatur
357 2299 386 2326 in
406 2299 499 2326 Israel'
517 2301 541 2339 (¹
558 2299 620 2333 Ray.
640 2301 680 2332 13,
695 2295 747 2332 19).
817 2299 955 2326 923-933
975 2299 987 2325 1
1004 2298 1069 2332 Rea.
1090 2298 1130 2329 14,
1145 2299 1175 2325 11
1200 2302 1242 2324 ‘en
1262 2297 1381 2325 Hebraei
1401 2298 1583 2332 egrediuntur
1600 2299 1635 2326 de
1653 2299 1786 2331 cavernis,

141 2349 244 2384 quibus
272 2350 429 2378 absconditi
456 2351 584 2379 fuerant'.
621 2352 654 2378 12
671 2371 696 2377 ..
723 2352 752 2378 et
780 2350 822 2377 ait
847 2350 980 2377 Ionathas
1002 2350 1038 2376 ad
1063 2350 1230 2384 armigerum
1255 2358 1335 2376 suum
1361 2350 1561 2382 ‘ascendamuffi
1589 2359 1703 2384 sequere
1730 2360 1786 2378 me:

142 2402 261 2430 tradidit
277 2403 350 2430 enim
369 2403 497 2431 dominns
515 2412 562 2431 eos
579 2403 609 2430 in
627 2412 727 2430 manus
746 2403 846 2430 lsrael'.
880 2404 911 2429 13
929 2402 1055 2430 ascendit
1074 2404 1170 2428 autem
1191 2402 1324 2428 lonathas
1344 2402 1486 2434 (Ionathes
1504 2402 1578 2436 apud
1596 2403 1786 2437 Hegesippum)

141 2454 274 2481 manibus
298 2456 327 2482 et
347 2455 465 2490 pedibus
488 2458 602 2490 reptans
623 2459 652 2482 et
670 2455 791 2490 armiger
814 2455 873 2481 eius
898 2459 962 2489 post
983 2463 1053 2481 eum.
1090 2454 1186 2488 itaque
1210 2453 1260 2480 alii
1284 2453 1423 2480 cadebant
1445 2455 1511 2480 ante
1534 2454 1693 2486 Ionatham,
1716 2455 1786 2481 alios

141 2506 264 2541 armiger
281 2507 475 2535 interficiebat.
510 2509 545 2535 22
562 2516 657 2535 omnes
675 2516 786 2542 qnoque
805 2506 962 2538 Israelitae,
985 2506 1034 2540 qni
1052 2515 1082 2532 se
1099 2506 1303 2532 absconderant
1321 2529 1327 2534 .
1338 2527 1344 2532 .
1355 2526 1361 2537 ,
1380 2505 1538 2536 audientes.
1557 2506 1632 2540 quod
1651 2506 1787 2540 fugissent

142 2558 326 2591 Phili-timi,
351 2559 529 2587 sociaverunt
546 2568 575 2587 se
593 2569 655 2586 cum
674 2559 731 2586 suis
749 2559 778 2585 in
797 2558 911 2593 proelio.
1000 2558 1051 2584 935
1073 2557 1143 2591 Eph.
1162 2557 1232 2589 6,17
1258 2557 1412 2591 (assumite)
1434 2557 1560 2591 gladium
1583 2557 1711 2592 spiritus;
1735 2559 1786 2591 cfr.

142 2609 271 2637 Hmbam·
282 2611 430 2645 mmor-ias
445 2611 552 2645 (Miqnc
566 2612 624 2643 112,
636 2611 708 2644 940).
777 2610 915 2637 940—944
934 2609 1031 2636 Isidor.
1046 2612 1147 2643 quaest.
1160 2610 1192 2636 in
1209 2612 1254 2636 vd.
1267 2612 1412 2636 certamem.
1427 2610 1492 2636 Gen.
1505 2610 1539 2636 30
1557 2610 1662 2644 (Miync
1673 2611 1787 2644 83,272)

143 2661 322 2690 nudaverunt
334 2663 433 2698 Ioseph
452 2663 551 2690 fratres
569 2663 612 2690 sui
631 2662 726 2690 tunica
745 2661 881 2696 polymita
894 2663 923 2688 et
941 2661 1023 2688 talari
1042 2661 1123 2694 (Gen.
1136 2661 1178 2694 37,
1190 2662 1222 2693 35
1237 2662 1284 2694 31)
1302 2662 1331 2687 et
1341 2661 1438 2688 Iudaei
1451 2661 1590 2688 Christum
1609 2669 1658 2696 per
1669 2663 1787 2688 mortem

142 2713 233 2740 crucis
252 2713 466 2748 expoliaverunt
483 2714 579 2741 tunica
598 2713 733 2748 corporali
753 2735 758 2740 .
779 2713 943 2748 polymitam
963 2714 1072 2743 autem.
1090 2712 1107 2738 i.
1127 2712 1284 2739 decoratam
1304 2713 1427 2739 omnium
1445 2713 1582 2740 virtutum
1600 2712 1762 2740 diversitate
1780 2733 1787 2740 .

144 2767 336 2799 resperserunt
354 2766 448 2793 autem
466 2765 591 2793 tunicam
610 2765 691 2792 haedi
710 2765 855 2800 sanguine,
874 2765 942 2799 quia
960 2764 1038 2791 falsis
1058 2773 1121 2791 eum
1139 2764 1308 2791 testimoniis
1327 2766 1488 2792 accusantes
1506 2765 1536 2791 in
1548 2764 1683 2791 invidiam
1702 2763 1788 2791 dedu·

142 2824 209 2843 xere
229 2817 328 2852 populi
347 2818 472 2845 omnium
491 2819 607 2853 peccata
621 2818 786 2849 donantem;
803 2817 885 2852 Apoe.
899 2818 922 2849 1,
936 2818 969 2844 13
986 2817 1103 2843 similem
1118 2817 1174 2843 filio
1187 2816 1315 2848 hominis,
1333 2816 1464 2843 vestitum
1482 2816 1592 2851 podere.
1661 2817 1712 2843 949
1731 2816 1787 2849 Gsr.

141 2867 179 2895 ad
195 2869 255 2897 889.
560 2867 565 2872 '
