2060 3074
216 160 276 190 440

510 307 535 325 50

511 826 537 844 60

511 1087 536 1106 65

511 1347 536 1366 '10

510 1607 535 1626 75

509 1871 535 1890 80

311 2008 416 2033 Scholia
435 2021 467 2025 —
485 2006 518 2032 49
538 2005 644 2039 Incitus]
665 2009 817 2040 provocatus
858 2003 988 2038 cupidine]
1001 2014 1087 2031 amore

207 2051 240 2076 56
262 2051 403 2085 dispescas]
423 2052 523 2077 dividas

874 154 1011 181 HEIRICI
1030 153 1206 182 CARMINA.

576 242 698 273 Incitus
721 241 772 273 his
797 241 912 272 animis
936 241 1060 283 talique
1083 240 1235 283 cupidine
1259 241 1398 281 vinctus,

573 294 645 330 Quo
670 297 767 336 caput
790 297 842 326 est
865 294 953 325 orbis
978 305 1087 326 rerum
1110 295 1314 336 permaxima
1337 294 1453 334 Roma,

578 346 696 378 Tendit
719 347 781 378 iter
805 346 891 378 Latii
915 346 1018 378 nodos
1043 346 1212 379 addiscere
1236 347 1334 378 iuris:

577 398 620 430 Et
643 398 757 430 didicit
779 399 986 442 palmamque
1010 398 1101 430 brevi
1125 399 1200 430 tulit
1222 399 1278 431 ille
1302 399 1435 431 laboris.

541 458 543 461 ⁴
578 449 667 482 Scire
690 453 761 482 erat
783 450 869 482 haud
893 460 1057 492 magnum,
1072 451 1109 482 si
1131 460 1197 482 non
1221 454 1253 482 et·
1276 461 1375 493 posse
1398 451 1533 492 subiret,

577 501 620 532 Et
644 502 742 534 stulto
767 503 895 544 sapiens
919 502 1087 533 minimum
1111 502 1234 534 referre
1259 506 1404 545 putatur,

577 553 611 584 Si
635 564 700 585 non
723 557 756 586 et
778 554 897 596 possit:
923 554 1039 586 melius
1064 553 1127 585 duo
1151 554 1263 586 iuncta
1286 554 1443 586 feruntur.

577 604 670 641 Quae
695 606 722 637 si
745 605 925 648 dispescas,
950 606 1035 648 perit
1058 606 1212 638 alterum:
1237 606 1284 638 ita
1307 607 1442 638 alterius
1466 617 1518 639 res

579 657 694 689 Altera
716 658 822 700 poscit
845 668 941 700 opem
965 658 1085 689 sociam
1109 661 1143 689 et
1165 658 1314 690 coniurat
1338 659 1452 692 amice.

576 709 663 751 Ergo
686 712 731 747 ut,
756 720 839 752 quae
862 712 949 742 tecto
973 709 1080 742 fuerat
1103 710 1261 742 meditata
1283 711 1392 751 cubili,

577 761 656 793 Post
679 772 738 804 per
760 772 958 794 marmoreas
983 761 1123 794 clamare
1147 762 1262 805 sophia
1284 762 1412 804 plateas

574 814 691 845 Posset
715 817 748 845 et
770 813 907 856 obliquis
931 813 1062 845 demum
1085 813 1163 846 dare
1186 814 1258 846 iura
1282 815 1449 857 superbis,

577 865 656 898 Mox
679 866 720 897 ad
743 867 894 908 patricios
917 866 1044 900 iuvenis
1068 869 1216 909 raptatur
1237 867 1378 899 honores

577 917 823 960 causarumque
846 921 937 950 actor
958 929 1017 960 per
1039 918 1171 960 publica
1193 921 1271 950 vota
1293 922 1422 951 creatus

577 970 695 1002 Arcuit
717 970 860 1002 urbanas
884 970 962 1002 iuris
986 970 1167 1002 frenamine
1191 971 1277 1003 lites.

577 1022 733 1054 Gratatur
754 1022 886 1054 Latium
909 1024 999 1054 tanto
1025 1032 1159 1054 censore
1183 1022 1312 1065 fruique

573 1074 647 1106 Hoc
670 1077 797 1106 tantum
820 1078 995 1117 praesente
1019 1085 1134 1117 parum
1158 1078 1223 1106 est:
1249 1075 1289 1106 de
1312 1075 1505 1117 posteritate

577 1125 719 1168 Cogitat,
743 1129 842 1168 utque
866 1127 935 1158 viro
958 1137 1023 1158 non
1046 1126 1133 1158 desit
1155 1126 1259 1168 gloria
1282 1127 1383 1169 prolis

576 1178 686 1221 thue
709 1179 771 1210 viri
794 1189 859 1210 non
882 1178 1080 1210 destituatur
1102 1179 1248 1221 germine
1272 1178 1387 1219 Roma,

576 1230 615 1261 In
639 1232 790 1262 consorte
815 1230 876 1261 tori
899 1241 973 1272 spes
997 1233 1058 1270 est,
1083 1241 1146 1272 qua
1169 1230 1231 1262 rite
1256 1240 1368 1262 carere

576 1282 675 1314 Haud
697 1282 866 1325 patiuntur
889 1292 968 1324 opes
992 1284 1150 1324 aetasque
1175 1282 1319 1314 obnoxia
1343 1283 1443 1323 carni,

573 1334 675 1366 Prolis
699 1344 800 1374 amor,
825 1334 944 1366 mentis
967 1334 1110 1376 probitas
1134 1334 1168 1366 in
1193 1334 1331 1376 coniuge
1354 1334 1493 1377 pulchra

575 1386 618 1418 Et
640 1396 742 1429 gazae
766 1389 799 1419 et
822 1397 929 1418 mores
954 1390 987 1418 et
1010 1387 1092 1418 casti
1115 1386 1243 1429 insigne
1267 1386 1410 1429 pudoris.

576 1438 691 1475 Qualis
713 1439 769 1471 ubi
792 1439 861 1470 visa
885 1442 945 1476 est,
969 1438 1070 1481 digito
1096 1441 1198 1482 patet,
1223 1442 1274 1471 est
1299 1439 1376 1481 quia
1399 1439 1520 1471 nostris

575 1490 666 1522 Rara
689 1490 758 1522 avis
783 1491 816 1522 in
839 1491 934 1522 terris
959 1501 1122 1533 corvoque
1146 1491 1290 1533 ignotior
1313 1491 1398 1523 albo.

621 1542 744 1574 Usibus
768 1542 947 1574 innumeris
971 1542 1141 1574 Romanus
1166 1543 1277 1574 calluit
1300 1543 1388 1574 orbis

571 1594 671 1626 Olim:
696 1598 823 1637 partem
847 1595 1028 1637 absumpsit
1051 1594 1138 1626 edax
1162 1605 1204 1626 ex
1227 1605 1302 1627 asse
1328 1597 1483 1635 vetustae,

574 1646 655 1679 Pars
679 1647 756 1679 terit
779 1647 923 1689 antiquis
946 1657 1056 1679 rerum
1079 1647 1220 1689 vestigia
1244 1647 1347 1679 libris.

575 1699 665 1731 Gens
689 1699 749 1730 fuit
772 1699 829 1730 illa
853 1709 957 1741 sagax
980 1702 1013 1731 et
1037 1709 1111 1730 cum
1134 1699 1259 1731 bellare
1282 1699 1389 1742 perita

575 1751 658 1783 Tum
681 1761 789 1783 mores
812 1751 953 1783 formare
979 1751 1047 1783 scia
1070 1755 1103 1784 et
1127 1762 1322 1794 componere
1347 1754 1453 1784 cauta.

574 1804 647 1836 Neu
670 1807 786 1835 tenera
809 1803 842 1834 in
865 1803 976 1845 pueris
1001 1813 1082 1835 nevo
1106 1803 1327 1835 intabesceret
1350 1806 1441 1835 aetas
1466 1822 1507 1826 -

572 1856 844 1899 Quandoquidem
867 1857 900 1888 in
925 1857 1040 1888 vitium
1064 1867 1156 1889 mens
1180 1859 1231 1889 est
1253 1853 1336 1889 haec
1359 1868 1454 1889 cerea
1478 1857 1564 1889 flecti

1603 457 1676 488 Quod
1686 458 1861 483 advocationi«

1622 501 1714 526 ibidem
1731 502 1845 535 officium

1679 545 1792 577 ,cesserit-

1642 1026 1718 1061 and
1741 1029 1829 1055 eodem

1605 1071 1698 1104 deyem
1720 1073 1805 1106 officio
1822 1081 1863 1098 co-

1634 1115 1729 1147 pulum
1746 1116 1835 1142 uxoris

1661 1159 1805 1192 susceperit.

1608 1544 1683 1579 Quod
1704 1546 1791 1579 primo
1814 1555 1864 1572 um

1605 1594 1676 1622 toque
1695 1590 1804 1615 ducatus
1821 1599 1862 1616 rc—

1601 1633 1687 1666 9imen
1695 1642 1746 1666 per
1756 1634 1864 1666 provin-

1604 1677 1653 1701 tias
1682 1670 1826 1709 acceperas
1841 1681 1866 1703 et

1612 1720 1747 1752 descriptio
1775 1721 1853 1746 lacior

1637 1767 1787 1795 praetextae
1805 1767 1828 1789 et

1690 1811 1768 1840 loque.

628 2049 661 2075 57
680 2047 807 2082 coniurat]
827 2049 954 2074 consentit

1174 2004 1208 2031 52
1227 2006 1245 2030 1.
1259 2014 1282 2031 e.
1296 2005 1327 2030 nd
1339 2005 1522 2038 perfectionem
1536 2005 1609 2030 brevi
1626 2008 1740 2038 tempore
1758 2005 1863 2030 devenit

1057 2048 1091 2074 58
1113 2049 1242 2082 Scriptum
1261 2051 1299 2074 est
1319 2047 1343 2080 (1
1362 2048 1426 2073 Tim.
1447 2050 1471 2080 2,
1484 2048 1538 2078 11):
1559 2047 1698 2081 ‘Sapientia
1715 2049 1742 2074 in
1760 2048 1862 2074 silentio

207 2095 329 2119 discitur.v
366 2096 429 2120 Item
453 2094 539 2126 (Prov.
560 2097 581 2126 1,
594 2093 651 2126 20):
677 2093 715 2118 ‘In
737 2093 847 2126 platheis
870 2092 972 2126 (plateis
994 2101 1060 2117 corr.
1081 2092 1114 2124 P)
1138 2093 1182 2117 dat
1198 2100 1288 2117 vocem
1314 2091 1404 2117 suam.'
1439 2092 1515 2116 Prius
1533 2099 1594 2125 ergo
1612 2092 1714 2117 silentio
1731 2092 1861 2125 sapientia

207 2138 320 2170 discitur,
339 2142 369 2163 ut
386 2139 536 2171 posmodum
556 2136 613 2170 (sic)
633 2138 722 2162 doctus
741 2137 768 2161 in
786 2137 896 2170 platheis
915 2136 1069 2161 vociferetur
1122 2133 1198 2168 tecto]
1219 2138 1337 2168 cooperto
1390 2133 1479 2167 cubili]
1499 2135 1601 2160 silentio

1687 2134 1723 2161 60
1739 2133 1860 2168 obliquis]

207 2182 291 2206 stultis
396 2180 428 2207 61
456 2179 584 2215 patricios]
614 2181 630 2208 i,
655 2189 677 2206 e.
706 2179 829 2205 sublimes
882 2177 1007 2212 raptatur]
1033 2179 1049 2204 i.
1072 2187 1094 2204 e.
1123 2179 1191 2204 sicut
1214 2179 1307 2204 nobilis
1329 2182 1493 2211 promovetur
1520 2178 1621 2211 Raptim
1648 2178 1664 2203 i.
1687 2178 1862 2204 e.>velociter

206 2223 240 2249 62
263 2223 343 2257 actor]
366 2225 382 2250 i.
401 2233 422 2250 e.
447 2226 590 2250 advocatus

206 2267 335 2292 Causidici
354 2268 475 2293 dicuntur
497 2269 542 2300 qui
561 2276 654 2294 causas
672 2268 687 2292 i.
707 2276 729 2293 e.
747 2267 922 2300 querimonias
941 2267 1083 2292 discutiunt
1101 2269 1127 2291 et
1143 2265 1202 2291 lites
1220 2265 1381 2298 singulorum
1400 2265 1571 2290 determinant

857 2309 892 2335 64
909 2308 1041 2342 Gratatur]
1060 2309 1156 2343 gaudet
1208 2307 1322 2341 Latium]
1343 2309 1418 2333 Italia
1470 2306 1584 2340 censore]
1610 2308 1700 2334 iudice.
1737 2309 1862 2334 Censores

858 2352 891 2379 72
909 2350 1008 2386 Qualis]
1028 2361 1064 2379 sc.
1082 2354 1186 2379 coniux.
1205 2366 1238 2370 —
1257 2353 1376 2378 Salomon
1396 2351 1492 2384 (Eccle.
1514 2354 1534 2383 7,
1546 2350 1605 2383 29):
1625 2351 1723 2376 ‘Virum
1741 2352 1774 2377 de
1791 2352 1862 2378 mille

996 2395 1029 2422 75
1047 2395 1120 2429 edax]
1139 2396 1315 2429 consumptrix
1363 2404 1395 2420 ex
1413 2394 1480 2428 asse]
1500 2403 1531 2420 ex
1550 2398 1603 2420 toto

206 2310 295 2336 civiles
318 2311 382 2344 legis
400 2313 571 2338 moderamine
589 2311 752 2337 causationes

206 2354 356 2378 dicebantur
373 2355 419 2386 qui
436 2355 467 2380 de
486 2356 599 2380 moribus
618 2355 765 2380 iudicabant

206 2405 287 2421 unum
300 2398 408 2430 repperi,
426 2399 559 2424 mulierem
572 2407 603 2423 ex
617 2398 736 2423 omnibus
749 2406 800 2421 non
813 2397 907 2422 inveni'

206 2449 287 2465 mores
307 2441 333 2465 in
352 2442 439 2474 pueris
458 2443 634 2467 formabantur

206 2487 304 2509 struere
339 2482 431 2516 sciens]
446 2485 499 2509 scia
534 2483 694 2518 componere]
709 2485 822 2510 stabilire
858 2482 944 2516 cauta]
960 2484 1073 2516 prudens

206 2527 222 2552 i.
242 2536 263 2552 e.
282 2527 356 2560 pigra
374 2528 519 2553 efficeretur
537 2532 563 2553 et
580 2529 671 2554 flerent
689 2528 787 2554 desides
805 2527 879 2560 pueri
897 2527 929 2552 ad
947 2527 1060 2552 studium

1166 2525 1201 2552 80
1218 2525 1303 2562 cerea]
1322 2525 1444 2558 proclivis

309 2622 342 2648 56
365 2623 472 2648 alterius
490 2631 530 2648 res
548 2621 683 2655 Bacchius]
705 2622 810 2647 alterius
828 2631 846 2646 a
863 2630 943 2646 mama
961 2621 1101 2647 admodum
1118 2622 1215 2647 mistica
1232 2630 1272 2647 res
1296 2621 1385 2646 addito
1405 2621 1430 2645 P

206 2663 240 2690 64
259 2665 338 2691 latius
356 2675 424 2692 corr.
444 2666 468 2690 1²

308 2758 340 2784 51
367 2758 424 2785 Iuv.
443 2760 467 2791 8,
481 2760 515 2786 50
537 2760 638 2792 confert
657 2759 798 2786 Barthius.

207 2809 241 2836 A.
261 2809 293 2835 P.
313 2810 362 2836 163
381 2810 485 2844 (Liebl).

571 2667 606 2691 aa
624 2665 658 2692 74
676 2665 893 2698 Accssssspnnrr
911 2665 937 2690 P

729 2439 761 2466 77
780 2439 834 2473 illa]
854 2449 889 2466 sc.
908 2441 1081 2465 Romanorum
1134 2438 1224 2473 sagax]
1244 2440 1357 2464 studiosa
1410 2437 1501 2472 perita]
1520 2439 1595 2463 docta

1143 2483 1176 2509 79
1195 2481 1293 2516 tenera]
1310 2483 1407 2515 fragilis
1443 2480 1521 2514 nevo]
1541 2482 1642 2507 macula
1677 2481 1859 2516 intabesceret]

908 2760 942 2786 73
965 2759 1019 2791 Cfr.
1040 2759 1103 2785 Pers
1123 2759 1145 2790 1,
1159 2760 1192 2785 46
1220 2761 1243 2784 et
1262 2759 1319 2785 Iuv.
1339 2760 1363 2792 7,
1375 2759 1427 2785 202
1446 2758 1551 2793 (Loebl).

647 2233 672 2257 p.
691 2232 716 2256 p.
740 2226 799 2248 vota
816 2221 851 2255 c.]
876 2223 892 2247 i.
912 2231 933 2247 e.
957 2222 1087 2248 communi
1108 2222 1222 2247 omnium
1242 2222 1374 2247 voluntate
1399 2223 1483 2247 factus
1509 2235 1542 2239 —
1569 2222 1722 2247 Causidicus
1747 2222 1860 2247 effeetus.

1640 2263 1685 2298 63]
1704 2265 1861 2299 compescuit

1693 2394 1725 2420 76
1743 2395 1861 2427 Qualiter

1688 2437 1722 2464 78
1740 2437 1859 2472 formare]

1531 2619 1566 2646 60
1588 2624 1617 2646 ot
1634 2619 1771 2653 Boschim]
1789 2624 1818 2646 ut
1836 2621 1863 2646 P
1916 2602 1919 2605 μ

1038 2664 1072 2690 79
1089 2669 1162 2690 tener
1179 2668 1195 2690 2
1212 2674 1245 2691 m.
1264 2674 1332 2690 corr.
1352 2665 1377 2689 P
1428 2665 1551 2697 impueris
1569 2664 1595 2689 P

1655 2757 1690 2783 80
1714 2757 1770 2791 ofin
1793 2757 1858 2784 Hor.

2036 2170 2060 2879 «s-‘hfflffl.A-QQ2.-.-.
2056 2115 2060 2125 -
