2060 3074
759 152 805 178 DE
823 152 1053 180 SOBRIETATE
1072 152 1182 180 LIBER
1196 153 1231 180 ΙΙ.
1759 158 1818 188 671

534 238 650 280 Deque
673 239 740 280 iugi
762 239 852 279 fletu,
877 239 919 270 de
944 239 1024 271 ‘vae'
1048 240 1116 271 sine
1138 240 1202 272 fine
1224 241 1370 283 perenni,

532 288 755 321 Daemonibus
778 291 872 322 sociis
896 291 1077 323 coniunctio
1102 292 1207 334 qualis
1230 292 1392 324 habenda.

533 340 628 373 Unde
651 341 738 384 pedo
760 342 794 373 in
816 342 980 384 gregibus,
1005 343 1097 375 clava
1118 344 1151 375 in
1174 343 1394 386 praedonibus
1416 346 1512 376 utens

532 392 627 425 Hanc
649 404 758 425 curam
780 397 892 426 cautus
914 397 1022 426 servet
1044 394 1205 427 mediator
1226 396 1399 438 utrimque,

449 456 487 475 ess
530 444 575 476 Ut
597 445 659 477 sibi
681 446 868 478 commissos
891 447 1003 486 salvet,
1027 446 1192 478 deteneat
1214 447 1340 485 hostem

531 496 595 528 Pro
619 497 734 540 quibus
758 498 904 530 excubiis
926 498 1008 530 caeli
1031 501 1196 530 mereatur
1218 499 1385 540 honorem,

530 548 702 581 Pastorum
724 553 838 592 pastor
859 550 992 582 veniens
1015 560 1088 582 cum
1113 551 1260 592 praemia
1282 550 1400 583 reddet

529 599 600 640 His,
625 601 679 643 qui
702 601 840 633 sollicite
864 601 1015 634 baculum
1039 605 1174 634 tenuere
1197 603 1376 645 gregalem.

571 660 664 694 XXI.
687 661 781 693 Haec
803 672 878 694 mea
899 662 1001 694 verba
1023 665 1089 703 tuo,
1111 663 1224 704 lector,
1248 663 1274 695 si
1297 663 1330 695 in
1353 661 1450 695 corde
1473 663 1615 705 ligentur

446 724 485 744 wo
527 712 571 744 Et
593 716 726 745 teneant
747 713 860 754 fibrae,
883 713 971 756 quod
993 714 1062 746 ovis
1085 714 1263 747 menbrana
1284 716 1452 756 resultant,

526 764 600 796 Non
623 775 741 808 expers
764 766 890 798 virtutis
913 766 986 807 eris,
1009 777 1074 798 nou
1098 767 1182 799 colla
1203 768 1326 799 reiecto

529 815 684 848 Excuties
707 817 878 860 solvesque
900 818 988 860 iugo,
1012 818 1099 861 quod
1122 818 1268 850 Christus
1291 819 1415 860 haberi,

529 867 651 900 Extolli
675 879 712 900 ac
735 879 833 911 super
855 879 927 901 esse
950 869 1041 901 iubet
1064 870 1190 902 cervice
1213 871 1368 911 levatum,

529 919 624 956 Quod
646 916 785 962 pedibus
809 921 913 953 calcat
936 921 1089 964 quisquis,
1113 923 1290 954 contrarius
1315 926 1416 955 extat.

446 983 485 1002 sos
528 970 647 1003 Infelix
669 971 800 1004 nimium
825 971 948 1013 doctor,
972 973 1160 1005 sceleratior
1183 974 1278 1014 omui,

527 1022 606 1054 Milo
629 1033 703 1055 reus
725 1024 802 1064 voti,
826 1024 880 1066 qui
903 1024 1035 1056 crimine
1058 1034 1189 1067 pressus
1213 1026 1347 1066 enormi,

528 1073 715 1118 Contempsi
737 1078 915 1118 praecepta
938 1075 992 1108 dei
1016 1079 1049 1107 et
1072 1076 1268 1108 famulabilis
1290 1077 1376 1109 hosti

526 1126 648 1158 Incurri
671 1127 776 1159 varias
798 1128 926 1170 peccati
949 1128 1035 1160 mole
1059 1128 1176 1160 ruinas.

526 1178 645 1221 Meque
670 1178 724 1210 diu
746 1179 890 1211 retinens
913 1179 1036 1212 facinus
1060 1179 1286 1223 quodcumque
1311 1180 1446 1222 ligatum

443 1242 481 1261 ⁹10
523 1230 598 1262 Vile
620 1234 657 1262 ut
679 1231 877 1274 mancipium
900 1231 1033 1274 reliquis
1057 1231 1166 1264 divisit
1188 1232 1385 1264 habendum.

525 1281 688 1314 Uberibus
709 1282 821 1314 matris
843 1282 990 1325 pendeus
1012 1283 1205 1326 lingensque
1228 1284 1366 1326 papillas

524 1335 655 1378 Flagitii
678 1337 750 1368 suxi
773 1337 876 1368 carnis
900 1346 971 1368 cum
994 1337 1079 1368 lacte
1103 1346 1275 1368 venenum.

524 1387 692 1430 Baptismo
714 1387 842 1420 ablutus
864 1389 964 1420 nativi
988 1399 1007 1420 a
1030 1388 1124 1420 sorde
1148 1391 1257 1420 reatus

525 1439 727 1472 Gaudentem
751 1440 865 1483 capitis
887 1441 1048 1473 maculavi
1071 1441 1163 1472 faece
1187 1441 1343 1483 galerum.

440 1502 479 1523 m
522 1490 602 1523 Post
625 1491 723 1523 etiam
746 1494 907 1534 sumptam
930 1492 1060 1524 iuvenili
1084 1495 1193 1524 aetate
1217 1492 1375 1524 cucullam

524 1543 637 1585 Agnus
658 1546 749 1576 veste
772 1544 878 1576 nitens
899 1543 1046 1587 putidum
1069 1546 1210 1576 mutatus
1232 1544 1265 1575 in
1288 1543 1411 1576 hircum

523 1594 672 1628 Mendaci
695 1595 799 1636 titulo,
822 1596 906 1628 tristi
929 1596 1081 1638 contagia
1101 1589 1208 1627 naevo

524 1645 679 1679 Contraxi
701 1648 859 1680 scelerum
881 1648 1006 1680 violans
1029 1647 1116 1690 quod
1138 1657 1218 1679 voce
1241 1647 1416 1690 professus.

522 1697 596 1731 Non
619 1709 711 1731 secus
733 1699 927 1732 immeritam
952 1699 1059 1732 divino
1081 1702 1118 1731 ut
1139 1709 1272 1731 munere
1296 1699 1410 1731 stolam

437 1761 476 1782 m
518 1750 638 1794 Iusque
661 1751 830 1783 ministerii
853 1752 953 1783 sacris
976 1751 1132 1783 altaribus
1155 1751 1224 1794 apti

518 1803 674 1846 Indignus
695 1804 827 1846 sumpsi,
850 1806 1028 1836 temerator
1050 1807 1086 1836 ut
1109 1806 1185 1835 aute
1208 1806 1330 1843 suetus,

519 1854 593 1887 Non
615 1856 661 1888 sic
683 1856 828 1897 tractavi,
852 1866 911 1888 ceu
936 1859 1044 1888 tantus
1072 1856 1215 1898 postulat
1239 1855 1328 1895 ordo,

519 1906 691 1940 caelicolis
713 1907 844 1940 adstans
870 1910 1022 1951 operator
1044 1907 1166 1940 civibus
1189 1907 1307 1947 audax,

519 1958 634 1991 Officio
657 1959 731 1992 huic
752 1960 867 2002 impar,
891 1960 942 1992 cui
965 1959 1080 2002 dignus
1103 1959 1209 1991 nullus
1231 1959 1264 1990 in
1287 1958 1373 1990 omni

437 2021 475 2042 ηε
520 2009 608 2043 Orbe
633 2011 744 2043 litator
767 2012 837 2051 erit,
862 2012 916 2054 qui
940 2021 1063 2043 sacram
1088 2010 1223 2043 accedat
1245 2010 1288 2042 ad
1311 2021 1412 2043 aram.

519 2061 618 2094 Cuius
641 2062 738 2095 corde
761 2067 865 2105 pater,
888 2067 984 2095 uatus
1006 2063 1155 2095 manibus
1179 2063 1229 2103 sit,
1251 2062 1284 2094 in
1307 2072 1363 2094 ore

519 2113 666 2156 Spiritus,
690 2114 791 2146 oblati
812 2115 973 2147 libaminis
995 2118 1108 2147 auctor
1130 2118 1164 2146 et
1186 2117 1291 2149 actum

518 2164 699 2198 conficiens
721 2176 813 2198 sacro
836 2167 940 2199 earnis
964 2166 1004 2198 de
1027 2176 1112 2210 pane
1135 2166 1273 2208 figuram

517 2217 680 2250 Praebeat
703 2221 737 2254 et
759 2218 867 2250 calicis
890 2219 964 2250 vino
988 2218 1172 2250 rubricante
1195 2227 1352 2250 cruorem.

254 2355 306 2382 893
323 2356 417 2390 pedum
432 2355 483 2382 AL
498 2364 565 2382 eorr-
583 2355 698 2382 Hoereoer
784 2354 836 2381 894
854 2360 994 2389 utrumque
1007 2356 1030 2381 L
1117 2354 1169 2381 916
1187 2356 1295 2388 hyrcum
1309 2355 1359 2380 AL
1446 2355 1498 2382 924
1516 2357 1604 2383 nunus
1622 2358 1716 2391 diguus
1728 2359 1752 2384 L

254 2431 314 2458 902.
326 2431 378 2458 903
396 2431 496 2458 Matth.
517 2431 558 2463 11,
570 2431 606 2458 29
623 2431 716 2458 tollite
734 2431 832 2466 iugum
851 2440 943 2458 meum
961 2439 1044 2471 super
1062 2439 1118 2459 vos.
1206 2431 1258 2458 906
1275 2431 1346 2458 Aen.
1364 2431 1450 2459 V237
1469 2432 1548 2460 vobis
1572 2434 1662 2461 laetus
1681 2442 1732 2469 ego
1750 2434 1804 2462 hoc

151 2481 315 2510 candentem
342 2482 371 2509 in
398 2482 480 2510 litore
507 2484 618 2510 taurum
638 2483 643 2516 1
663 2483 833 2510 constituam
852 2485 919 2510 aute
944 2491 1006 2510 aras
1031 2483 1087 2510 voti
1112 2491 1174 2510 reus
1193 2484 1314 2517 extaque
1339 2483 1426 2510 salsos
1446 2484 1450 2517 Ι
1471 2485 1619 2519 porriciam
1645 2485 1675 2512 in
1696 2485 1802 2513 fluctus.

150 2533 202 2561 914
219 2534 356 2562 candente
374 2533 476 2569 capitis
495 2533 591 2569 galero
610 2534 711 2567 (fulvos
730 2534 790 2569 lupi
809 2534 844 2561 de
863 2534 937 2569 pelle
955 2534 1065 2569 galeros
1082 2535 1196 2568 tegmen
1215 2533 1320 2560 habeut
1332 2534 1418 2569 capiti
1437 2535 1515 2569 apud
1532 2536 1677 2571 Veryilium
1690 2537 1802 2572 legerat)

148 2585 270 2612 canitiem
282 2585 432 2620 supro-'ficare
441 2585 554 2613 vidam,
623 2586 676 2614 920
693 2586 803 2613 Arator.
823 2586 843 2612 Ι
850 2587 902 2614 552
920 2586 982 2613 iura
994 2586 1143 2613 ministerii
1163 2585 1247 2612 saeris
1265 2585 1402 2612 altaribus
1420 2586 1482 2621 apti
1498 2587 1503 2622 Ι
1519 2587 1548 2614 iu
1561 2589 1668 2622 septem
1687 2596 1801 2615 secuere

149 2635 236 2669 viros,
253 2645 323 2671 quos
340 2636 465 2672 undique
483 2637 570 2664 lectos
585 2638 589 2671 Ι
605 2637 706 2664 levitas
723 2637 846 2673 vocitare
864 2637 965 2672 placet.
1055 2638 1106 2665 925
1126 2639 1140 2664 1
1157 2637 1214 2664 1011.
1232 2637 1258 2669 4,
1273 2637 1306 2664 10
1324 2637 1352 2664 in
1372 2637 1424 2665 boc
1448 2639 1490 2665 est
1509 2639 1623 2671 caritas.
1646 2648 1701 2667 nou
1721 2640 1801 2674 quasi

147 2695 198 2714 nos
215 2687 393 2716 dilexerimus
412 2688 507 2721 deum,
530 2688 577 2716 sed
600 2689 733 2723 quoniam
755 2689 814 2723 ipse
837 2689 912 2724 prior
934 2689 1035 2716 dilexit
1056 2697 1105 2716 nos
1129 2690 1158 2715 et
1176 2688 1255 2715 misit
1280 2689 1367 2716 filium
1393 2698 1473 2716 snum
1499 2690 1731 2725 propitiationem
1750 2700 1800 2726 pro

147 2738 269 2773 peccatis
287 2739 389 2766 uostris
406 2739 497 2773 (Beda
515 2739 552 2767 ad
568 2739 741 2767 hwneloeum
759 2739 799 2767 ed.
816 2739 888 2767 Giles
903 2741 943 2773 12,
956 2741 1008 2768 303
1026 2740 1056 2767 iu
1075 2739 1243 2774 quibusdam
1257 2740 1399 2767 codicibus
1417 2740 1463 2768 hie
1475 2741 1628 2769 versiculus
1641 2742 1683 2770 ita
1695 2743 1801 2777 legitur

148 2790 186 2815 ‘et
203 2789 279 2815 misit
291 2789 378 2816 fllium
392 2799 471 2818 suum
484 2790 627 2825 litatorem
645 2799 696 2825 pro
715 2790 837 2824 peccatis
852 2791 971 2823 nostris',
990 2791 1088 2818 litator
1102 2793 1197 2818 autem
1210 2791 1379 2819 sacrificator
1392 2793 1449 2824 est;
1467 2793 1517 2826 cfr.
1530 2793 1653 2820 Sabatier
1666 2794 1721 2820 III
1727 2795 1798 2828 975).

1536 2845 1591 2872 85&
