2060 3074
755 165 801 192 DE
820 165 1052 194 SOBRIETATE
1070 167 1180 195 LIBER
1193 168 1213 194 Ι.
1745 172 1808 202 615

238 249 330 282 ΧΧΙ.
353 249 449 282 Utilis
472 250 649 283 admonitio
674 254 707 283 et
730 251 770 283 de
795 252 847 284 dei
870 256 1034 285 armatura
1056 254 1175 295 agitur.

222 301 331 334 XXII.
355 301 466 334 Turris
488 302 692 335 aedificanda
713 304 867 335 virtutum
890 305 1069 346 sumptibus
1093 305 1236 336 docetur.

205 353 332 385 XXIH.
354 353 405 385 De
428 355 611 397 praeceptis
633 355 784 397 geminae
807 355 987 387 dilectionis
1010 358 1043 388 et
1066 360 1157 388 veste
1182 357 1277 388 illius.

189 404 332 437 XXIIII.
355 405 407 437 De
429 406 507 438 vitio
531 406 671 438 invidiae
695 406 838 439 vitando.

222 455 331 488 XXV.
357 456 476 489 Contra
499 458 685 500 superbiam
708 458 846 500 plurima
869 459 1022 501 exempla
1044 459 1246 491 humilitatis.

208 507 333 548 XXVI.
356 508 408 540 De
432 510 577 549 avaritia,
601 520 684 552 quae
707 510 864 551 plurimos
888 510 1005 553 perdit.

191 559 333 592 XXVII.
356 559 560 592 Documenta
583 565 694 593 contra
716 561 799 593 hanc
821 564 856 593 et
879 562 920 594 de
943 563 1113 605 multiplici
1135 563 1227 605 prole
1250 563 1343 595 illius.

134 649 138 653 ι
172 610 589 657 XXVIIIrDefffructibus
613 613 810 645 elemosinae
833 616 868 644 et
889 614 983 645 vilico
1008 614 1208 656 euangelico.

155 661 331 694 XXVIIII.
353 662 406 695 De
430 664 516 696 fame
542 665 641 697 divini
662 665 753 697 verbi
777 667 810 696 et
832 666 865 697 iu
887 667 1051 708 praesenti
1074 666 1298 706 laborandum,
1322 670 1358 698 ut
1380 667 1413 698 in
1436 667 1543 698 futuro
1567 667 1723 698 vivamus.

224 713 332 746 XXX.
354 714 406 746 De
429 726 540 758 pugna
554 716 712 748 Ionathae
736 717 875 748 mirabili
899 721 932 749 et
955 717 1042 760 quod
1061 718 1181 749 violato
1204 718 1323 749 ieiunio
1346 718 1512 760 proximus
1535 718 1678 760 periculo
1702 717 1809 748 fuerit.

509 784 570 811 HIC
590 785 686 812 FINIS
705 785 831 812 TITULI
850 805 856 812 .
876 785 1019 812 'PEXTUS
1037 785 1140 812 NUNC
1158 785 1238 812 IPSE:
1256 785 1456 818 SEQUETUR

338 949 340 951 Ι
396 889 570 927 INCIPIT
596 890 677 927 HIC
705 890 885 927 PRIMUS
911 891 973 928 DE
1000 891 1300 928 SOBRIETATE
1327 892 1568 928 LIBELLUS.

566 965 591 998 Ι,
614 957 797 998 Hebraicus
818 966 957 1008 populus
980 976 1110 1008 semper
1131 976 1268 1008 peceare
1292 970 1413 1006 suetus,

521 1016 553 1048 A
576 1017 715 1060 Solymis
738 1017 894 1060 profugus
917 1018 1094 1060 patriisque
1117 1018 1275 1050 abductus
1298 1019 1339 1050 ab
1365 1019 1449 1051 arvis

521 1068 564 1100 Et
586 1069 680 1101 nimis
703 1069 758 1102 ille
781 1079 839 1101 suo
862 1069 960 1101 miser
981 1069 1023 1100 ab
1047 1069 1187 1101 Iordane
1210 1073 1354 1102 remotus

521 1121 706 1164 Plangebat
728 1122 847 1154 circum
869 1121 1070 1164 Babylonica
1092 1122 1224 1154 flumina
1248 1123 1358 1154 tristis.

465 1185 476 1204 5
521 1172 714 1206 Oouditione
738 1174 818 1216 pari,
843 1174 936 1216 parili
959 1183 1024 1205 non
1048 1173 1180 1205 crimine
1204 1174 1290 1216 capti

520 1224 668 1257 Fletibus
690 1226 856 1268 augebant
877 1226 983 1269 plebis
1006 1226 1149 1257 lamenta
1171 1225 1363 1268 prophetae.

520 1277 724 1310 Maerentem
747 1278 826 1310 vidit
849 1277 981 1309 Chobar
1002 1277 1113 1310 alveus
1135 1277 1361 1314 Ezechielem

521 1329 585 1366 Qui
607 1330 750 1372 gravitas
772 1333 881 1362 nostro
906 1329 1008 1361 fertur
1030 1339 1179 1360 sermone
1202 1328 1336 1364 Latino:

522 1380 627 1417 Quem
650 1380 759 1413 dicunt
781 1380 908 1422 Tigrim
932 1379 973 1412 de
997 1390 1060 1422 quo
1083 1379 1277 1422 Raphahele
1300 1380 1433 1412 iubente

451 1444 475 1464 m
518 1432 691 1464 Extractus
714 1433 811 1475 piscis
834 1435 1001 1464 caecatum
1025 1431 1145 1463 lumine
1168 1431 1274 1463 Tobin

521 1483 679 1516 Reddidit
702 1487 836 1516 exactos
859 1484 922 1516 luci
945 1487 1020 1526 post
1043 1486 1181 1525 quatuor
1203 1493 1322 1517 annos:

521 1535 689 1568 Vatidicus
711 1535 852 1567 Danihel
874 1536 966 1567 iuxta
989 1545 1085 1577 quem
1108 1535 1232 1566 somnia
1254 1534 1335 1567 vidit

521 1587 690 1630 Multaque
714 1587 827 1619 divinis
850 1587 982 1630 capiens
1005 1587 1136 1618 oracula
1158 1587 1258 1629 signis

521 1639 685 1683 Tempora
707 1640 833 1671 venturi
856 1638 974 1670 Christi
997 1630 1167 1680 descripsit
1187 1638 1219 1669 in
1244 1638 1367 1670 orbem.

450 1705 475 1725 u
518 1692 670 1724 Eufrates
693 1701 822 1734 quoque
844 1690 1034 1722 Hieremiae
1057 1690 1204 1722 lumbare
1227 1693 1415 1733 putrescens

521 1743 668 1783 Abdidit,
691 1743 842 1774 historice
865 1743 892 1774 si
915 1742 1036 1774 dictum
1059 1741 1202 1774 ereditur
1223 1745 1340 1774 actum.
1365 1761 1406 1766 -

521 1795 615 1827 Haec
636 1795 731 1827 alias:
754 1795 848 1827 fletus
871 1805 984 1826 causas
1006 1805 1090 1826 nunc
1114 1793 1221 1836 pande
1245 1794 1379 1836 petenti,

522 1847 659 1890 Spiritus
681 1847 777 1885 alme,
800 1846 878 1878 mihi
902 1846 1040 1888 (Aonias
1063 1856 1127 1878 nou
1151 1846 1265 1878 invoco
1288 1845 1409 1885 Musas,

520 1898 670 1931 Pierides
692 1898 807 1930 Siculis
830 1899 953 1930 mixtae
977 1899 1041 1930 iam
1065 1898 1191 1939 longius
1215 1897 1351 1939 absint);

449 1963 484 1995 m)¹
518 1950 572 1982 Da
593 1950 682 1991 mihi,
705 1950 792 1993 quod
816 1949 937 1983 dicam:
961 1949 1013 1990 da,
1036 1950 1168 1991 liuguae
1191 1953 1226 1980 ut
1249 1949 1397 1980 concinat
1419 1951 1520 1981 actus.

259 2098 277 2124 4
294 2098 440 2124 hnbssonica
452 2098 580 2131 (nimime,-
592 2098 734 2123 misterium
747 2098 842 2130 tipieus
854 2097 928 2123 scilla
941 2101 1039 2122 tamum
1051 2105 1104 2122 non
1117 2096 1231 2121 omnam
1243 2096 1314 2126 locia,
1332 2097 1380 2129 cfr.
1395 2104 1477 2128 supra
1485 2105 1548 2130 paq.
1557 2097 1610 2123 582
1622 2098 1659 2123 ad
1670 2107 1692 2124 v.
1707 2097 1768 2130 141)
1781 2097 1805 2122 A

259 2183 276 2210 ‘1
294 2183 389 2210 Ezech.
408 2183 433 2215 1,
445 2183 459 2210 1
479 2185 509 2210 et
525 2183 631 2210 sactum
650 2184 693 2208 est
710 2182 739 2208 in
758 2181 903 2216 trigesimo
916 2189 990 2208 anno
1009 2201 1015 2208 .
1028 2202 1033 2207 .
1046 2201 1052 2211 ,
1070 2189 1132 2206 cum
1151 2189 1237 2206 essem
1258 2180 1286 2206 iu
1306 2181 1398 2207 medio
1411 2181 1584 2215 captivorum
1598 2182 1678 2209 iuxta
1690 2182 1807 2209 fluvium

157 2234 273 2262 Chobar.
359 2236 414 2263 8.9
436 2235 592 2270 Hiermym.
615 2237 752 2261 comment.
774 2234 806 2260 in
828 2233 920 2260 Ezaeh.
941 2234 989 2266 1‚1
1013 2233 1118 2266 (Miyne
1142 2233 1184 2264 25,
1197 2233 1243 2266 18)
1266 2232 1409 2266 captivum
1432 2232 1535 2259 sedisse
1559 2234 1695 2268 populum
1720 2242 1804 2268 super

157 2286 272 2314 flumina
284 2287 436 2321 Babylonis
450 2287 540 2314 David
559 2286 739 2321 prophetat(
739 2285 838 2312 Psalm.
852 2286 930 2318 136),·
948 2284 1058 2311 Chobar
1075 2285 1171 2310 autem
1190 2285 1240 2310 aut
1252 2292 1353 2310 nomen
1371 2285 1414 2311 est
1426 2284 1549 2311 fluminis
1567 2286 1618 2311 aut
1635 2286 1710 2312 certe
1728 2285 1809 2311 iuxta

155 2338 416 2373 interpretationem
434 2347 522 2370 suam.
540 2347 597 2372 qua
615 2338 644 2364 in
663 2338 765 2372 ‘grave'
784 2337 903 2364 vertitur
920 2337 981 2370 (cfr.
998 2336 1107 2363 Eia-on.
1123 2338 1252 2363 onomast.
1265 2335 1306 2363 ed.
1318 2335 1350 2362 de
1362 2335 1489 2370 Luam-de
1502 2344 1564 2370 paq.
1579 2336 1620 2368 57,
1635 2337 1672 2370 9),
1690 2337 1807 2371 Tygrim

157 2390 297 2425 signifieat
309 2391 338 2417 et
349 2390 527 2425 Euphratem.
597 2391 614 2417 9
636 2390 693 2416 Tob.
713 2390 760 2421 6,1
782 2389 922 2424 profectus
934 2390 977 2414 est
989 2388 1092 2414 Tobias
1112 2408 1134 2414 ..
1153 2389 1182 2414 et
1194 2387 1298 2414 mansit
1310 2387 1390 2414 iuxta
1408 2388 1522 2414 fluvium
1536 2387 1638 2422 Tigris.
1667 2388 1685 2415 2
1703 2409 1709 2415 .
1720 2409 1726 2415 .
1746 2397 1808 2415 ecce

157 2442 242 2477 pinei·
266 2442 396 2469 immanis
423 2442 512 2469 exivit
540 2463 564 2470 ..
590 2442 608 2469 4
625 2443 654 2468 et
676 2441 749 2468 dixit
772 2441 796 2467 ei
825 2441 954 2475 angelus:
983 2461 1007 2467 ..
1035 2440 1123 2466 ‘trahe
1150 2447 1211 2465 eum
1241 2439 1276 2465 ad
1299 2440 1345 2466 te‘.
1371 2439 1439 2471 11‚7
1462 2439 1590 2473 dixitque
1616 2439 1743 2473 Raphael
1772 2439 1808 2466 ad

157 2493 287 2521 Tobiam:
315 2515 338 2522 ..
357 2494 466 2521 ‘accede
488 2493 524 2520 ad
548 2494 655 2528 patrem
680 2495 759 2520 tuum
778 2493 914 2526 (Tobiam)
938 2513 963 2519 ..
988 2492 1056 2523 11,8
1078 2491 1230 2524 statimque
1254 2491 1303 2517 lini
1324 2499 1407 2525 super
1425 2491 1519 2518 oculos
1537 2491 1596 2517 eins
1615 2499 1648 2517 ex
1668 2490 1732 2517 felle
1750 2490 1806 2518 isto

157 2545 242 2580 piscis
259 2566 267 2573 .
278 2566 284 2573 .
294 2567 300 2572 .
319 2547 349 2572 et
360 2545 469 2573 videbit
486 2547 568 2580 pater
580 2547 645 2572 tuns
657 2545 751 2571 lumen
765 2543 852 2571 caeli'.
923 2543 957 2570 12
975 2542 1049 2570 Dan.
1066 2543 1106 2574 10,
1118 2543 1135 2569 4
1154 2551 1229 2568 eram
1242 2542 1322 2569 iuxta
1334 2542 1458 2573 fluvium,
1477 2542 1526 2576 qui
1540 2543 1583 2568 est
1594 2542 1688 2577 Tigris
1707 2563 1714 2570 .
1725 2562 1731 2569 .
1743 2543 1761 2570 5
1779 2543 1808 2568 et

158 2597 248 2624 levavi
271 2597 365 2624 oculos
387 2605 462 2624 meos
485 2599 514 2624 et
531 2597 598 2624 vidi.
634 2598 658 2630 9,
671 2597 705 2623 25
728 2595 933 2622 animadverte:
957 2595 993 2621 ab
1017 2594 1094 2621 exitu
1120 2594 1266 2625 sermonis,
1291 2595 1323 2620 ut
1346 2594 1446 2620 iterum
1467 2593 1629 2620 aedificetur
1647 2593 1807 2623 Ierusalem.

158 2657 246 2684 usqne
263 2649 298 2676 ad
317 2649 457 2676 Christum
480 2649 578 2676 ducem
597 2669 621 2676 ..
711 2649 743 2675 15
769 2648 857 2674 Ieron.
877 2647 943 2678 13,7
968 2646 1025 2673 abii
1054 2646 1088 2672 ad
1108 2645 1305 2679 Euphraten..
1326 2646 1354 2671 et
1378 2644 1431 2671 tuli
1451 2644 1576 2671 lumbare
1600 2644 1635 2670 de
1659 2644 1732 2676 loco,
1758 2643 1807 2670 ubi

157 2699 355 2727 absconderam
380 2699 464 2727 illud:
487 2701 516 2727 et
539 2708 602 2727 ecce
626 2700 834 2734 computruerat
857 2698 984 2725 lumbare
1007 2717 1030 2724 ..
1054 2698 1070 2723 9
1094 2697 1162 2723 haec
1187 2696 1257 2723 dicit
1287 2696 1427 2723 dominus:
1451 2696 1498 2723 ‘sic
1524 2697 1682 2730 putrescere
1705 2695 1806 2722 faciam

158 2751 316 2786 superbiam
333 2751 420 2779 Iuda!
508 2752 541 2778 18
565 2751 694 2778 Radbert.
713 2751 837 2778 Paschae.
855 2757 937 2778 carm.
951 2749 1022 2776 1V1
1042 2750 1140 2782 (supra
1154 2756 1219 2782 pay.
1232 2749 1279 2781 52)
1298 2747 1404 2774 Aoniae
1422 2756 1496 2774 nunc
1514 2755 1570 2774 non
1589 2747 1640 2780 (sic
1657 2746 1807 2781 legendum)

159 2802 253 2838 golida
270 2804 305 2831 de
323 2812 391 2838 rupe
409 2803 547 2831 Camenae
562 2804 566 2837 Ι
583 2805 615 2830 ut
633 2803 749 2830 veniant
771 2803 904 2837 petimus:
924 2810 1018 2828 verum
1038 2802 1077 2833 te,
1098 2800 1203 2834 Sophia
1221 2800 1308 2834 virgo.
1394 2800 1425 2825 19
1445 2799 1502 2831 Csr.
1521 2798 1577 2825 Ed.
1597 2798 1650 2825 III
1659 2799 1706 2830 85;
1726 2797 1774 2824 IV
1785 2799 1807 2824 1.

554 2863 558 2867 .
1549 2850 1602 2877 78*
