<?xml version="1.0" encoding="UTF-8"?>
<!DOCTYPE html PUBLIC "-//W3C//DTD XHTML 1.0 Transitional//EN"
    "http://www.w3.org/TR/xhtml1/DTD/xhtml1-transitional.dtd">
<html xmlns="http://www.w3.org/1999/xhtml" xml:lang="en" lang="en">
 <head>
  <title>
</title>
<meta http-equiv="Content-Type" content="text/html;charset=utf-8" />
  <meta name='ocr-system' content='tesseract 3.04.00' />
  <meta name='ocr-capabilities' content='ocr_page ocr_carea ocr_par ocr_line ocrx_word'/>
</head>
<body>
  <div class='ocr_page' id='page_1' title='image "./monumentagerma03geseuoft/monumentagerma03geseuoft_0608.png"; bbox 0 0 2060 3074; ppageno 0'>
   <div class='ocr_carea' id='block_1_1' title="bbox 263 144 1266 176">
    <p class='ocr_par' dir='ltr' id='par_1_1' title="bbox 263 144 1266 176">
     <span class='ocr_line' id='line_1_1' title="bbox 263 144 1266 176; baseline -0.006 0"><span class='ocrx_word' id='word_1_1' title='bbox 263 147 325 176; x_wconf 83' lang='lat'>592</span> <span class='ocrx_word' id='word_1_2' title='bbox 918 144 1070 171; x_wconf 87' lang='lat' dir='ltr'>MILONIS</span> <span class='ocrx_word' id='word_1_3' title='bbox 1089 144 1266 171; x_wconf 85' lang='lat' dir='ltr'>CARMINA.</span> 
     </span>
    </p>
   </div>
   <div class='ocr_carea' id='block_1_2' title="bbox 546 230 1656 1623">
    <p class='ocr_par' dir='ltr' id='par_1_2' title="bbox 629 230 1590 324">
     <span class='ocr_line' id='line_1_2' title="bbox 629 230 1590 274; baseline 0.003 -13"><span class='ocrx_word' id='word_1_4' title='bbox 629 230 754 261; x_wconf 82' lang='lat' dir='ltr'>Crescit</span> <span class='ocrx_word' id='word_1_5' title='bbox 777 240 867 261; x_wconf 89' lang='lat' dir='ltr'>amor</span> <span class='ocrx_word' id='word_1_6' title='bbox 890 240 1113 272; x_wconf 76' lang='lat' dir='ltr'><strong>summamque</strong></span> <span class='ocrx_word' id='word_1_7' title='bbox 1137 230 1257 261; x_wconf 88' lang='lat' dir='ltr'>famem</span> <span class='ocrx_word' id='word_1_8' title='bbox 1281 231 1453 273; x_wconf 81' lang='lat' dir='ltr'><strong>completio</strong></span> <span class='ocrx_word' id='word_1_9' title='bbox 1477 233 1590 274; x_wconf 86' lang='lat' dir='ltr'>gignit,</span> 
     </span>
     <span class='ocr_line' id='line_1_3' title="bbox 629 282 1402 324; baseline 0.003 -11"><span class='ocrx_word' id='word_1_10' title='bbox 629 282 682 313; x_wconf 86' lang='lat' dir='ltr'>Sic</span> <span class='ocrx_word' id='word_1_11' title='bbox 706 282 767 322; x_wconf 82' lang='lat' dir='ltr'>hic,</span> <span class='ocrx_word' id='word_1_12' title='bbox 792 282 817 312; x_wconf 90' lang='lat' dir='ltr'>si</span> <span class='ocrx_word' id='word_1_13' title='bbox 842 282 938 313; x_wconf 87' lang='lat' dir='ltr'>liceat</span> <span class='ocrx_word' id='word_1_14' title='bbox 961 282 1057 313; x_wconf 86' lang='lat' dir='ltr'>fatuis</span> <span class='ocrx_word' id='word_1_15' title='bbox 1081 282 1227 314; x_wconf 88' lang='lat' dir='ltr'>conferre</span> <span class='ocrx_word' id='word_1_16' title='bbox 1250 282 1402 324; x_wconf 82' lang='lat' dir='ltr'>benigna,</span> 
     </span>
    </p>

    <p class='ocr_par' dir='ltr' id='par_1_3' title="bbox 546 334 1539 583">
     <span class='ocr_line' id='line_1_4' title="bbox 546 334 1474 376; baseline 0.002 -11"><span class='ocrx_word' id='word_1_17' title='bbox 546 347 583 365; x_wconf 79' lang='lat'>155</span> <span class='ocrx_word' id='word_1_18' title='bbox 628 334 783 365; x_wconf 82' lang='lat' dir='ltr'>Crescere</span> <span class='ocrx_word' id='word_1_19' title='bbox 808 344 871 376; x_wconf 95' lang='lat' dir='ltr'>quo</span> <span class='ocrx_word' id='word_1_20' title='bbox 896 334 996 365; x_wconf 89' lang='lat' dir='ltr'>crevit</span> <span class='ocrx_word' id='word_1_21' title='bbox 1018 334 1171 366; x_wconf 85' lang='lat' dir='ltr'>virtutum</span> <span class='ocrx_word' id='word_1_22' title='bbox 1196 334 1285 366; x_wconf 89' lang='lat' dir='ltr'>lucra</span> <span class='ocrx_word' id='word_1_23' title='bbox 1307 335 1474 376; x_wconf 85' lang='lat' dir='ltr'>bonarum,</span> 
     </span>
     <span class='ocr_line' id='line_1_5' title="bbox 628 385 1501 428; baseline 0.003 -12"><span class='ocrx_word' id='word_1_24' title='bbox 628 385 845 417; x_wconf 87' lang='lat' dir='ltr'>Accumulare</span> <span class='ocrx_word' id='word_1_25' title='bbox 868 395 987 427; x_wconf 87' lang='lat' dir='ltr'>parans</span> <span class='ocrx_word' id='word_1_26' title='bbox 1011 388 1044 417; x_wconf 91' lang='lat' dir='ltr'>et</span> <span class='ocrx_word' id='word_1_27' title='bbox 1067 386 1194 417; x_wconf 87' lang='lat' dir='ltr'>avarior</span> <span class='ocrx_word' id='word_1_28' title='bbox 1216 387 1353 428; x_wconf 87' lang='lat' dir='ltr'>amplius</span> <span class='ocrx_word' id='word_1_29' title='bbox 1377 390 1501 419; x_wconf 81' lang='lat' dir='ltr'><strong>extans.</strong></span> 
     </span>
     <span class='ocr_line' id='line_1_6' title="bbox 627 436 1460 480; baseline 0.004 -12"><span class='ocrx_word' id='word_1_30' title='bbox 627 437 779 468; x_wconf 88' lang='lat' dir='ltr'>Partibus</span> <span class='ocrx_word' id='word_1_31' title='bbox 803 440 836 468; x_wconf 88' lang='lat' dir='ltr'>et</span> <span class='ocrx_word' id='word_1_32' title='bbox 859 437 968 468; x_wconf 89' lang='lat' dir='ltr'>multis</span> <span class='ocrx_word' id='word_1_33' title='bbox 991 448 1063 468; x_wconf 90' lang='lat' dir='ltr'>cum</span> <span class='ocrx_word' id='word_1_34' title='bbox 1078 436 1199 480; x_wconf 74' lang='lat' dir='ltr'>&#39;sparso</span> <span class='ocrx_word' id='word_1_35' title='bbox 1222 438 1344 470; x_wconf 80' lang='lat' dir='ltr'>semine</span> <span class='ocrx_word' id='word_1_36' title='bbox 1368 439 1460 471; x_wconf 89' lang='lat' dir='ltr'>verbi</span> 
     </span>
     <span class='ocr_line' id='line_1_7' title="bbox 628 488 1539 532; baseline 0.003 -13"><span class='ocrx_word' id='word_1_37' title='bbox 628 488 784 530; x_wconf 77' lang='lat' dir='ltr'>Surgeret</span> <span class='ocrx_word' id='word_1_38' title='bbox 807 488 883 520; x_wconf 90' lang='lat' dir='ltr'>hinc</span> <span class='ocrx_word' id='word_1_39' title='bbox 904 491 1002 531; x_wconf 90' lang='lat' dir='ltr'>atque</span> <span class='ocrx_word' id='word_1_40' title='bbox 1026 489 1100 520; x_wconf 90' lang='lat' dir='ltr'>hinc</span> <span class='ocrx_word' id='word_1_41' title='bbox 1123 489 1262 521; x_wconf 74' lang='lat' dir='ltr'>feliciter</span> <span class='ocrx_word' id='word_1_42' title='bbox 1283 490 1394 521; x_wconf 90' lang='lat' dir='ltr'>inclita</span> <span class='ocrx_word' id='word_1_43' title='bbox 1415 491 1539 532; x_wconf 80' lang='lat' dir='ltr'>messis,</span> 
     </span>
     <span class='ocr_line' id='line_1_8' title="bbox 630 539 1428 583; baseline 0.001 -11"><span class='ocrx_word' id='word_1_44' title='bbox 630 539 796 583; x_wconf 87' lang='lat' dir='ltr'>Comperit</span> <span class='ocrx_word' id='word_1_45' title='bbox 819 540 990 572; x_wconf 87' lang='lat' dir='ltr'>adstrictos</span> <span class='ocrx_word' id='word_1_46' title='bbox 1013 540 1145 572; x_wconf 82' lang='lat' dir='ltr'>Sclavos</span> <span class='ocrx_word' id='word_1_47' title='bbox 1169 551 1278 572; x_wconf 87' lang='lat' dir='ltr'>errore</span> <span class='ocrx_word' id='word_1_48' title='bbox 1300 541 1428 574; x_wconf 90' lang='lat' dir='ltr'>inimici.</span> 
     </span>
    </p>

    <p class='ocr_par' dir='ltr' id='par_1_4' title="bbox 546 592 1480 739">
     <span class='ocr_line' id='line_1_9' title="bbox 546 592 1458 636; baseline 0.003 -12"><span class='ocrx_word' id='word_1_49' title='bbox 546 605 584 624; x_wconf 81' lang='lat'>160</span> <span class='ocrx_word' id='word_1_50' title='bbox 628 592 698 629; x_wconf 84' lang='lat' dir='ltr'>Quo</span> <span class='ocrx_word' id='word_1_51' title='bbox 722 603 756 624; x_wconf 90' lang='lat' dir='ltr'>se</span> <span class='ocrx_word' id='word_1_52' title='bbox 780 594 966 636; x_wconf 88' lang='lat' dir='ltr'>martyrium</span> <span class='ocrx_word' id='word_1_53' title='bbox 990 604 1048 636; x_wconf 87' lang='lat' dir='ltr'>pro</span> <span class='ocrx_word' id='word_1_54' title='bbox 1072 593 1200 625; x_wconf 90' lang='lat' dir='ltr'>Christo</span> <span class='ocrx_word' id='word_1_55' title='bbox 1222 605 1318 636; x_wconf 90' lang='lat' dir='ltr'>posse</span> <span class='ocrx_word' id='word_1_56' title='bbox 1342 595 1458 627; x_wconf 87' lang='lat' dir='ltr'>mereri</span> 
     </span>
     <span class='ocr_line' id='line_1_10' title="bbox 629 644 1480 687; baseline 0.004 -11"><span class='ocrx_word' id='word_1_57' title='bbox 629 644 802 676; x_wconf 89' lang='lat' dir='ltr'>Confidens</span> <span class='ocrx_word' id='word_1_58' title='bbox 826 648 954 677; x_wconf 84' lang='lat' dir='ltr'>sanctus</span> <span class='ocrx_word' id='word_1_59' title='bbox 979 646 1152 687; x_wconf 82' lang='lat' dir='ltr'>glacialem</span> <span class='ocrx_word' id='word_1_60' title='bbox 1175 646 1301 677; x_wconf 88' lang='lat' dir='ltr'>transiit</span> <span class='ocrx_word' id='word_1_61' title='bbox 1322 645 1480 679; x_wconf 79' lang='lat' dir='ltr'>Histrum.</span> 
     </span>
     <span class='ocr_line' id='line_1_11' title="bbox 627 697 1440 739; baseline 0.002 -11"><span class='ocrx_word' id='word_1_62' title='bbox 627 697 744 739; x_wconf 83' lang='lat' dir='ltr'>Incipit</span> <span class='ocrx_word' id='word_1_63' title='bbox 767 700 801 728; x_wconf 88' lang='lat' dir='ltr'>et</span> <span class='ocrx_word' id='word_1_64' title='bbox 823 697 938 739; x_wconf 84' lang='lat' dir='ltr'>glebas</span> <span class='ocrx_word' id='word_1_65' title='bbox 962 697 1061 728; x_wconf 86' lang='lat' dir='ltr'>durae</span> <span class='ocrx_word' id='word_1_66' title='bbox 1085 697 1294 739; x_wconf 89' lang='lat' dir='ltr'>proscindere</span> <span class='ocrx_word' id='word_1_67' title='bbox 1318 701 1440 734; x_wconf 82' lang='lat' dir='ltr'>terrae:</span> 
     </span>
    </p>

    <p class='ocr_par' dir='ltr' id='par_1_5' title="bbox 627 748 1656 845">
     <span class='ocr_line' id='line_1_12' title="bbox 628 748 1356 792; baseline 0.001 -12"><span class='ocrx_word' id='word_1_68' title='bbox 628 748 708 780; x_wconf 90' lang='lat' dir='ltr'>Inde</span> <span class='ocrx_word' id='word_1_69' title='bbox 734 749 894 791; x_wconf 86' lang='lat' dir='ltr'>euangelii</span> <span class='ocrx_word' id='word_1_70' title='bbox 919 759 1032 780; x_wconf 91' lang='lat' dir='ltr'>semen</span> <span class='ocrx_word' id='word_1_71' title='bbox 1055 749 1214 792; x_wconf 81' lang='lat' dir='ltr'>dispergit</span> <span class='ocrx_word' id='word_1_72' title='bbox 1236 750 1356 792; x_wconf 93' lang='lat' dir='ltr'>ubique</span> 
     </span>
     <span class='ocr_line' id='line_1_13' title="bbox 627 801 1656 845; baseline 0.003 -12"><span class='ocrx_word' id='word_1_73' title='bbox 627 801 694 833; x_wconf 90' lang='lat' dir='ltr'>Per</span> <span class='ocrx_word' id='word_1_74' title='bbox 715 802 787 833; x_wconf 82' lang='lat' dir='ltr'>loca</span> <span class='ocrx_word' id='word_1_75' title='bbox 811 812 934 844; x_wconf 88' lang='lat' dir='ltr'>perque</span> <span class='ocrx_word' id='word_1_76' title='bbox 959 801 1083 842; x_wconf 88' lang='lat' dir='ltr'>domos,</span> <span class='ocrx_word' id='word_1_77' title='bbox 1106 812 1166 844; x_wconf 92' lang='lat' dir='ltr'>per</span> <span class='ocrx_word' id='word_1_78' title='bbox 1189 812 1263 833; x_wconf 86' lang='lat' dir='ltr'>rura</span> <span class='ocrx_word' id='word_1_79' title='bbox 1287 805 1320 833; x_wconf 89' lang='lat' dir='ltr'>et</span> <span class='ocrx_word' id='word_1_80' title='bbox 1343 806 1494 845; x_wconf 88' lang='lat' dir='ltr'>competa</span> <span class='ocrx_word' id='word_1_81' title='bbox 1517 804 1656 841; x_wconf 85' lang='lat' dir='ltr'>iactans;</span> 
     </span>
    </p>

    <p class='ocr_par' dir='ltr' id='par_1_6' title="bbox 546 853 1477 948">
     <span class='ocr_line' id='line_1_14' title="bbox 546 853 1477 896; baseline 0.002 -12"><span class='ocrx_word' id='word_1_82' title='bbox 546 865 582 884; x_wconf 82' lang='lat'>165</span> <span class='ocrx_word' id='word_1_83' title='bbox 626 853 746 885; x_wconf 84' lang='lat' dir='ltr'>Fundit</span> <span class='ocrx_word' id='word_1_84' title='bbox 769 864 869 896; x_wconf 86' lang='lat' dir='ltr'>aquas</span> <span class='ocrx_word' id='word_1_85' title='bbox 893 853 985 885; x_wconf 88' lang='lat' dir='ltr'>siccis</span> <span class='ocrx_word' id='word_1_86' title='bbox 1008 854 1132 896; x_wconf 85' lang='lat' dir='ltr'>superis</span> <span class='ocrx_word' id='word_1_87' title='bbox 1157 853 1197 885; x_wconf 88' lang='lat' dir='ltr'>de</span> <span class='ocrx_word' id='word_1_88' title='bbox 1221 854 1359 885; x_wconf 88' lang='lat' dir='ltr'>nubibus</span> <span class='ocrx_word' id='word_1_89' title='bbox 1383 855 1477 887; x_wconf 85' lang='lat' dir='ltr'>arvis.</span> 
     </span>
     <span class='ocr_line' id='line_1_15' title="bbox 630 904 1426 948; baseline 0.001 -12"><span class='ocrx_word' id='word_1_90' title='bbox 630 904 783 947; x_wconf 84' lang='lat' dir='ltr'>Suggerit</span> <span class='ocrx_word' id='word_1_91' title='bbox 806 905 936 936; x_wconf 75' lang='lat' dir='ltr'>inmittit</span> <span class='ocrx_word' id='word_1_92' title='bbox 959 904 1121 936; x_wconf 85' lang='lat' dir='ltr'>concludit</span> <span class='ocrx_word' id='word_1_93' title='bbox 1144 905 1287 948; x_wconf 89' lang='lat' dir='ltr'>conpluit</span> <span class='ocrx_word' id='word_1_94' title='bbox 1310 906 1426 938; x_wconf 85' lang='lat' dir='ltr'>ambit:</span> 
     </span>
    </p>

    <p class='ocr_par' dir='ltr' id='par_1_7' title="bbox 626 957 1551 1104">
     <span class='ocr_line' id='line_1_16' title="bbox 628 957 1551 1001; baseline 0.003 -13"><span class='ocrx_word' id='word_1_95' title='bbox 628 957 683 988; x_wconf 87' lang='lat' dir='ltr'>Nil</span> <span class='ocrx_word' id='word_1_96' title='bbox 706 957 792 989; x_wconf 87' lang='lat' dir='ltr'>facto</span> <span class='ocrx_word' id='word_1_97' title='bbox 816 961 972 1000; x_wconf 84' lang='lat' dir='ltr'>superest,</span> <span class='ocrx_word' id='word_1_98' title='bbox 998 957 1084 1000; x_wconf 91' lang='lat' dir='ltr'>quod</span> <span class='ocrx_word' id='word_1_99' title='bbox 1108 957 1240 1000; x_wconf 84' lang='lat' dir='ltr'>dignum</span> <span class='ocrx_word' id='word_1_100' title='bbox 1263 957 1356 990; x_wconf 85' lang='lat' dir='ltr'>duxit</span> <span class='ocrx_word' id='word_1_101' title='bbox 1378 959 1551 1001; x_wconf 84' lang='lat' dir='ltr'>agendum.</span> 
     </span>
     <span class='ocr_line' id='line_1_17' title="bbox 626 1009 1505 1052; baseline 0.002 -12"><span class='ocrx_word' id='word_1_102' title='bbox 626 1009 659 1040; x_wconf 90' lang='lat' dir='ltr'>Is</span> <span class='ocrx_word' id='word_1_103' title='bbox 683 1012 794 1041; x_wconf 90' lang='lat' dir='ltr'>tamen</span> <span class='ocrx_word' id='word_1_104' title='bbox 816 1012 852 1041; x_wconf 87' lang='lat' dir='ltr'>ut</span> <span class='ocrx_word' id='word_1_105' title='bbox 875 1012 1023 1052; x_wconf 86' lang='lat' dir='ltr'>segetem</span> <span class='ocrx_word' id='word_1_106' title='bbox 1046 1010 1143 1052; x_wconf 90' lang='lat' dir='ltr'>pleno</span> <span class='ocrx_word' id='word_1_107' title='bbox 1167 1020 1231 1041; x_wconf 90' lang='lat' dir='ltr'>non</span> <span class='ocrx_word' id='word_1_108' title='bbox 1254 1010 1399 1052; x_wconf 85' lang='lat' dir='ltr'>gramine</span> <span class='ocrx_word' id='word_1_109' title='bbox 1421 1011 1505 1042; x_wconf 85' lang='lat' dir='ltr'>votis</span> 
     </span>
     <span class='ocr_line' id='line_1_18' title="bbox 626 1061 1495 1104; baseline 0.002 -12"><span class='ocrx_word' id='word_1_110' title='bbox 626 1061 841 1103; x_wconf 76' lang='lat' dir='ltr'>Respondete</span> <span class='ocrx_word' id='word_1_111' title='bbox 865 1061 954 1093; x_wconf 84' lang='lat' dir='ltr'>videt</span> <span class='ocrx_word' id='word_1_112' title='bbox 975 1062 1113 1104; x_wconf 88' lang='lat' dir='ltr'>propriis</span> <span class='ocrx_word' id='word_1_113' title='bbox 1136 1072 1327 1104; x_wconf 87' lang='lat' dir='ltr'>cassumque</span> <span class='ocrx_word' id='word_1_114' title='bbox 1349 1062 1495 1094; x_wconf 85' lang='lat' dir='ltr'>laborem</span> 
     </span>
    </p>

    <p class='ocr_par' dir='ltr' id='par_1_8' title="bbox 547 1112 1452 1208">
     <span class='ocr_line' id='line_1_19' title="bbox 547 1112 1419 1154; baseline 0.002 -10"><span class='ocrx_word' id='word_1_115' title='bbox 547 1126 584 1144; x_wconf 79' lang='lat'>170</span> <span class='ocrx_word' id='word_1_116' title='bbox 628 1112 671 1144; x_wconf 83' lang='lat' dir='ltr'>Se</span> <span class='ocrx_word' id='word_1_117' title='bbox 695 1114 782 1145; x_wconf 88' lang='lat' dir='ltr'>saxis</span> <span class='ocrx_word' id='word_1_118' title='bbox 806 1113 925 1145; x_wconf 85' lang='lat' dir='ltr'>inferre</span> <span class='ocrx_word' id='word_1_119' title='bbox 949 1113 1073 1154; x_wconf 87' lang='lat' dir='ltr'>dolens,</span> <span class='ocrx_word' id='word_1_120' title='bbox 1097 1114 1220 1145; x_wconf 89' lang='lat' dir='ltr'>resilire</span> <span class='ocrx_word' id='word_1_121' title='bbox 1243 1116 1419 1146; x_wconf 87' lang='lat' dir='ltr'>retrorsum</span> 
     </span>
     <span class='ocr_line' id='line_1_20' title="bbox 628 1165 1452 1208; baseline 0.002 -12"><span class='ocrx_word' id='word_1_122' title='bbox 628 1165 771 1197; x_wconf 82' lang='lat' dir='ltr'>Cernens</span> <span class='ocrx_word' id='word_1_123' title='bbox 795 1166 1002 1208; x_wconf 90' lang='lat' dir='ltr'>conspicuum</span> <span class='ocrx_word' id='word_1_124' title='bbox 1026 1166 1145 1197; x_wconf 81' lang='lat' dir='ltr'>ferrum</span> <span class='ocrx_word' id='word_1_125' title='bbox 1169 1166 1321 1197; x_wconf 87' lang='lat' dir='ltr'>sulcantis</span> <span class='ocrx_word' id='word_1_126' title='bbox 1344 1167 1452 1208; x_wconf 79' lang='lat' dir='ltr'>aratri,</span> 
     </span>
    </p>

    <p class='ocr_par' dir='ltr' id='par_1_9' title="bbox 626 1217 1588 1364">
     <span class='ocr_line' id='line_1_21' title="bbox 626 1217 1557 1260; baseline 0.001 -11"><span class='ocrx_word' id='word_1_127' title='bbox 626 1217 691 1249; x_wconf 88' lang='lat' dir='ltr'>Per</span> <span class='ocrx_word' id='word_1_128' title='bbox 713 1228 916 1260; x_wconf 89' lang='lat' dir='ltr'>vacuumque</span> <span class='ocrx_word' id='word_1_129' title='bbox 940 1220 1034 1249; x_wconf 90' lang='lat' dir='ltr'>tuens</span> <span class='ocrx_word' id='word_1_130' title='bbox 1057 1218 1090 1248; x_wconf 90' lang='lat' dir='ltr'>in</span> <span class='ocrx_word' id='word_1_131' title='bbox 1113 1218 1212 1259; x_wconf 85' lang='lat' dir='ltr'>spinis</span> <span class='ocrx_word' id='word_1_132' title='bbox 1236 1228 1393 1260; x_wconf 87' lang='lat' dir='ltr'>quaerere</span> <span class='ocrx_word' id='word_1_133' title='bbox 1416 1229 1557 1250; x_wconf 86' lang='lat' dir='ltr'>messem</span> 
     </span>
     <span class='ocr_line' id='line_1_22' title="bbox 626 1269 1511 1312; baseline 0.001 -11"><span class='ocrx_word' id='word_1_134' title='bbox 626 1269 837 1312; x_wconf 83' lang='lat' dir='ltr'>Martyriique</span> <span class='ocrx_word' id='word_1_135' title='bbox 860 1269 947 1312; x_wconf 85' lang='lat' dir='ltr'>piam</span> <span class='ocrx_word' id='word_1_136' title='bbox 971 1279 1031 1301; x_wconf 90' lang='lat' dir='ltr'>nec</span> <span class='ocrx_word' id='word_1_137' title='bbox 1054 1269 1197 1311; x_wconf 87' lang='lat' dir='ltr'>palmam</span> <span class='ocrx_word' id='word_1_138' title='bbox 1220 1269 1380 1312; x_wconf 90' lang='lat' dir='ltr'>prendere</span> <span class='ocrx_word' id='word_1_139' title='bbox 1403 1281 1511 1312; x_wconf 86' lang='lat' dir='ltr'>posse,</span> 
     </span>
     <span class='ocr_line' id='line_1_23' title="bbox 627 1320 1588 1364; baseline 0.001 -11"><span class='ocrx_word' id='word_1_140' title='bbox 627 1321 680 1352; x_wconf 91' lang='lat' dir='ltr'>Ad</span> <span class='ocrx_word' id='word_1_141' title='bbox 704 1322 851 1364; x_wconf 85' lang='lat' dir='ltr'>proprias</span> <span class='ocrx_word' id='word_1_142' title='bbox 874 1322 991 1353; x_wconf 90' lang='lat' dir='ltr'>iterum</span> <span class='ocrx_word' id='word_1_143' title='bbox 1015 1320 1144 1353; x_wconf 89' lang='lat' dir='ltr'>Christo</span> <span class='ocrx_word' id='word_1_144' title='bbox 1168 1324 1218 1353; x_wconf 91' lang='lat' dir='ltr'>est</span> <span class='ocrx_word' id='word_1_145' title='bbox 1241 1322 1415 1353; x_wconf 90' lang='lat' dir='ltr'>comitante</span> <span class='ocrx_word' id='word_1_146' title='bbox 1438 1333 1588 1354; x_wconf 89' lang='lat' dir='ltr'>reversus</span> 
     </span>
    </p>

    <p class='ocr_par' dir='ltr' id='par_1_10' title="bbox 546 1372 1585 1623">
     <span class='ocr_line' id='line_1_24' title="bbox 546 1372 1520 1416; baseline 0.003 -12"><span class='ocrx_word' id='word_1_147' title='bbox 546 1386 583 1404; x_wconf 75' lang='lat'>1&#39;15</span> <span class='ocrx_word' id='word_1_148' title='bbox 627 1373 745 1404; x_wconf 87' lang='lat' dir='ltr'>Pastor</span> <span class='ocrx_word' id='word_1_149' title='bbox 769 1376 803 1405; x_wconf 87' lang='lat' dir='ltr'>et</span> <span class='ocrx_word' id='word_1_150' title='bbox 825 1384 927 1415; x_wconf 86' lang='lat' dir='ltr'>agnus</span> <span class='ocrx_word' id='word_1_151' title='bbox 952 1383 1040 1414; x_wconf 89' lang='lat' dir='ltr'>oves,</span> <span class='ocrx_word' id='word_1_152' title='bbox 1065 1373 1171 1405; x_wconf 92' lang='lat' dir='ltr'>ovium</span> <span class='ocrx_word' id='word_1_153' title='bbox 1196 1372 1263 1404; x_wconf 82' lang='lat' dir='ltr'>dux</span> <span class='ocrx_word' id='word_1_154' title='bbox 1284 1373 1356 1416; x_wconf 89' lang='lat' dir='ltr'>ipse</span> <span class='ocrx_word' id='word_1_155' title='bbox 1379 1384 1520 1408; x_wconf 85' lang='lat' dir='ltr'>suarum.</span> 
     </span>
     <span class='ocr_line' id='line_1_25' title="bbox 627 1424 1446 1457; baseline 0 -1"><span class='ocrx_word' id='word_1_156' title='bbox 627 1424 678 1456; x_wconf 86' lang='lat' dir='ltr'>Ne</span> <span class='ocrx_word' id='word_1_157' title='bbox 702 1428 812 1456; x_wconf 87' lang='lat' dir='ltr'>tamen</span> <span class='ocrx_word' id='word_1_158' title='bbox 835 1425 867 1456; x_wconf 89' lang='lat' dir='ltr'>in</span> <span class='ocrx_word' id='word_1_159' title='bbox 891 1435 1016 1456; x_wconf 91' lang='lat' dir='ltr'>cassum</span> <span class='ocrx_word' id='word_1_160' title='bbox 1040 1427 1147 1456; x_wconf 89' lang='lat' dir='ltr'>tantos</span> <span class='ocrx_word' id='word_1_161' title='bbox 1170 1424 1292 1456; x_wconf 87' lang='lat' dir='ltr'>fudisse</span> <span class='ocrx_word' id='word_1_162' title='bbox 1315 1425 1446 1457; x_wconf 89' lang='lat' dir='ltr'>labores</span> 
     </span>
     <span class='ocr_line' id='line_1_26' title="bbox 625 1477 1503 1519; baseline 0 -11"><span class='ocrx_word' id='word_1_163' title='bbox 625 1477 799 1509; x_wconf 86' lang='lat' dir='ltr'>Poeniteat</span> <span class='ocrx_word' id='word_1_164' title='bbox 821 1477 1020 1519; x_wconf 87' lang='lat' dir='ltr'>longumque</span> <span class='ocrx_word' id='word_1_165' title='bbox 1043 1477 1139 1508; x_wconf 89' lang='lat' dir='ltr'>itiner</span> <span class='ocrx_word' id='word_1_166' title='bbox 1161 1479 1375 1519; x_wconf 87' lang='lat' dir='ltr'>properanter</span> <span class='ocrx_word' id='word_1_167' title='bbox 1397 1477 1503 1508; x_wconf 85' lang='lat' dir='ltr'>adisse</span> 
     </span>
     <span class='ocr_line' id='line_1_27' title="bbox 627 1529 1585 1572; baseline 0 -11"><span class='ocrx_word' id='word_1_168' title='bbox 627 1529 697 1561; x_wconf 89' lang='lat' dir='ltr'>Nec</span> <span class='ocrx_word' id='word_1_169' title='bbox 721 1530 861 1572; x_wconf 88' lang='lat' dir='ltr'>quivisse</span> <span class='ocrx_word' id='word_1_170' title='bbox 886 1529 1027 1571; x_wconf 88' lang='lat' dir='ltr'>aliquem</span> <span class='ocrx_word' id='word_1_171' title='bbox 1050 1529 1102 1560; x_wconf 92' lang='lat' dir='ltr'>vel</span> <span class='ocrx_word' id='word_1_172' title='bbox 1125 1539 1262 1571; x_wconf 86' lang='lat' dir='ltr'>parvum</span> <span class='ocrx_word' id='word_1_173' title='bbox 1285 1539 1413 1560; x_wconf 91' lang='lat' dir='ltr'>sumere</span> <span class='ocrx_word' id='word_1_174' title='bbox 1437 1529 1585 1570; x_wconf 86' lang='lat' dir='ltr'>fructum,</span> 
     </span>
     <span class='ocr_line' id='line_1_28' title="bbox 627 1580 1543 1623; baseline 0.001 -11"><span class='ocrx_word' id='word_1_175' title='bbox 627 1581 772 1613; x_wconf 88' lang='lat' dir='ltr'>Paucula</span> <span class='ocrx_word' id='word_1_176' title='bbox 795 1591 896 1623; x_wconf 87' lang='lat' dir='ltr'>grana</span> <span class='ocrx_word' id='word_1_177' title='bbox 918 1581 1033 1623; x_wconf 84' lang='lat' dir='ltr'>legens</span> <span class='ocrx_word' id='word_1_178' title='bbox 1057 1580 1250 1612; x_wconf 87' lang='lat' dir='ltr'>caelestibus</span> <span class='ocrx_word' id='word_1_179' title='bbox 1272 1580 1388 1612; x_wconf 91' lang='lat' dir='ltr'>indidit</span> <span class='ocrx_word' id='word_1_180' title='bbox 1409 1581 1543 1613; x_wconf 87' lang='lat' dir='ltr'>horreis.</span> 
     </span>
    </p>
   </div>
   <div class='ocr_carea' id='block_1_3' title="bbox 535 1639 1816 2567">
    <p class='ocr_par' dir='ltr' id='par_1_11' title="bbox 544 1639 1816 1891">
     <span class='ocr_line' id='line_1_29' title="bbox 544 1639 1816 1683; baseline 0.002 -10"><span class='ocrx_word' id='word_1_181' title='bbox 544 1654 582 1673; x_wconf 82' lang='lat'>180</span> <span class='ocrx_word' id='word_1_182' title='bbox 667 1640 725 1672; x_wconf 91' lang='lat' dir='ltr'>VI.</span> <span class='ocrx_word' id='word_1_183' title='bbox 750 1640 797 1672; x_wconf 87' lang='lat' dir='ltr'>Te</span> <span class='ocrx_word' id='word_1_184' title='bbox 822 1650 961 1683; x_wconf 90' lang='lat' dir='ltr'>quoque,</span> <span class='ocrx_word' id='word_1_185' title='bbox 986 1643 1096 1672; x_wconf 87' lang='lat' dir='ltr'>sancte</span> <span class='ocrx_word' id='word_1_186' title='bbox 1120 1643 1218 1681; x_wconf 85' lang='lat' dir='ltr'>sator,</span> <span class='ocrx_word' id='word_1_187' title='bbox 1243 1639 1320 1671; x_wconf 92' lang='lat' dir='ltr'>dum</span> <span class='ocrx_word' id='word_1_188' title='bbox 1341 1651 1401 1672; x_wconf 90' lang='lat' dir='ltr'>nos</span> <span class='ocrx_word' id='word_1_189' title='bbox 1425 1641 1616 1673; x_wconf 86' lang='lat' dir='ltr'>comitamur</span> <span class='ocrx_word' id='word_1_190' title='bbox 1639 1646 1770 1675; x_wconf 88' lang='lat' dir='ltr'>euntem</span> <span class='ocrx_word' id='word_1_191' title='bbox 1811 1653 1816 1658; x_wconf 89' lang='lat'><em>·</em></span> 
     </span>
     <span class='ocr_line' id='line_1_30' title="bbox 626 1692 1518 1735; baseline 0 -11"><span class='ocrx_word' id='word_1_192' title='bbox 626 1692 744 1735; x_wconf 38' lang='lat' dir='ltr'>Atque*</span> <span class='ocrx_word' id='word_1_193' title='bbox 761 1695 851 1724; x_wconf 88' lang='lat' dir='ltr'>tuum</span> <span class='ocrx_word' id='word_1_194' title='bbox 875 1692 1040 1734; x_wconf 88' lang='lat' dir='ltr'>sequimur</span> <span class='ocrx_word' id='word_1_195' title='bbox 1063 1692 1192 1724; x_wconf 80' lang='lat' dir='ltr'>felicem</span> <span class='ocrx_word' id='word_1_196' title='bbox 1215 1693 1358 1724; x_wconf 87' lang='lat' dir='ltr'>carmine</span> <span class='ocrx_word' id='word_1_197' title='bbox 1381 1703 1518 1734; x_wconf 88' lang='lat' dir='ltr'>cursum,</span> 
     </span>
     <span class='ocr_line' id='line_1_31' title="bbox 626 1744 1439 1786; baseline 0 -11"><span class='ocrx_word' id='word_1_198' title='bbox 626 1744 779 1786; x_wconf 90' lang='lat' dir='ltr'>Ignotum</span> <span class='ocrx_word' id='word_1_199' title='bbox 802 1744 975 1776; x_wconf 88' lang='lat' dir='ltr'>transimus</span> <span class='ocrx_word' id='word_1_200' title='bbox 998 1744 1061 1775; x_wconf 88' lang='lat' dir='ltr'>iter</span> <span class='ocrx_word' id='word_1_201' title='bbox 1084 1754 1233 1776; x_wconf 84' lang='lat' dir='ltr'>sermone</span> <span class='ocrx_word' id='word_1_202' title='bbox 1256 1747 1415 1785; x_wconf 86' lang='lat' dir='ltr'>meantes,</span> <span class='ocrx_word' id='word_1_203' title='bbox 1438 1783 1439 1786; x_wconf 11' lang='grc' dir='ltr'><strong>Ἴ</strong></span> 
     </span>
     <span class='ocr_line' id='line_1_32' title="bbox 628 1796 1442 1838; baseline 0.001 -11"><span class='ocrx_word' id='word_1_204' title='bbox 628 1796 700 1832; x_wconf 83' lang='lat' dir='ltr'>Quo</span> <span class='ocrx_word' id='word_1_205' title='bbox 723 1796 830 1828; x_wconf 89' lang='lat' dir='ltr'>nullus</span> <span class='ocrx_word' id='word_1_206' title='bbox 853 1796 969 1828; x_wconf 86' lang='lat' dir='ltr'>missus</span> <span class='ocrx_word' id='word_1_207' title='bbox 991 1796 1123 1827; x_wconf 90' lang='lat' dir='ltr'>milleno</span> <span class='ocrx_word' id='word_1_208' title='bbox 1148 1806 1191 1828; x_wconf 83' lang='lat' dir='ltr'>ex</span> <span class='ocrx_word' id='word_1_209' title='bbox 1214 1796 1344 1838; x_wconf 86' lang='lat' dir='ltr'>agmine</span> <span class='ocrx_word' id='word_1_210' title='bbox 1366 1796 1442 1828; x_wconf 90' lang='lat' dir='ltr'>Iesu</span> 
     </span>
     <span class='ocr_line' id='line_1_33' title="bbox 626 1848 1383 1891; baseline 0.001 -12"><span class='ocrx_word' id='word_1_211' title='bbox 626 1848 797 1880; x_wconf 89' lang='lat' dir='ltr'>Vivificam</span> <span class='ocrx_word' id='word_1_212' title='bbox 819 1848 897 1880; x_wconf 89' lang='lat' dir='ltr'>iecit</span> <span class='ocrx_word' id='word_1_213' title='bbox 921 1858 1020 1879; x_wconf 89' lang='lat' dir='ltr'>cornu</span> <span class='ocrx_word' id='word_1_214' title='bbox 1044 1851 1198 1880; x_wconf 85' lang='lat' dir='ltr'>curvante</span> <span class='ocrx_word' id='word_1_215' title='bbox 1222 1849 1383 1891; x_wconf 87' lang='lat' dir='ltr'>sagittam.</span> 
     </span>
    </p>

    <p class='ocr_par' dir='ltr' id='par_1_12' title="bbox 539 1900 1494 1995">
     <span class='ocr_line' id='line_1_34' title="bbox 539 1900 1494 1943; baseline 0.001 -12"><span class='ocrx_word' id='word_1_216' title='bbox 539 1913 576 1932; x_wconf 80' lang='lat'>185</span> <span class='ocrx_word' id='word_1_217' title='bbox 621 1900 695 1932; x_wconf 85' lang='lat' dir='ltr'>Non</span> <span class='ocrx_word' id='word_1_218' title='bbox 718 1900 847 1941; x_wconf 88' lang='lat' dir='ltr'>Petrus,</span> <span class='ocrx_word' id='word_1_219' title='bbox 871 1900 992 1932; x_wconf 87' lang='lat' dir='ltr'>Paulus</span> <span class='ocrx_word' id='word_1_220' title='bbox 1015 1910 1122 1943; x_wconf 89' lang='lat' dir='ltr'>neque</span> <span class='ocrx_word' id='word_1_221' title='bbox 1147 1901 1393 1933; x_wconf 86' lang='lat' dir='ltr'>seminiverbius</span> <span class='ocrx_word' id='word_1_222' title='bbox 1417 1901 1494 1932; x_wconf 90' lang='lat' dir='ltr'>olim</span> 
     </span>
     <span class='ocr_line' id='line_1_35' title="bbox 624 1952 1451 1995; baseline 0 -12"><span class='ocrx_word' id='word_1_223' title='bbox 624 1952 763 1995; x_wconf 88' lang='lat' dir='ltr'>Propter</span> <span class='ocrx_word' id='word_1_224' title='bbox 786 1962 867 1995; x_wconf 89' lang='lat' dir='ltr'>opus</span> <span class='ocrx_word' id='word_1_225' title='bbox 891 1952 1020 1984; x_wconf 88' lang='lat' dir='ltr'>solitum</span> <span class='ocrx_word' id='word_1_226' title='bbox 1042 1952 1151 1984; x_wconf 89' lang='lat' dir='ltr'>veraci</span> <span class='ocrx_word' id='word_1_227' title='bbox 1174 1962 1282 1984; x_wconf 89' lang='lat' dir='ltr'>errore</span> <span class='ocrx_word' id='word_1_228' title='bbox 1306 1955 1451 1992; x_wconf 73' lang='lat' dir='ltr'>vocatus,</span> 
     </span>
    </p>

    <p class='ocr_par' dir='ltr' id='par_1_13' title="bbox 623 2003 1570 2150">
     <span class='ocr_line' id='line_1_36' title="bbox 625 2003 1540 2046; baseline 0 -11"><span class='ocrx_word' id='word_1_229' title='bbox 625 2003 731 2035; x_wconf 86' lang='lat' dir='ltr'>Nemo</span> <span class='ocrx_word' id='word_1_230' title='bbox 758 2004 849 2045; x_wconf 87' lang='lat' dir='ltr'>alius,</span> <span class='ocrx_word' id='word_1_231' title='bbox 873 2003 989 2036; x_wconf 86' lang='lat' dir='ltr'>validis</span> <span class='ocrx_word' id='word_1_232' title='bbox 1013 2014 1195 2046; x_wconf 84' lang='lat' dir='ltr'>quanquam</span> <span class='ocrx_word' id='word_1_233' title='bbox 1219 2004 1356 2036; x_wconf 87' lang='lat' dir='ltr'>confisus</span> <span class='ocrx_word' id='word_1_234' title='bbox 1378 2004 1411 2035; x_wconf 92' lang='lat' dir='ltr'>in</span> <span class='ocrx_word' id='word_1_235' title='bbox 1433 2004 1540 2044; x_wconf 88' lang='lat' dir='ltr'>armis,</span> 
     </span>
     <span class='ocr_line' id='line_1_37' title="bbox 625 2055 1447 2098; baseline 0 -11"><span class='ocrx_word' id='word_1_236' title='bbox 625 2055 774 2098; x_wconf 90' lang='lat' dir='ltr'>Cuspidis</span> <span class='ocrx_word' id='word_1_237' title='bbox 798 2056 952 2087; x_wconf 83' lang='lat' dir='ltr'>eximium</span> <span class='ocrx_word' id='word_1_238' title='bbox 975 2056 1107 2088; x_wconf 86' lang='lat' dir='ltr'>iactavit</span> <span class='ocrx_word' id='word_1_239' title='bbox 1130 2066 1267 2088; x_wconf 91' lang='lat' dir='ltr'>acumen</span> <span class='ocrx_word' id='word_1_240' title='bbox 1288 2056 1321 2087; x_wconf 91' lang='lat' dir='ltr'>in</span> <span class='ocrx_word' id='word_1_241' title='bbox 1342 2056 1447 2087; x_wconf 86' lang='lat' dir='ltr'>illam:</span> 
     </span>
     <span class='ocr_line' id='line_1_38' title="bbox 623 2107 1570 2150; baseline 0 -10"><span class='ocrx_word' id='word_1_242' title='bbox 623 2107 795 2141; x_wconf 82' lang='lat' dir='ltr'>Servatum</span> <span class='ocrx_word' id='word_1_243' title='bbox 818 2108 946 2140; x_wconf 88' lang='lat' dir='ltr'>tibimet</span> <span class='ocrx_word' id='word_1_244' title='bbox 969 2108 1027 2140; x_wconf 90' lang='lat' dir='ltr'>sed</span> <span class='ocrx_word' id='word_1_245' title='bbox 1049 2109 1111 2140; x_wconf 92' lang='lat' dir='ltr'>hoc</span> <span class='ocrx_word' id='word_1_246' title='bbox 1135 2111 1311 2149; x_wconf 87' lang='lat' dir='ltr'>certamen,</span> <span class='ocrx_word' id='word_1_247' title='bbox 1334 2108 1496 2150; x_wconf 81' lang='lat' dir='ltr'>Amande,</span> <span class='ocrx_word' id='word_1_248' title='bbox 1520 2111 1570 2140; x_wconf 87' lang='lat' dir='ltr'>est</span> 
     </span>
    </p>

    <p class='ocr_par' dir='ltr' id='par_1_14' title="bbox 542 2159 1518 2203">
     <span class='ocr_line' id='line_1_39' title="bbox 542 2159 1518 2203; baseline 0 -11"><span class='ocrx_word' id='word_1_249' title='bbox 542 2172 579 2191; x_wconf 75' lang='lat'>190</span> <span class='ocrx_word' id='word_1_250' title='bbox 624 2159 778 2203; x_wconf 84' lang='lat' dir='ltr'>Quosque</span> <span class='ocrx_word' id='word_1_251' title='bbox 802 2161 878 2203; x_wconf 85' lang='lat' dir='ltr'>iugo</span> <span class='ocrx_word' id='word_1_252' title='bbox 903 2161 991 2202; x_wconf 86' lang='lat' dir='ltr'>regis</span> <span class='ocrx_word' id='word_1_253' title='bbox 1014 2160 1136 2203; x_wconf 85' lang='lat' dir='ltr'>rigidos</span> <span class='ocrx_word' id='word_1_254' title='bbox 1158 2171 1223 2192; x_wconf 92' lang='lat' dir='ltr'>non</span> <span class='ocrx_word' id='word_1_255' title='bbox 1245 2159 1385 2192; x_wconf 88' lang='lat' dir='ltr'>subdere</span> <span class='ocrx_word' id='word_1_256' title='bbox 1409 2160 1518 2202; x_wconf 87' lang='lat' dir='ltr'>quisti:</span> 
     </span>
    </p>

    <p class='ocr_par' dir='ltr' id='par_1_15' title="bbox 621 2212 1604 2307">
     <span class='ocr_line' id='line_1_40' title="bbox 623 2212 1604 2254; baseline 0 -11"><span class='ocrx_word' id='word_1_257' title='bbox 623 2212 683 2244; x_wconf 92' lang='lat' dir='ltr'>Ille</span> <span class='ocrx_word' id='word_1_258' title='bbox 707 2223 800 2245; x_wconf 87' lang='lat' dir='ltr'>amor</span> <span class='ocrx_word' id='word_1_259' title='bbox 821 2213 905 2244; x_wconf 88' lang='lat' dir='ltr'>haec</span> <span class='ocrx_word' id='word_1_260' title='bbox 928 2213 1041 2254; x_wconf 86' lang='lat' dir='ltr'>tenuit,</span> <span class='ocrx_word' id='word_1_261' title='bbox 1065 2212 1148 2245; x_wconf 85' lang='lat' dir='ltr'>haec</span> <span class='ocrx_word' id='word_1_262' title='bbox 1171 2212 1263 2244; x_wconf 82' lang='lat' dir='ltr'>duxit</span> <span class='ocrx_word' id='word_1_263' title='bbox 1286 2212 1423 2244; x_wconf 85' lang='lat' dir='ltr'>honesta</span> <span class='ocrx_word' id='word_1_264' title='bbox 1445 2213 1604 2253; x_wconf 83' lang='lat' dir='ltr'>voluntas,</span> 
     </span>
     <span class='ocr_line' id='line_1_41' title="bbox 621 2264 1465 2307; baseline 0 -11"><span class='ocrx_word' id='word_1_265' title='bbox 621 2264 779 2301; x_wconf 82' lang='lat' dir='ltr'>Quatinus</span> <span class='ocrx_word' id='word_1_266' title='bbox 803 2264 846 2297; x_wconf 85' lang='lat' dir='ltr'>ad</span> <span class='ocrx_word' id='word_1_267' title='bbox 870 2264 1035 2296; x_wconf 87' lang='lat' dir='ltr'>dominum</span> <span class='ocrx_word' id='word_1_268' title='bbox 1058 2265 1207 2307; x_wconf 87' lang='lat' dir='ltr'>perfusus</span> <span class='ocrx_word' id='word_1_269' title='bbox 1230 2264 1320 2296; x_wconf 89' lang='lat' dir='ltr'>fonte</span> <span class='ocrx_word' id='word_1_270' title='bbox 1345 2265 1465 2296; x_wconf 88' lang='lat' dir='ltr'>cruoris</span> 
     </span>
    </p>

    <p class='ocr_par' dir='ltr' id='par_1_16' title="bbox 620 2311 1524 2411">
     <span class='ocr_line' id='line_1_42' title="bbox 620 2311 1524 2359; baseline -0.001 -11"><span class='ocrx_word' id='word_1_271' title='bbox 620 2316 733 2348; x_wconf 86' lang='lat' dir='ltr'>Victus</span> <span class='ocrx_word' id='word_1_272' title='bbox 755 2319 860 2348; x_wconf 86' lang='lat' dir='ltr'>morte</span> <span class='ocrx_word' id='word_1_273' title='bbox 885 2315 1026 2359; x_wconf 89' lang='lat' dir='ltr'>quidem,</span> <span class='ocrx_word' id='word_1_274' title='bbox 1050 2311 1110 2348; x_wconf 85' lang='lat' dir='ltr'>sed</span> <span class='ocrx_word' id='word_1_275' title='bbox 1132 2317 1235 2349; x_wconf 90' lang='lat' dir='ltr'>victor</span> <span class='ocrx_word' id='word_1_276' title='bbox 1257 2327 1366 2348; x_wconf 88' lang='lat' dir='ltr'>amore</span> <span class='ocrx_word' id='word_1_277' title='bbox 1390 2315 1524 2348; x_wconf 85' lang='lat' dir='ltr'>redires.</span> 
     </span>
     <span class='ocr_line' id='line_1_43' title="bbox 620 2367 1424 2411; baseline 0 -12"><span class='ocrx_word' id='word_1_278' title='bbox 620 2367 732 2404; x_wconf 86' lang='lat' dir='ltr'>Qualis</span> <span class='ocrx_word' id='word_1_279' title='bbox 755 2368 839 2400; x_wconf 87' lang='lat' dir='ltr'>forte</span> <span class='ocrx_word' id='word_1_280' title='bbox 864 2371 955 2399; x_wconf 88' lang='lat' dir='ltr'>tuum</span> <span class='ocrx_word' id='word_1_281' title='bbox 978 2368 1065 2400; x_wconf 79' lang='lat' dir='ltr'>rexit</span> <span class='ocrx_word' id='word_1_282' title='bbox 1088 2368 1268 2400; x_wconf 87' lang='lat' dir='ltr'>constantia</span> <span class='ocrx_word' id='word_1_283' title='bbox 1290 2370 1424 2411; x_wconf 84' lang='lat' dir='ltr'>pectus?</span> 
     </span>
    </p>

    <p class='ocr_par' dir='ltr' id='par_1_17' title="bbox 535 2419 1478 2515">
     <span class='ocr_line' id='line_1_44' title="bbox 535 2419 1414 2456; baseline 0.001 -5"><span class='ocrx_word' id='word_1_284' title='bbox 535 2432 572 2451; x_wconf 66' lang='lat'>1⁹5</span> <span class='ocrx_word' id='word_1_285' title='bbox 620 2419 731 2456; x_wconf 87' lang='lat' dir='ltr'>Qualis</span> <span class='ocrx_word' id='word_1_286' title='bbox 756 2423 790 2452; x_wconf 91' lang='lat' dir='ltr'>et</span> <span class='ocrx_word' id='word_1_287' title='bbox 811 2420 967 2452; x_wconf 87' lang='lat' dir='ltr'>invictum</span> <span class='ocrx_word' id='word_1_288' title='bbox 990 2420 1133 2452; x_wconf 89' lang='lat' dir='ltr'>retinens</span> <span class='ocrx_word' id='word_1_289' title='bbox 1156 2420 1293 2452; x_wconf 86' lang='lat' dir='ltr'>audacia</span> <span class='ocrx_word' id='word_1_290' title='bbox 1315 2419 1414 2452; x_wconf 88' lang='lat' dir='ltr'>robur</span> 
     </span>
     <span class='ocr_line' id='line_1_45' title="bbox 619 2471 1478 2515; baseline 0 -13"><span class='ocrx_word' id='word_1_291' title='bbox 619 2471 713 2503; x_wconf 87' lang='lat' dir='ltr'>Fecit</span> <span class='ocrx_word' id='word_1_292' title='bbox 735 2473 768 2504; x_wconf 89' lang='lat' dir='ltr'>in</span> <span class='ocrx_word' id='word_1_293' title='bbox 790 2472 936 2515; x_wconf 83' lang='lat' dir='ltr'>ignotam</span> <span class='ocrx_word' id='word_1_294' title='bbox 959 2473 1128 2514; x_wconf 89' lang='lat' dir='ltr'>regionem</span> <span class='ocrx_word' id='word_1_295' title='bbox 1151 2472 1287 2504; x_wconf 87' lang='lat' dir='ltr'>tendere</span> <span class='ocrx_word' id='word_1_296' title='bbox 1310 2474 1478 2514; x_wconf 83' lang='lat' dir='ltr'>gressum?</span> 
     </span>
    </p>

    <p class='ocr_par' dir='ltr' id='par_1_18' title="bbox 619 2523 1489 2567">
     <span class='ocr_line' id='line_1_46' title="bbox 619 2523 1489 2567; baseline 0 -12"><span class='ocrx_word' id='word_1_297' title='bbox 619 2523 670 2555; x_wconf 90' lang='lat' dir='ltr'>De</span> <span class='ocrx_word' id='word_1_298' title='bbox 695 2535 759 2567; x_wconf 85' lang='lat' dir='ltr'>qua</span> <span class='ocrx_word' id='word_1_299' title='bbox 786 2535 846 2567; x_wconf 88' lang='lat' dir='ltr'>pro</span> <span class='ocrx_word' id='word_1_300' title='bbox 873 2524 965 2556; x_wconf 90' lang='lat' dir='ltr'>donis</span> <span class='ocrx_word' id='word_1_301' title='bbox 988 2524 1163 2557; x_wconf 87' lang='lat' dir='ltr'>veniebant</span> <span class='ocrx_word' id='word_1_302' title='bbox 1185 2525 1319 2557; x_wconf 86' lang='lat' dir='ltr'>vulnera</span> <span class='ocrx_word' id='word_1_303' title='bbox 1341 2523 1489 2561; x_wconf 88' lang='lat' dir='ltr'>Francis;</span> 
     </span>
    </p>
   </div>
   <div class='ocr_carea' id='block_1_4' title="bbox 726 2602 1781 2612">
    <p class='ocr_par' dir='ltr' id='par_1_19' title="bbox 726 2602 1781 2612">
     <span class='ocr_line' id='line_1_47' title="bbox 726 2602 1781 2612; baseline 0 0"><span class='ocrx_word' id='word_1_304' title='bbox 726 2602 1781 2612; x_wconf 95' lang='lat' dir='ltr'> </span> 
     </span>
    </p>
   </div>
   <div class='ocr_carea' id='block_1_5' title="bbox 355 2659 1574 2695">
    <p class='ocr_par' dir='ltr' id='par_1_20' title="bbox 355 2659 1574 2695">
     <span class='ocr_line' id='line_1_48' title="bbox 355 2659 1574 2695; baseline 0.001 -10"><span class='ocrx_word' id='word_1_305' title='bbox 355 2659 404 2685; x_wconf 88' lang='grc'>166</span> <span class='ocrx_word' id='word_1_306' title='bbox 423 2661 536 2694; x_wconf 81' lang='lat' dir='ltr'>Suigerit</span> <span class='ocrx_word' id='word_1_307' title='bbox 554 2670 621 2686; x_wconf 83' lang='lat' dir='ltr'>corr.</span> <span class='ocrx_word' id='word_1_308' title='bbox 635 2661 660 2686; x_wconf 80' lang='lat' dir='ltr'><strong><em>A</em></strong></span> <span class='ocrx_word' id='word_1_309' title='bbox 751 2661 801 2688; x_wconf 93' lang='lat'>170</span> <span class='ocrx_word' id='word_1_310' title='bbox 822 2662 926 2688; x_wconf 77' lang='lat' dir='ltr'>resilere</span> <span class='ocrx_word' id='word_1_311' title='bbox 939 2662 963 2686; x_wconf 81' lang='lat' dir='ltr'><em>A</em></span> <span class='ocrx_word' id='word_1_312' title='bbox 1053 2661 1103 2687; x_wconf 87' lang='grc'>178</span> <span class='ocrx_word' id='word_1_313' title='bbox 1120 2670 1232 2695; x_wconf 85' lang='lat' dir='ltr'>prauum</span> <span class='ocrx_word' id='word_1_314' title='bbox 1246 2661 1270 2686; x_wconf 79' lang='lat' dir='ltr'><strong><em>A</em></strong></span> <span class='ocrx_word' id='word_1_315' title='bbox 1359 2660 1410 2686; x_wconf 88' lang='grc'>190</span> <span class='ocrx_word' id='word_1_316' title='bbox 1427 2662 1536 2694; x_wconf 83' lang='lat' dir='ltr'>Quoque</span> <span class='ocrx_word' id='word_1_317' title='bbox 1548 2661 1574 2686; x_wconf 91' lang='lat' dir='ltr'><em>B</em></span> 
     </span>
    </p>
   </div>
   <div class='ocr_carea' id='block_1_6' title="bbox 249 2736 1905 2825">
    <p class='ocr_par' dir='ltr' id='par_1_21' title="bbox 249 2736 1905 2825">
     <span class='ocr_line' id='line_1_49' title="bbox 353 2736 1905 2771; baseline 0.001 -9"><span class='ocrx_word' id='word_1_318' title='bbox 353 2737 403 2763; x_wconf 81' lang='lat'>153</span> <span class='ocrx_word' id='word_1_319' title='bbox 423 2736 478 2769; x_wconf 78' lang='lat' dir='ltr'>Ofr.</span> <span class='ocrx_word' id='word_1_320' title='bbox 494 2737 553 2764; x_wconf 76' lang='lat' dir='ltr'>Iuv.</span> <span class='ocrx_word' id='word_1_321' title='bbox 569 2737 647 2763; x_wconf 86' lang='lat' dir='ltr'>XIV</span> <span class='ocrx_word' id='word_1_322' title='bbox 658 2738 715 2765; x_wconf 86' lang='lat'>138.</span> <span class='ocrx_word' id='word_1_323' title='bbox 788 2739 836 2765; x_wconf 79' lang='lat'>154</span> <span class='ocrx_word' id='word_1_324' title='bbox 857 2738 912 2771; x_wconf 75' lang='lat' dir='ltr'>C&#39;fr.</span> <span class='ocrx_word' id='word_1_325' title='bbox 930 2739 975 2766; x_wconf 77' lang='lat' dir='ltr'>Ge.</span> <span class='ocrx_word' id='word_1_326' title='bbox 990 2738 1035 2766; x_wconf 84' lang='lat' dir='ltr'>IV</span> <span class='ocrx_word' id='word_1_327' title='bbox 1048 2738 1113 2771; x_wconf 80' lang='lat'>176;</span> <span class='ocrx_word' id='word_1_328' title='bbox 1134 2737 1212 2766; x_wconf 69' lang='lat' dir='ltr'>fflst.</span> <span class='ocrx_word' id='word_1_329' title='bbox 1233 2738 1283 2770; x_wconf 82' lang='lat'>16,</span> <span class='ocrx_word' id='word_1_330' title='bbox 1294 2738 1328 2764; x_wconf 80' lang='lat'>28</span> <span class='ocrx_word' id='word_1_331' title='bbox 1346 2740 1394 2765; x_wconf 78' lang='lat' dir='ltr'>etc.</span> <span class='ocrx_word' id='word_1_332' title='bbox 1468 2737 1516 2764; x_wconf 84' lang='grc'>167</span> <span class='ocrx_word' id='word_1_333' title='bbox 1537 2737 1594 2770; x_wconf 78' lang='lat' dir='ltr'>Ofr.</span> <span class='ocrx_word' id='word_1_334' title='bbox 1608 2736 1675 2764; x_wconf 77' lang='lat' dir='ltr'>Luc.</span> <span class='ocrx_word' id='word_1_335' title='bbox 1688 2736 1784 2764; x_wconf 76' lang='lat' dir='ltr'>Phars.</span> <span class='ocrx_word' id='word_1_336' title='bbox 1799 2736 1837 2763; x_wconf 88' lang='grc' dir='ltr'><em>Π</em></span> <span class='ocrx_word' id='word_1_337' title='bbox 1845 2737 1905 2764; x_wconf 85' lang='grc'><strong>657.</strong></span> 
     </span>
     <span class='ocr_line' id='line_1_50' title="bbox 249 2788 1086 2825; baseline 0.004 -11"><span class='ocrx_word' id='word_1_338' title='bbox 249 2788 299 2814; x_wconf 86' lang='grc'>168</span> <span class='ocrx_word' id='word_1_339' title='bbox 318 2788 375 2821; x_wconf 79' lang='lat' dir='ltr'>Ofr.</span> <span class='ocrx_word' id='word_1_340' title='bbox 399 2789 443 2815; x_wconf 83' lang='lat' dir='ltr'>Ge.</span> <span class='ocrx_word' id='word_1_341' title='bbox 463 2789 484 2815; x_wconf 92' lang='grc' dir='ltr'><em>Ι</em></span> <span class='ocrx_word' id='word_1_342' title='bbox 490 2789 532 2816; x_wconf 85' lang='grc'>47.</span> <span class='ocrx_word' id='word_1_343' title='bbox 623 2790 672 2816; x_wconf 82' lang='lat'>172</span> <span class='ocrx_word' id='word_1_344' title='bbox 691 2790 789 2817; x_wconf 78' lang='lat' dir='ltr'>Matth.</span> <span class='ocrx_word' id='word_1_345' title='bbox 809 2791 833 2823; x_wconf 87' lang='lat'>7,</span> <span class='ocrx_word' id='word_1_346' title='bbox 848 2791 896 2824; x_wconf 82' lang='lat'><strong>16,·</strong></span> <span class='ocrx_word' id='word_1_347' title='bbox 916 2790 985 2817; x_wconf 77' lang='lat' dir='ltr'>Luc.</span> <span class='ocrx_word' id='word_1_348' title='bbox 1005 2791 1029 2825; x_wconf 80' lang='lat'>6,</span> <span class='ocrx_word' id='word_1_349' title='bbox 1044 2791 1086 2817; x_wconf 82' lang='lat'>44.</span> 
     </span>
    </p>
   </div>
  </div>
 </body>
</html>
