<?xml version="1.0" encoding="UTF-8"?>
<!DOCTYPE html PUBLIC "-//W3C//DTD XHTML 1.0 Transitional//EN"
    "http://www.w3.org/TR/xhtml1/DTD/xhtml1-transitional.dtd">
<html xmlns="http://www.w3.org/1999/xhtml" xml:lang="en" lang="en">
 <head>
  <title>
</title>
<meta http-equiv="Content-Type" content="text/html;charset=utf-8" />
  <meta name='ocr-system' content='tesseract 3.04.00' />
  <meta name='ocr-capabilities' content='ocr_page ocr_carea ocr_par ocr_line ocrx_word'/>
</head>
<body>
  <div class='ocr_page' id='page_1' title='image "./monumentagerma03geseuoft/monumentagerma03geseuoft_0212.png"; bbox 0 0 2040 2996; ppageno 0'>
   <div class='ocr_carea' id='block_1_1' title="bbox 218 102 1308 142">
    <p class='ocr_par' dir='ltr' id='par_1_1' title="bbox 218 102 1308 142">
     <span class='ocr_line' id='line_1_1' title="bbox 218 102 1308 142; baseline -0.01 0"><span class='ocrx_word' id='word_1_1' title='bbox 218 111 277 142; x_wconf 80' lang='lat'><strong>196</strong></span> <span class='ocrx_word' id='word_1_2' title='bbox 777 103 922 134; x_wconf 82' lang='lat' dir='ltr'>SEDULII</span> <span class='ocrx_word' id='word_1_3' title='bbox 940 102 1069 133; x_wconf 79' lang='lat' dir='ltr'><strong>sco&#39;r&#39;rl</strong></span> <span class='ocrx_word' id='word_1_4' title='bbox 1087 102 1255 133; x_wconf 83' lang='lat' dir='ltr'><strong>CARMINA</strong></span> <span class='ocrx_word' id='word_1_5' title='bbox 1274 102 1308 132; x_wconf 91' lang='lat'><strong>11.</strong></span> 
     </span>
    </p>
   </div>
   <div class='ocr_carea' id='block_1_2' title="bbox 497 190 2040 2314">
    <p class='ocr_par' dir='ltr' id='par_1_2' title="bbox 497 190 2040 2314">
     <span class='ocr_line' id='line_1_2' title="bbox 582 190 1589 237; baseline -0.004 -10"><span class='ocrx_word' id='word_1_6' title='bbox 582 194 668 232; x_wconf 82' lang='lat' dir='ltr'>Quid</span> <span class='ocrx_word' id='word_1_7' title='bbox 691 195 792 237; x_wconf 85' lang='lat' dir='ltr'><strong>prius,</strong></span> <span class='ocrx_word' id='word_1_8' title='bbox 816 195 912 233; x_wconf 83' lang='lat' dir='ltr'><strong>alme,</strong></span> <span class='ocrx_word' id='word_1_9' title='bbox 937 196 1089 226; x_wconf 86' lang='lat' dir='ltr'><strong>canam?:</strong></span> <span class='ocrx_word' id='word_1_10' title='bbox 1114 193 1294 225; x_wconf 81' lang='lat' dir='ltr'><strong>clarissima</strong></span> <span class='ocrx_word' id='word_1_11' title='bbox 1317 195 1428 224; x_wconf 84' lang='lat' dir='ltr'><strong>vestra</strong></span> <span class='ocrx_word' id='word_1_12' title='bbox 1450 190 1589 234; x_wconf 87' lang='lat' dir='ltr'><strong>trophea</strong></span> 
     </span>
     <span class='ocr_line' id='line_1_3' title="bbox 632 245 1456 290; baseline -0.005 -11"><span class='ocrx_word' id='word_1_13' title='bbox 632 248 826 290; x_wconf 75' lang='lat' dir='ltr'><strong>Iustitiaene</strong></span> <span class='ocrx_word' id='word_1_14' title='bbox 850 246 973 278; x_wconf 82' lang='lat' dir='ltr'><strong>decus?</strong></span> <span class='ocrx_word' id='word_1_15' title='bbox 997 245 1074 288; x_wconf 93' lang='lat' dir='ltr'><strong>quid</strong></span> <span class='ocrx_word' id='word_1_16' title='bbox 1098 245 1188 287; x_wconf 89' lang='lat' dir='ltr'><strong>prius</strong></span> <span class='ocrx_word' id='word_1_17' title='bbox 1212 245 1297 276; x_wconf 86' lang='lat' dir='ltr'><strong>alme</strong></span> <span class='ocrx_word' id='word_1_18' title='bbox 1321 247 1456 276; x_wconf 84' lang='lat' dir='ltr'><strong>canam?</strong></span> 
     </span>
     <span class='ocr_line' id='line_1_4' title="bbox 583 297 2040 342; baseline -0.005 -11"><span class='ocrx_word' id='word_1_19' title='bbox 583 300 670 331; x_wconf 88' lang='lat' dir='ltr'><strong>Lilia</strong></span> <span class='ocrx_word' id='word_1_20' title='bbox 693 299 784 342; x_wconf 84' lang='lat' dir='ltr'><strong>pacis</strong></span> <span class='ocrx_word' id='word_1_21' title='bbox 807 309 898 331; x_wconf 84' lang='lat' dir='ltr'><strong>amas</strong></span> <span class='ocrx_word' id='word_1_22' title='bbox 922 298 1084 330; x_wconf 82' lang='lat' dir='ltr'><strong>bellorum</strong></span> <span class='ocrx_word' id='word_1_23' title='bbox 1107 297 1210 328; x_wconf 83' lang='lat' dir='ltr'><strong>mixta</strong></span> <span class='ocrx_word' id='word_1_24' title='bbox 1235 297 1364 336; x_wconf 84' lang='lat' dir='ltr'><strong>rosetis,</strong></span> <span class='ocrx_word' id='word_1_25' title='bbox 2034 316 2040 334; x_wconf 58' lang='lat'><em>4</em></span> 
     </span>
     <span class='ocr_line' id='line_1_5' title="bbox 631 349 1292 392; baseline -0.006 -9"><span class='ocrx_word' id='word_1_26' title='bbox 631 352 772 384; x_wconf 81' lang='lat' dir='ltr'>Pectore</span> <span class='ocrx_word' id='word_1_27' title='bbox 797 350 963 383; x_wconf 86' lang='lat' dir='ltr'><strong>Caesareo</strong></span> <span class='ocrx_word' id='word_1_28' title='bbox 986 350 1054 381; x_wconf 87' lang='lat' dir='ltr'><strong>lilia</strong></span> <span class='ocrx_word' id='word_1_29' title='bbox 1076 349 1167 392; x_wconf 85' lang='lat' dir='ltr'><strong>pacis</strong></span> <span class='ocrx_word' id='word_1_30' title='bbox 1192 359 1292 380; x_wconf 88' lang='lat' dir='ltr'><strong>amas.</strong></span> 
     </span>
     <span class='ocr_line' id='line_1_6' title="bbox 499 401 1436 445; baseline -0.005 -9"><span class='ocrx_word' id='word_1_31' title='bbox 499 411 524 430; x_wconf 75' lang='lat'><strong>³5</strong></span> <span class='ocrx_word' id='word_1_32' title='bbox 582 404 630 435; x_wconf 84' lang='lat' dir='ltr'><strong>Te</strong></span> <span class='ocrx_word' id='word_1_33' title='bbox 654 403 760 443; x_wconf 80' lang='lat' dir='ltr'><strong>decet,</strong></span> <span class='ocrx_word' id='word_1_34' title='bbox 785 403 995 445; x_wconf 81' lang='lat' dir='ltr'><strong>armipotens,</strong></span> <span class='ocrx_word' id='word_1_35' title='bbox 1019 401 1169 433; x_wconf 90' lang='lat' dir='ltr'><strong>sublimis</strong></span> <span class='ocrx_word' id='word_1_36' title='bbox 1196 401 1302 443; x_wconf 85' lang='lat' dir='ltr'><strong>gloria</strong></span> <span class='ocrx_word' id='word_1_37' title='bbox 1324 401 1436 443; x_wconf 86' lang='lat' dir='ltr'><strong>patris,</strong></span> 
     </span>
     <span class='ocr_line' id='line_1_7' title="bbox 630 453 1405 496; baseline -0.001 -9"><span class='ocrx_word' id='word_1_38' title='bbox 630 455 735 487; x_wconf 90' lang='lat' dir='ltr'><strong>Omne</strong></span> <span class='ocrx_word' id='word_1_39' title='bbox 759 454 925 496; x_wconf 81' lang='lat' dir='ltr'><strong>decusque</strong></span> <span class='ocrx_word' id='word_1_40' title='bbox 949 453 999 485; x_wconf 87' lang='lat' dir='ltr'><strong>sui</strong></span> <span class='ocrx_word' id='word_1_41' title='bbox 1021 456 1053 485; x_wconf 82' lang='lat' dir='ltr'><strong>te</strong></span> <span class='ocrx_word' id='word_1_42' title='bbox 1077 453 1173 485; x_wconf 90' lang='lat' dir='ltr'><strong>decet</strong></span> <span class='ocrx_word' id='word_1_43' title='bbox 1195 453 1405 495; x_wconf 88' lang='lat' dir='ltr'><strong>armipotens.</strong></span> 
     </span>
     <span class='ocr_line' id='line_1_8' title="bbox 581 503 1442 547; baseline -0.005 -9"><span class='ocrx_word' id='word_1_44' title='bbox 581 506 709 538; x_wconf 84' lang='lat' dir='ltr'><strong>Nomen</strong></span> <span class='ocrx_word' id='word_1_45' title='bbox 733 506 901 547; x_wconf 87' lang='lat' dir='ltr'><strong>honosque</strong></span> <span class='ocrx_word' id='word_1_46' title='bbox 926 505 1006 536; x_wconf 85' lang='lat' dir='ltr'><strong>cluit</strong></span> <span class='ocrx_word' id='word_1_47' title='bbox 1027 504 1152 536; x_wconf 88' lang='lat' dir='ltr'><strong>boreali</strong></span> <span class='ocrx_word' id='word_1_48' title='bbox 1177 504 1307 535; x_wconf 87' lang='lat' dir='ltr'><strong>climate</strong></span> <span class='ocrx_word' id='word_1_49' title='bbox 1331 503 1442 543; x_wconf 87' lang='lat' dir='ltr'><strong>vestri,</strong></span> 
     </span>
     <span class='ocr_line' id='line_1_9' title="bbox 628 556 1421 598; baseline -0.004 -8"><span class='ocrx_word' id='word_1_50' title='bbox 628 558 766 590; x_wconf 83' lang='lat' dir='ltr'><strong>Finibus</strong></span> <span class='ocrx_word' id='word_1_51' title='bbox 790 558 823 589; x_wconf 93' lang='lat' dir='ltr'><strong>in</strong></span> <span class='ocrx_word' id='word_1_52' title='bbox 848 557 974 588; x_wconf 84' lang='lat' dir='ltr'><strong>cunctis</strong></span> <span class='ocrx_word' id='word_1_53' title='bbox 998 567 1117 588; x_wconf 91' lang='lat' dir='ltr'><strong>nomen</strong></span> <span class='ocrx_word' id='word_1_54' title='bbox 1141 556 1308 598; x_wconf 85' lang='lat' dir='ltr'><strong>honosque</strong></span> <span class='ocrx_word' id='word_1_55' title='bbox 1332 556 1421 587; x_wconf 90' lang='lat' dir='ltr'><strong>cluit.</strong></span> 
     </span>
     <span class='ocr_line' id='line_1_10' title="bbox 551 608 1401 652; baseline -0.004 -10"><span class='ocrx_word' id='word_1_56' title='bbox 551 632 561 646; x_wconf 36' lang='grc' dir='ltr'><strong>χ,</strong></span> <span class='ocrx_word' id='word_1_57' title='bbox 581 611 648 642; x_wconf 87' lang='lat' dir='ltr'><strong>Vos</strong></span> <span class='ocrx_word' id='word_1_58' title='bbox 671 609 776 641; x_wconf 92' lang='lat' dir='ltr'><strong>timidi</strong></span> <span class='ocrx_word' id='word_1_59' title='bbox 799 609 962 652; x_wconf 86' lang='lat' dir='ltr'><strong>trepidant</strong></span> <span class='ocrx_word' id='word_1_60' title='bbox 986 608 1142 640; x_wconf 83' lang='lat' dir='ltr'><strong>Germani</strong></span> <span class='ocrx_word' id='word_1_61' title='bbox 1166 609 1401 651; x_wconf 84' lang='lat' dir='ltr'><strong>bellipotentes</strong></span> 
     </span>
     <span class='ocr_line' id='line_1_11' title="bbox 499 660 1434 704; baseline -0.003 -10"><span class='ocrx_word' id='word_1_62' title='bbox 499 671 525 689; x_wconf 82' lang='lat'><strong>4⁰</strong></span> <span class='ocrx_word' id='word_1_63' title='bbox 630 662 889 704; x_wconf 86' lang='lat' dir='ltr'><strong>Nortmannique</strong></span> <span class='ocrx_word' id='word_1_64' title='bbox 912 664 1022 692; x_wconf 85' lang='lat' dir='ltr'><strong>truces</strong></span> <span class='ocrx_word' id='word_1_65' title='bbox 1046 671 1104 692; x_wconf 88' lang='lat' dir='ltr'><strong>vos</strong></span> <span class='ocrx_word' id='word_1_66' title='bbox 1128 660 1233 692; x_wconf 81' lang='lat' dir='ltr'><strong>timidi</strong></span> <span class='ocrx_word' id='word_1_67' title='bbox 1257 660 1434 703; x_wconf 84' lang='lat' dir='ltr'><strong>trepidant,</strong></span> 
     </span>
     <span class='ocr_line' id='line_1_12' title="bbox 582 712 1488 756; baseline -0.004 -9"><span class='ocrx_word' id='word_1_68' title='bbox 582 715 724 746; x_wconf 88' lang='lat' dir='ltr'><strong>Nutibus</strong></span> <span class='ocrx_word' id='word_1_69' title='bbox 749 717 847 756; x_wconf 86' lang='lat' dir='ltr'><strong>atque</strong></span> <span class='ocrx_word' id='word_1_70' title='bbox 872 713 936 745; x_wconf 90' lang='lat' dir='ltr'><strong>tuis</strong></span> <span class='ocrx_word' id='word_1_71' title='bbox 959 723 1035 745; x_wconf 89' lang='lat' dir='ltr'><strong>sese</strong></span> <span class='ocrx_word' id='word_1_72' title='bbox 1058 723 1144 744; x_wconf 89' lang='lat' dir='ltr'><strong>nunc</strong></span> <span class='ocrx_word' id='word_1_73' title='bbox 1168 712 1310 744; x_wconf 84' lang='lat' dir='ltr'><strong>subdere</strong></span> <span class='ocrx_word' id='word_1_74' title='bbox 1334 712 1488 754; x_wconf 81' lang='lat' dir='ltr'><strong>gaudent,</strong></span> 
     </span>
     <span class='ocr_line' id='line_1_13' title="bbox 629 765 1367 807; baseline -0.003 -9"><span class='ocrx_word' id='word_1_75' title='bbox 629 767 700 798; x_wconf 89' lang='lat' dir='ltr'><strong>Iam</strong></span> <span class='ocrx_word' id='word_1_76' title='bbox 724 767 847 798; x_wconf 86' lang='lat' dir='ltr'><strong>servire</strong></span> <span class='ocrx_word' id='word_1_77' title='bbox 870 766 984 797; x_wconf 87' lang='lat' dir='ltr'><strong>volunt</strong></span> <span class='ocrx_word' id='word_1_78' title='bbox 1007 765 1141 796; x_wconf 88' lang='lat' dir='ltr'><strong>nutibus</strong></span> <span class='ocrx_word' id='word_1_79' title='bbox 1165 767 1264 807; x_wconf 87' lang='lat' dir='ltr'><strong>atque</strong></span> <span class='ocrx_word' id='word_1_80' title='bbox 1288 765 1367 796; x_wconf 84' lang='lat' dir='ltr'><strong>tuis:</strong></span> 
     </span>
     <span class='ocr_line' id='line_1_14' title="bbox 582 817 1451 860; baseline -0.002 -10"><span class='ocrx_word' id='word_1_81' title='bbox 582 818 732 850; x_wconf 82' lang='lat' dir='ltr'><strong>Subdere</strong></span> <span class='ocrx_word' id='word_1_82' title='bbox 757 818 843 850; x_wconf 86' lang='lat' dir='ltr'><strong>colla</strong></span> <span class='ocrx_word' id='word_1_83' title='bbox 865 818 975 860; x_wconf 84' lang='lat' dir='ltr'><strong>placet</strong></span> <span class='ocrx_word' id='word_1_84' title='bbox 996 817 1183 859; x_wconf 83' lang='lat' dir='ltr'><strong>praeceptis</strong></span> <span class='ocrx_word' id='word_1_85' title='bbox 1208 817 1451 859; x_wconf 83' lang='lat' dir='ltr'><strong>omnipotentis,</strong></span> 
     </span>
     <span class='ocr_line' id='line_1_15' title="bbox 628 868 1406 912; baseline -0.004 -10"><span class='ocrx_word' id='word_1_86' title='bbox 628 870 734 902; x_wconf 86' lang='lat' dir='ltr'><strong>Vobis</strong></span> <span class='ocrx_word' id='word_1_87' title='bbox 759 880 838 912; x_wconf 83' lang='lat' dir='ltr'><strong>prae</strong></span> <span class='ocrx_word' id='word_1_88' title='bbox 863 869 987 900; x_wconf 90' lang='lat' dir='ltr'><strong>cunctis</strong></span> <span class='ocrx_word' id='word_1_89' title='bbox 1013 868 1153 900; x_wconf 87' lang='lat' dir='ltr'><strong>subdere</strong></span> <span class='ocrx_word' id='word_1_90' title='bbox 1178 868 1264 900; x_wconf 93' lang='lat' dir='ltr'><strong>colla</strong></span> <span class='ocrx_word' id='word_1_91' title='bbox 1286 868 1406 910; x_wconf 87' lang='lat' dir='ltr'><strong>placet.</strong></span> 
     </span>
     <span class='ocr_line' id='line_1_16' title="bbox 499 920 1392 964; baseline -0.004 -9"><span class='ocrx_word' id='word_1_92' title='bbox 499 930 523 948; x_wconf 75' lang='lat'><strong>4⁵</strong></span> <span class='ocrx_word' id='word_1_93' title='bbox 583 922 647 959; x_wconf 85' lang='lat' dir='ltr'><strong>Qui</strong></span> <span class='ocrx_word' id='word_1_94' title='bbox 670 922 802 954; x_wconf 83' lang='lat' dir='ltr'><strong>fuerant</strong></span> <span class='ocrx_word' id='word_1_95' title='bbox 825 921 934 964; x_wconf 90' lang='lat' dir='ltr'><strong>populi</strong></span> <span class='ocrx_word' id='word_1_96' title='bbox 958 920 1034 952; x_wconf 89' lang='lat' dir='ltr'><strong>fidei</strong></span> <span class='ocrx_word' id='word_1_97' title='bbox 1058 921 1128 951; x_wconf 89' lang='lat' dir='ltr'><strong>sine</strong></span> <span class='ocrx_word' id='word_1_98' title='bbox 1151 920 1274 952; x_wconf 87' lang='lat' dir='ltr'><strong>lumine</strong></span> <span class='ocrx_word' id='word_1_99' title='bbox 1297 920 1392 959; x_wconf 77' lang='lat' dir='ltr'><strong>furvi,</strong></span> 
     </span>
     <span class='ocr_line' id='line_1_17' title="bbox 628 972 1328 1015; baseline -0.004 -9"><span class='ocrx_word' id='word_1_100' title='bbox 628 974 835 1014; x_wconf 87' lang='lat' dir='ltr'><strong>Lustrantur,</strong></span> <span class='ocrx_word' id='word_1_101' title='bbox 860 973 950 1004; x_wconf 87' lang='lat' dir='ltr'><strong>caeci</strong></span> <span class='ocrx_word' id='word_1_102' title='bbox 973 973 1028 1015; x_wconf 90' lang='lat' dir='ltr'><strong>qui</strong></span> <span class='ocrx_word' id='word_1_103' title='bbox 1051 972 1183 1004; x_wconf 82' lang='lat' dir='ltr'><strong>fuerant</strong></span> <span class='ocrx_word' id='word_1_104' title='bbox 1205 972 1328 1015; x_wconf 85' lang='lat' dir='ltr'><strong>populi.</strong></span> 
     </span>
     <span class='ocr_line' id='line_1_18' title="bbox 582 1023 1485 1070; baseline -0.003 -12"><span class='ocrx_word' id='word_1_105' title='bbox 582 1027 703 1070; x_wconf 84' lang='lat' dir='ltr'><strong>Eripis,</strong></span> <span class='ocrx_word' id='word_1_106' title='bbox 728 1026 939 1069; x_wconf 80' lang='lat' dir='ltr'><strong>armipotens,</strong></span> <span class='ocrx_word' id='word_1_107' title='bbox 963 1024 1120 1068; x_wconf 79' lang='lat' dir='ltr'><strong>praedam</strong></span> <span class='ocrx_word' id='word_1_108' title='bbox 1143 1024 1184 1056; x_wconf 93' lang='lat' dir='ltr'><strong>de</strong></span> <span class='ocrx_word' id='word_1_109' title='bbox 1207 1024 1301 1056; x_wconf 87' lang='lat' dir='ltr'><strong>fauce</strong></span> <span class='ocrx_word' id='word_1_110' title='bbox 1325 1023 1485 1064; x_wconf 80' lang='lat' dir='ltr'><strong>draconis,</strong></span> 
     </span>
     <span class='ocr_line' id='line_1_19' title="bbox 627 1076 1358 1120; baseline -0.004 -10"><span class='ocrx_word' id='word_1_111' title='bbox 627 1079 822 1111; x_wconf 87' lang='lat' dir='ltr'><strong>Praeclaros</strong></span> <span class='ocrx_word' id='word_1_112' title='bbox 846 1077 987 1120; x_wconf 89' lang='lat' dir='ltr'><strong>populos</strong></span> <span class='ocrx_word' id='word_1_113' title='bbox 1012 1077 1123 1119; x_wconf 82' lang='lat' dir='ltr'><strong>eripis,</strong></span> <span class='ocrx_word' id='word_1_114' title='bbox 1146 1076 1358 1119; x_wconf 83' lang='lat' dir='ltr'><strong>armipotens.</strong></span> 
     </span>
     <span class='ocr_line' id='line_1_20' title="bbox 582 1126 1488 1169; baseline -0.004 -7"><span class='ocrx_word' id='word_1_115' title='bbox 582 1130 714 1162; x_wconf 81' lang='lat' dir='ltr'><strong>Gaudet</strong></span> <span class='ocrx_word' id='word_1_116' title='bbox 737 1129 822 1161; x_wconf 89' lang='lat' dir='ltr'><strong>ovile</strong></span> <span class='ocrx_word' id='word_1_117' title='bbox 846 1128 910 1168; x_wconf 88' lang='lat' dir='ltr'><strong>dei,</strong></span> <span class='ocrx_word' id='word_1_118' title='bbox 934 1128 1030 1160; x_wconf 91' lang='lat' dir='ltr'><strong>niveo</strong></span> <span class='ocrx_word' id='word_1_119' title='bbox 1054 1138 1156 1169; x_wconf 85' lang='lat' dir='ltr'><strong>grege</strong></span> <span class='ocrx_word' id='word_1_120' title='bbox 1180 1126 1267 1169; x_wconf 90' lang='lat' dir='ltr'><strong>quod</strong></span> <span class='ocrx_word' id='word_1_121' title='bbox 1291 1127 1488 1164; x_wconf 87' lang='lat' dir='ltr'><strong>cumulatur;</strong></span> 
     </span>
     <span class='ocr_line' id='line_1_21' title="bbox 499 1178 1336 1223; baseline -0.006 -8"><span class='ocrx_word' id='word_1_122' title='bbox 499 1190 525 1207; x_wconf 74' lang='lat'><strong>⁵⁰</strong></span> <span class='ocrx_word' id='word_1_123' title='bbox 629 1182 694 1214; x_wconf 88' lang='lat' dir='ltr'><strong>Per</strong></span> <span class='ocrx_word' id='word_1_124' title='bbox 717 1185 761 1222; x_wconf 87' lang='lat' dir='ltr'><strong>te,</strong></span> <span class='ocrx_word' id='word_1_125' title='bbox 785 1180 993 1223; x_wconf 85' lang='lat' dir='ltr'><strong>bellipotens,</strong></span> <span class='ocrx_word' id='word_1_126' title='bbox 1017 1179 1140 1221; x_wconf 81' lang='lat' dir='ltr'><strong>gaudet</strong></span> <span class='ocrx_word' id='word_1_127' title='bbox 1163 1179 1250 1210; x_wconf 87' lang='lat' dir='ltr'><strong>ovile</strong></span> <span class='ocrx_word' id='word_1_128' title='bbox 1273 1178 1336 1210; x_wconf 89' lang='lat' dir='ltr'><strong>dei.</strong></span> 
     </span>
     <span class='ocr_line' id='line_1_22' title="bbox 582 1230 1455 1276; baseline -0.005 -10"><span class='ocrx_word' id='word_1_129' title='bbox 582 1234 670 1266; x_wconf 88' lang='lat' dir='ltr'><strong>Ecce</strong></span> <span class='ocrx_word' id='word_1_130' title='bbox 695 1235 835 1276; x_wconf 22' lang='lat' dir='ltr'><strong>stupent,</strong></span> <span class='ocrx_word' id='word_1_131' title='bbox 850 1232 972 1264; x_wconf 87' lang='lat' dir='ltr'><strong>hilares</strong></span> <span class='ocrx_word' id='word_1_132' title='bbox 996 1242 1039 1263; x_wconf 90' lang='lat' dir='ltr'><strong>ex</strong></span> <span class='ocrx_word' id='word_1_133' title='bbox 1063 1231 1167 1263; x_wconf 88' lang='lat' dir='ltr'><strong>corvis</strong></span> <span class='ocrx_word' id='word_1_134' title='bbox 1191 1241 1263 1263; x_wconf 87' lang='lat' dir='ltr'><strong>esse</strong></span> <span class='ocrx_word' id='word_1_135' title='bbox 1287 1230 1455 1262; x_wconf 82' lang='lat' dir='ltr'><strong>columbas</strong></span> 
     </span>
     <span class='ocr_line' id='line_1_23' title="bbox 631 1283 1305 1327; baseline -0.006 -9"><span class='ocrx_word' id='word_1_136' title='bbox 631 1286 712 1318; x_wconf 85' lang='lat' dir='ltr'><strong>Sese</strong></span> <span class='ocrx_word' id='word_1_137' title='bbox 736 1285 889 1327; x_wconf 79' lang='lat' dir='ltr'><strong>gentiles:</strong></span> <span class='ocrx_word' id='word_1_138' title='bbox 914 1294 992 1316; x_wconf 90' lang='lat' dir='ltr'><strong>ecce</strong></span> <span class='ocrx_word' id='word_1_139' title='bbox 1017 1286 1151 1326; x_wconf 82' lang='lat' dir='ltr'><strong>stupent</strong></span> <span class='ocrx_word' id='word_1_140' title='bbox 1173 1283 1305 1314; x_wconf 84' lang='lat' dir='ltr'><strong>hilares.</strong></span> 
     </span>
     <span class='ocr_line' id='line_1_24' title="bbox 580 1335 1408 1378; baseline -0.005 -8"><span class='ocrx_word' id='word_1_141' title='bbox 580 1338 721 1378; x_wconf 88' lang='lat' dir='ltr'><strong>Perfide,</strong></span> <span class='ocrx_word' id='word_1_142' title='bbox 746 1337 843 1370; x_wconf 90' lang='lat' dir='ltr'><strong>crede</strong></span> <span class='ocrx_word' id='word_1_143' title='bbox 867 1336 939 1376; x_wconf 88' lang='lat' dir='ltr'><strong>deo,</strong></span> <span class='ocrx_word' id='word_1_144' title='bbox 964 1336 991 1368; x_wconf 87' lang='lat' dir='ltr'><strong>si</strong></span> <span class='ocrx_word' id='word_1_145' title='bbox 1014 1335 1064 1367; x_wconf 87' lang='lat' dir='ltr'><strong>vis</strong></span> <span class='ocrx_word' id='word_1_146' title='bbox 1089 1335 1271 1375; x_wconf 80' lang='lat' dir='ltr'><strong>albescere,</strong></span> <span class='ocrx_word' id='word_1_147' title='bbox 1295 1345 1408 1372; x_wconf 68' lang='grc' dir='ltr'>σοι-νος</span> 
     </span>
     <span class='ocr_line' id='line_1_25' title="bbox 627 1386 1363 1430; baseline -0.005 -8"><span class='ocrx_word' id='word_1_148' title='bbox 627 1390 679 1422; x_wconf 86' lang='lat' dir='ltr'><strong>Ne</strong></span> <span class='ocrx_word' id='word_1_149' title='bbox 704 1389 845 1421; x_wconf 88' lang='lat' dir='ltr'><strong>moriare</strong></span> <span class='ocrx_word' id='word_1_150' title='bbox 869 1388 978 1428; x_wconf 91' lang='lat' dir='ltr'><strong>miser,</strong></span> <span class='ocrx_word' id='word_1_151' title='bbox 1002 1386 1138 1430; x_wconf 83' lang='lat' dir='ltr'><strong>perfide,</strong></span> <span class='ocrx_word' id='word_1_152' title='bbox 1162 1386 1261 1419; x_wconf 84' lang='lat' dir='ltr'><strong>crede</strong></span> <span class='ocrx_word' id='word_1_153' title='bbox 1285 1386 1363 1419; x_wconf 87' lang='lat' dir='ltr'><strong>deo:</strong></span> 
     </span>
     <span class='ocr_line' id='line_1_26' title="bbox 502 1438 1479 1484; baseline -0.004 -10"><span class='ocrx_word' id='word_1_154' title='bbox 502 1449 525 1468; x_wconf 80' lang='lat'><strong>⁵⁵</strong></span> <span class='ocrx_word' id='word_1_155' title='bbox 584 1441 735 1484; x_wconf 82' lang='lat' dir='ltr'><strong>Namque</strong></span> <span class='ocrx_word' id='word_1_156' title='bbox 758 1441 807 1472; x_wconf 89' lang='lat' dir='ltr'><strong>tui</strong></span> <span class='ocrx_word' id='word_1_157' title='bbox 831 1440 957 1472; x_wconf 87' lang='lat' dir='ltr'><strong>similes</strong></span> <span class='ocrx_word' id='word_1_158' title='bbox 982 1438 1105 1470; x_wconf 85' lang='lat' dir='ltr'><strong>Christi</strong></span> <span class='ocrx_word' id='word_1_159' title='bbox 1127 1438 1325 1471; x_wconf 83' lang='lat' dir='ltr'><strong>decorantur</strong></span> <span class='ocrx_word' id='word_1_160' title='bbox 1347 1439 1479 1478; x_wconf 85' lang='lat' dir='ltr'><strong>amictu,</strong></span> 
     </span>
     <span class='ocr_line' id='line_1_27' title="bbox 629 1490 1492 1535; baseline -0.005 -9"><span class='ocrx_word' id='word_1_161' title='bbox 629 1493 705 1526; x_wconf 87' lang='lat' dir='ltr'><strong>Non</strong></span> <span class='ocrx_word' id='word_1_162' title='bbox 730 1495 815 1533; x_wconf 91' lang='lat' dir='ltr'><strong>sunt,</strong></span> <span class='ocrx_word' id='word_1_163' title='bbox 840 1491 927 1535; x_wconf 92' lang='lat' dir='ltr'><strong>quod</strong></span> <span class='ocrx_word' id='word_1_164' title='bbox 950 1491 1091 1531; x_wconf 83' lang='lat' dir='ltr'><strong>fuerant,</strong></span> <span class='ocrx_word' id='word_1_165' title='bbox 1116 1501 1257 1533; x_wconf 83' lang='lat' dir='ltr'><strong>namque</strong></span> <span class='ocrx_word' id='word_1_166' title='bbox 1281 1490 1327 1522; x_wconf 92' lang='lat' dir='ltr'><strong>tui</strong></span> <span class='ocrx_word' id='word_1_167' title='bbox 1352 1491 1492 1528; x_wconf 89' lang='lat' dir='ltr'><strong>similes;</strong></span> 
     </span>
     <span class='ocr_line' id='line_1_28' title="bbox 582 1542 1460 1583; baseline -0.003 -6"><span class='ocrx_word' id='word_1_168' title='bbox 582 1545 677 1578; x_wconf 84' lang='lat' dir='ltr'><strong>Exue</strong></span> <span class='ocrx_word' id='word_1_169' title='bbox 702 1556 788 1577; x_wconf 91' lang='lat' dir='ltr'><strong>nunc</strong></span> <span class='ocrx_word' id='word_1_170' title='bbox 811 1547 942 1576; x_wconf 86' lang='lat' dir='ltr'><strong>veteres</strong></span> <span class='ocrx_word' id='word_1_171' title='bbox 965 1543 1133 1575; x_wconf 88' lang='lat' dir='ltr'><strong>maculoso</strong></span> <span class='ocrx_word' id='word_1_172' title='bbox 1157 1546 1303 1575; x_wconf 84' lang='lat' dir='ltr'><strong>scemate</strong></span> <span class='ocrx_word' id='word_1_173' title='bbox 1327 1542 1460 1583; x_wconf 81' lang='lat' dir='ltr'><strong>formas,</strong></span> 
     </span>
     <span class='ocr_line' id='line_1_29' title="bbox 629 1596 1366 1640; baseline -0.005 -10"><span class='ocrx_word' id='word_1_174' title='bbox 629 1597 830 1640; x_wconf 89' lang='lat' dir='ltr'><strong>Aethiopum</strong></span> <span class='ocrx_word' id='word_1_175' title='bbox 853 1596 980 1628; x_wconf 89' lang='lat' dir='ltr'><strong>tunicas</strong></span> <span class='ocrx_word' id='word_1_176' title='bbox 1005 1605 1090 1628; x_wconf 87' lang='lat' dir='ltr'><strong>exue</strong></span> <span class='ocrx_word' id='word_1_177' title='bbox 1116 1606 1202 1627; x_wconf 91' lang='lat' dir='ltr'><strong>nuuc</strong></span> <span class='ocrx_word' id='word_1_178' title='bbox 1225 1597 1366 1634; x_wconf 86' lang='lat' dir='ltr'><strong>veteres,</strong></span> 
     </span>
     <span class='ocr_line' id='line_1_30' title="bbox 581 1646 1502 1692; baseline -0.004 -10"><span class='ocrx_word' id='word_1_179' title='bbox 581 1650 697 1692; x_wconf 86' lang='lat' dir='ltr'><strong>Agnus</strong></span> <span class='ocrx_word' id='word_1_180' title='bbox 722 1652 754 1681; x_wconf 85' lang='lat' dir='ltr'><strong>et</strong></span> <span class='ocrx_word' id='word_1_181' title='bbox 778 1651 850 1681; x_wconf 87' lang='lat' dir='ltr'><strong>esto</strong></span> <span class='ocrx_word' id='word_1_182' title='bbox 874 1649 983 1680; x_wconf 84' lang='lat' dir='ltr'><strong>nitens</strong></span> <span class='ocrx_word' id='word_1_183' title='bbox 1006 1650 1185 1679; x_wconf 86' lang='lat' dir='ltr'><strong>renovatus</strong></span> <span class='ocrx_word' id='word_1_184' title='bbox 1209 1657 1344 1679; x_wconf 88' lang='lat' dir='ltr'><strong>munere</strong></span> <span class='ocrx_word' id='word_1_185' title='bbox 1369 1646 1502 1686; x_wconf 89' lang='lat' dir='ltr'><strong>Christi,</strong></span> 
     </span>
     <span class='ocr_line' id='line_1_31' title="bbox 497 1698 1342 1742; baseline -0.004 -8"><span class='ocrx_word' id='word_1_186' title='bbox 497 1710 523 1728; x_wconf 74' lang='lat'><strong>⁴³0</strong></span> <span class='ocrx_word' id='word_1_187' title='bbox 628 1702 721 1733; x_wconf 88' lang='lat' dir='ltr'><strong>Inter</strong></span> <span class='ocrx_word' id='word_1_188' title='bbox 744 1700 922 1733; x_wconf 87' lang='lat' dir='ltr'><strong>catholicos</strong></span> <span class='ocrx_word' id='word_1_189' title='bbox 945 1709 1050 1742; x_wconf 81' lang='lat' dir='ltr'><strong>agnus</strong></span> <span class='ocrx_word' id='word_1_190' title='bbox 1073 1702 1107 1731; x_wconf 88' lang='lat' dir='ltr'><strong>et</strong></span> <span class='ocrx_word' id='word_1_191' title='bbox 1129 1701 1200 1730; x_wconf 90' lang='lat' dir='ltr'><strong>esto</strong></span> <span class='ocrx_word' id='word_1_192' title='bbox 1224 1698 1342 1731; x_wconf 87' lang='lat' dir='ltr'><strong>nitens.</strong></span> 
     </span>
     <span class='ocr_line' id='line_1_32' title="bbox 581 1750 1365 1795; baseline -0.004 -10"><span class='ocrx_word' id='word_1_193' title='bbox 581 1753 730 1785; x_wconf 80' lang='lat' dir='ltr'><strong>Barbara</strong></span> <span class='ocrx_word' id='word_1_194' title='bbox 751 1753 865 1795; x_wconf 86' lang='lat' dir='ltr'><strong>lingua</strong></span> <span class='ocrx_word' id='word_1_195' title='bbox 889 1762 1010 1783; x_wconf 87' lang='lat' dir='ltr'><strong>sonans</strong></span> <span class='ocrx_word' id='word_1_196' title='bbox 1034 1751 1239 1791; x_wconf 34' lang='lat' dir='ltr'><strong>alleluiatica,</strong></span> <span class='ocrx_word' id='word_1_197' title='bbox 1258 1750 1365 1782; x_wconf 83' lang='lat' dir='ltr'><strong>discat</strong></span> 
     </span>
     <span class='ocr_line' id='line_1_33' title="bbox 627 1803 1470 1846; baseline -0.004 -9"><span class='ocrx_word' id='word_1_198' title='bbox 627 1805 791 1846; x_wconf 83' lang='lat' dir='ltr'><strong>Carmina,</strong></span> <span class='ocrx_word' id='word_1_199' title='bbox 815 1804 872 1836; x_wconf 89' lang='lat' dir='ltr'><strong>det</strong></span> <span class='ocrx_word' id='word_1_200' title='bbox 895 1803 1010 1836; x_wconf 87' lang='lat' dir='ltr'><strong>laudes</strong></span> <span class='ocrx_word' id='word_1_201' title='bbox 1033 1803 1176 1835; x_wconf 83' lang='lat' dir='ltr'><strong>barbara</strong></span> <span class='ocrx_word' id='word_1_202' title='bbox 1198 1803 1312 1845; x_wconf 86' lang='lat' dir='ltr'><strong>lingua</strong></span> <span class='ocrx_word' id='word_1_203' title='bbox 1335 1813 1470 1835; x_wconf 82' lang='lat' dir='ltr'><strong>sonans:</strong></span> 
     </span>
     <span class='ocr_line' id='line_1_34' title="bbox 582 1855 1367 1891; baseline -0.005 0"><span class='ocrx_word' id='word_1_204' title='bbox 582 1859 637 1891; x_wconf 88' lang='lat' dir='ltr'><strong>Sic</strong></span> <span class='ocrx_word' id='word_1_205' title='bbox 661 1858 754 1890; x_wconf 88' lang='lat' dir='ltr'><strong>ducis</strong></span> <span class='ocrx_word' id='word_1_206' title='bbox 778 1857 891 1890; x_wconf 84' lang='lat' dir='ltr'><strong>eximii</strong></span> <span class='ocrx_word' id='word_1_207' title='bbox 913 1856 1083 1889; x_wconf 87' lang='lat' dir='ltr'><strong>Ludewici</strong></span> <span class='ocrx_word' id='word_1_208' title='bbox 1105 1856 1226 1888; x_wconf 90' lang='lat' dir='ltr'><strong>bellica</strong></span> <span class='ocrx_word' id='word_1_209' title='bbox 1249 1855 1367 1888; x_wconf 82' lang='lat' dir='ltr'><strong>dextra</strong></span> 
     </span>
     <span class='ocr_line' id='line_1_35' title="bbox 627 1908 1257 1953; baseline -0.005 -10"><span class='ocrx_word' id='word_1_210' title='bbox 627 1911 747 1953; x_wconf 83' lang='lat' dir='ltr'><strong>Iraque</strong></span> <span class='ocrx_word' id='word_1_211' title='bbox 771 1910 925 1942; x_wconf 84' lang='lat' dir='ltr'><strong>mitescet</strong></span> <span class='ocrx_word' id='word_1_212' title='bbox 951 1909 996 1941; x_wconf 86' lang='lat' dir='ltr'><strong>sic</strong></span> <span class='ocrx_word' id='word_1_213' title='bbox 1020 1908 1112 1941; x_wconf 88' lang='lat' dir='ltr'><strong>ducis</strong></span> <span class='ocrx_word' id='word_1_214' title='bbox 1136 1908 1257 1940; x_wconf 85' lang='lat' dir='ltr'><strong>eximii.</strong></span> 
     </span>
     <span class='ocr_line' id='line_1_36' title="bbox 498 1955 1438 1998; baseline -0.006 -2"><span class='ocrx_word' id='word_1_215' title='bbox 498 1971 522 1989; x_wconf 72' lang='lat'><strong>⁶⁵</strong></span> <span class='ocrx_word' id='word_1_216' title='bbox 582 1963 728 1995; x_wconf 82' lang='lat' dir='ltr'><strong>Cunctus</strong></span> <span class='ocrx_word' id='word_1_217' title='bbox 752 1962 794 1995; x_wconf 93' lang='lat' dir='ltr'><strong>ab</strong></span> <span class='ocrx_word' id='word_1_218' title='bbox 818 1955 881 1994; x_wconf 82' lang='lat' dir='ltr'><strong>axe</strong></span> <span class='ocrx_word' id='word_1_219' title='bbox 905 1962 996 1994; x_wconf 85' lang='lat' dir='ltr'><strong>venit</strong></span> <span class='ocrx_word' id='word_1_220' title='bbox 1018 1960 1161 1993; x_wconf 85' lang='lat' dir='ltr'><strong>borealis</strong></span> <span class='ocrx_word' id='word_1_221' title='bbox 1185 1959 1325 1992; x_wconf 85' lang='lat' dir='ltr'><strong>climatis</strong></span> <span class='ocrx_word' id='word_1_222' title='bbox 1349 1958 1438 1998; x_wconf 86' lang='lat' dir='ltr'><strong>ordo,</strong></span> 
     </span>
     <span class='ocr_line' id='line_1_37' title="bbox 625 2012 1421 2057; baseline -0.005 -11"><span class='ocrx_word' id='word_1_223' title='bbox 625 2015 810 2057; x_wconf 86' lang='lat' dir='ltr'><strong>Linguosus</strong></span> <span class='ocrx_word' id='word_1_224' title='bbox 834 2013 974 2057; x_wconf 90' lang='lat' dir='ltr'><strong>populus</strong></span> <span class='ocrx_word' id='word_1_225' title='bbox 998 2016 1135 2046; x_wconf 86' lang='lat' dir='ltr'><strong>cunctus</strong></span> <span class='ocrx_word' id='word_1_226' title='bbox 1162 2012 1204 2044; x_wconf 84' lang='lat' dir='ltr'><strong>ab</strong></span> <span class='ocrx_word' id='word_1_227' title='bbox 1228 2022 1291 2044; x_wconf 82' lang='lat' dir='ltr'><strong>axe</strong></span> <span class='ocrx_word' id='word_1_228' title='bbox 1314 2012 1421 2049; x_wconf 78' lang='lat' dir='ltr'><strong>venit3</strong></span> 
     </span>
     <span class='ocr_line' id='line_1_38' title="bbox 579 2063 1369 2109; baseline -0.006 -10"><span class='ocrx_word' id='word_1_229' title='bbox 579 2067 627 2099; x_wconf 84' lang='lat' dir='ltr'><strong>Te</strong></span> <span class='ocrx_word' id='word_1_230' title='bbox 652 2066 829 2099; x_wconf 82' lang='lat' dir='ltr'><strong>Salemona</strong></span> <span class='ocrx_word' id='word_1_231' title='bbox 851 2066 941 2109; x_wconf 92' lang='lat' dir='ltr'><strong>pium</strong></span> <span class='ocrx_word' id='word_1_232' title='bbox 966 2065 1052 2097; x_wconf 83' lang='lat' dir='ltr'><strong>votis</strong></span> <span class='ocrx_word' id='word_1_233' title='bbox 1076 2067 1211 2107; x_wconf 84' lang='lat' dir='ltr'><strong>exoptat</strong></span> <span class='ocrx_word' id='word_1_234' title='bbox 1234 2063 1369 2104; x_wconf 86' lang='lat' dir='ltr'><strong>habere,</strong></span> 
     </span>
     <span class='ocr_line' id='line_1_39' title="bbox 627 2116 1304 2161; baseline -0.006 -10"><span class='ocrx_word' id='word_1_235' title='bbox 627 2119 732 2161; x_wconf 89' lang='lat' dir='ltr'><strong>Eligit</strong></span> <span class='ocrx_word' id='word_1_236' title='bbox 754 2119 787 2150; x_wconf 90' lang='lat' dir='ltr'><strong>in</strong></span> <span class='ocrx_word' id='word_1_237' title='bbox 810 2128 924 2160; x_wconf 85' lang='lat' dir='ltr'><strong>regem</strong></span> <span class='ocrx_word' id='word_1_238' title='bbox 948 2120 981 2149; x_wconf 89' lang='lat' dir='ltr'><strong>te</strong></span> <span class='ocrx_word' id='word_1_239' title='bbox 1006 2117 1183 2149; x_wconf 83' lang='lat' dir='ltr'><strong>Salemona</strong></span> <span class='ocrx_word' id='word_1_240' title='bbox 1205 2116 1304 2159; x_wconf 90' lang='lat' dir='ltr'><strong>pium.</strong></span> 
     </span>
     <span class='ocr_line' id='line_1_40' title="bbox 581 2166 1498 2213; baseline -0.007 -9"><span class='ocrx_word' id='word_1_241' title='bbox 581 2171 672 2209; x_wconf 86' lang='lat' dir='ltr'><strong>Quos</strong></span> <span class='ocrx_word' id='word_1_242' title='bbox 695 2181 801 2213; x_wconf 89' lang='lat' dir='ltr'><strong>neque</strong></span> <span class='ocrx_word' id='word_1_243' title='bbox 825 2169 1011 2213; x_wconf 91' lang='lat' dir='ltr'><strong>perdomuit</strong></span> <span class='ocrx_word' id='word_1_244' title='bbox 1034 2168 1169 2207; x_wconf 82' lang='lat' dir='ltr'><strong>Caesar,</strong></span> <span class='ocrx_word' id='word_1_245' title='bbox 1193 2171 1230 2200; x_wconf 85' lang='lat' dir='ltr'><strong>tu</strong></span> <span class='ocrx_word' id='word_1_246' title='bbox 1253 2167 1342 2199; x_wconf 87' lang='lat' dir='ltr'><strong>solus</strong></span> <span class='ocrx_word' id='word_1_247' title='bbox 1366 2166 1498 2207; x_wconf 76' lang='lat' dir='ltr'><strong>habeto,</strong></span> 
     </span>
     <span class='ocr_line' id='line_1_41' title="bbox 498 2218 1399 2266; baseline -0.007 -10"><span class='ocrx_word' id='word_1_248' title='bbox 498 2231 522 2249; x_wconf 86' lang='lat'><strong>⁷⁰</strong></span> <span class='ocrx_word' id='word_1_249' title='bbox 627 2223 749 2266; x_wconf 87' lang='lat' dir='ltr'><strong>Ingens</strong></span> <span class='ocrx_word' id='word_1_250' title='bbox 772 2223 944 2265; x_wconf 85' lang='lat' dir='ltr'><strong>Augustus</strong></span> <span class='ocrx_word' id='word_1_251' title='bbox 968 2231 1048 2264; x_wconf 91' lang='lat' dir='ltr'><strong>quos</strong></span> <span class='ocrx_word' id='word_1_252' title='bbox 1071 2230 1179 2263; x_wconf 88' lang='lat' dir='ltr'><strong>neque</strong></span> <span class='ocrx_word' id='word_1_253' title='bbox 1202 2218 1399 2263; x_wconf 89' lang='lat' dir='ltr'><strong>perdomuit.</strong></span> 
     </span>
     <span class='ocr_line' id='line_1_42' title="bbox 581 2271 1351 2314; baseline -0.006 -6"><span class='ocrx_word' id='word_1_254' title='bbox 581 2275 696 2308; x_wconf 82' lang='lat' dir='ltr'><strong>Sidere</strong></span> <span class='ocrx_word' id='word_1_255' title='bbox 721 2274 889 2307; x_wconf 86' lang='lat' dir='ltr'><strong>Caesareo</strong></span> <span class='ocrx_word' id='word_1_256' title='bbox 911 2274 993 2306; x_wconf 86' lang='lat' dir='ltr'><strong>felix</strong></span> <span class='ocrx_word' id='word_1_257' title='bbox 1017 2272 1196 2305; x_wconf 81' lang='lat' dir='ltr'><strong>Germania</strong></span> <span class='ocrx_word' id='word_1_258' title='bbox 1218 2271 1351 2314; x_wconf 87' lang='lat' dir='ltr'><strong>gaudet,</strong></span> 
     </span>
    </p>
   </div>
   <div class='ocr_carea' id='block_1_3' title="bbox 2023 338 2040 718">
    <p class='ocr_par' dir='ltr' id='par_1_3' title="bbox 2023 338 2040 718">
     <span class='ocr_line' id='line_1_43' title="bbox 2023 338 2040 718; textangle 90"><span class='ocrx_word' id='word_1_259' title='bbox 2023 491 2040 718; x_wconf 50' lang='lat' dir='ltr'><strong>&#39;mfflfummn</strong></span> <span class='ocrx_word' id='word_1_260' title='bbox 2031 474 2034 475; x_wconf 28' lang='grc' dir='ltr'>π</span> <span class='ocrx_word' id='word_1_261' title='bbox 2032 386 2040 399; x_wconf 79' lang='lat'><strong>.-</strong></span> <span class='ocrx_word' id='word_1_262' title='bbox 2032 366 2034 370; x_wconf 99' lang='lat'>-</span> <span class='ocrx_word' id='word_1_263' title='bbox 2035 338 2040 349; x_wconf 89' lang='lat'>-</span> 
     </span>
    </p>
   </div>
   <div class='ocr_carea' id='block_1_4' title="bbox 2014 1752 2034 1847">
    <p class='ocr_par' dir='ltr' id='par_1_4' title="bbox 2014 1752 2034 1847">
     <span class='ocr_line' id='line_1_44' title="bbox 2015 1752 2027 1767; baseline 0 0"><span class='ocrx_word' id='word_1_264' title='bbox 2015 1752 2027 1767; x_wconf 67' lang='grc' dir='ltr'>α</span> 
     </span>
     <span class='ocr_line' id='line_1_45' title="bbox 2015 1769 2026 1798; baseline 0 0"><span class='ocrx_word' id='word_1_265' title='bbox 2015 1769 2026 1798; x_wconf 65' lang='grc' dir='ltr'><strong>ἱ</strong></span> 
     </span>
     <span class='ocr_line' id='line_1_46' title="bbox 2014 1806 2034 1847; baseline 0 -17"><span class='ocrx_word' id='word_1_266' title='bbox 2014 1806 2034 1847; x_wconf 58' lang='grc' dir='ltr'><strong>ζ.</strong></span> 
     </span>
    </p>
   </div>
   <div class='ocr_carea' id='block_1_5' title="bbox 578 2324 1540 2473">
    <p class='ocr_par' dir='ltr' id='par_1_5' title="bbox 578 2324 1540 2473">
     <span class='ocr_line' id='line_1_47' title="bbox 625 2324 1300 2361; baseline -0.007 -1"><span class='ocrx_word' id='word_1_267' title='bbox 625 2327 673 2360; x_wconf 85' lang='lat' dir='ltr'><strong>Te</strong></span> <span class='ocrx_word' id='word_1_268' title='bbox 696 2328 837 2359; x_wconf 86' lang='lat' dir='ltr'><strong>lustrata</strong></span> <span class='ocrx_word' id='word_1_269' title='bbox 859 2326 960 2358; x_wconf 89' lang='lat' dir='ltr'><strong>micat</strong></span> <span class='ocrx_word' id='word_1_270' title='bbox 983 2325 1090 2357; x_wconf 89' lang='lat' dir='ltr'><strong>sidere</strong></span> <span class='ocrx_word' id='word_1_271' title='bbox 1114 2324 1300 2361; x_wconf 88' lang='lat' dir='ltr'><strong>Caesareo;</strong></span> 
     </span>
     <span class='ocr_line' id='line_1_48' title="bbox 578 2374 1540 2421; baseline -0.007 -9"><span class='ocrx_word' id='word_1_272' title='bbox 578 2379 821 2421; x_wconf 88' lang='lat' dir='ltr'><strong>Francigenum</strong></span> <span class='ocrx_word' id='word_1_273' title='bbox 845 2378 987 2421; x_wconf 89' lang='lat' dir='ltr'><strong>populus</strong></span> <span class='ocrx_word' id='word_1_274' title='bbox 1011 2376 1139 2420; x_wconf 86' lang='lat' dir='ltr'><strong>plaudit</strong></span> <span class='ocrx_word' id='word_1_275' title='bbox 1161 2376 1363 2418; x_wconf 85' lang='lat' dir='ltr'><strong>Rhenusque</strong></span> <span class='ocrx_word' id='word_1_276' title='bbox 1387 2374 1540 2412; x_wconf 82' lang='lat' dir='ltr'><strong>bicornis,</strong></span> 
     </span>
     <span class='ocr_line' id='line_1_49' title="bbox 629 2427 1459 2473; baseline -0.006 -10"><span class='ocrx_word' id='word_1_277' title='bbox 629 2431 752 2463; x_wconf 85' lang='lat' dir='ltr'><strong>Vestra</strong></span> <span class='ocrx_word' id='word_1_278' title='bbox 774 2431 911 2473; x_wconf 88' lang='lat' dir='ltr'><strong>trophea</strong></span> <span class='ocrx_word' id='word_1_279' title='bbox 934 2430 1022 2462; x_wconf 85' lang='lat' dir='ltr'><strong>canit</strong></span> <span class='ocrx_word' id='word_1_280' title='bbox 1044 2428 1286 2471; x_wconf 87' lang='lat' dir='ltr'><strong>Francigenum</strong></span> <span class='ocrx_word' id='word_1_281' title='bbox 1308 2427 1459 2470; x_wconf 89' lang='lat' dir='ltr'><strong>populus.</strong></span> 
     </span>
    </p>
   </div>
   <div class='ocr_carea' id='block_1_6' title="bbox 330 2508 1761 2518">
    <p class='ocr_par' dir='ltr' id='par_1_6' title="bbox 330 2508 1761 2518">
     <span class='ocr_line' id='line_1_50' title="bbox 330 2508 1761 2518; baseline 0 0"><span class='ocrx_word' id='word_1_282' title='bbox 330 2508 1761 2518; x_wconf 95' lang='lat' dir='ltr'><strong> </strong></span> 
     </span>
    </p>
   </div>
   <div class='ocr_carea' id='block_1_7' title="bbox 314 2569 1537 2600">
    <p class='ocr_par' dir='ltr' id='par_1_7' title="bbox 314 2569 1537 2600">
     <span class='ocr_line' id='line_1_51' title="bbox 314 2569 1537 2600; baseline -0.005 0"><span class='ocrx_word' id='word_1_283' title='bbox 314 2574 348 2600; x_wconf 81' lang='lat'><strong>36</strong></span> <span class='ocrx_word' id='word_1_284' title='bbox 367 2573 421 2600; x_wconf 78' lang='lat' dir='ltr'><strong>’&#39;‘tui</strong></span> <span class='ocrx_word' id='word_1_285' title='bbox 436 2575 458 2599; x_wconf 81' lang='lat' dir='ltr'><strong>C</strong></span> <span class='ocrx_word' id='word_1_286' title='bbox 541 2573 575 2599; x_wconf 82' lang='lat'><strong>37</strong></span> <span class='ocrx_word' id='word_1_287' title='bbox 594 2575 690 2600; x_wconf 77' lang='lat' dir='ltr'><strong>bei-eali</strong></span> <span class='ocrx_word' id='word_1_288' title='bbox 705 2575 727 2600; x_wconf 83' lang='grc' dir='ltr'><em>Ο</em></span> <span class='ocrx_word' id='word_1_289' title='bbox 775 2572 908 2600; x_wconf 71' lang='lat' dir='ltr'><strong>*vestrum</strong></span> <span class='ocrx_word' id='word_1_290' title='bbox 922 2574 945 2599; x_wconf 76' lang='grc' dir='ltr'><strong><em>Ο</em></strong></span> <span class='ocrx_word' id='word_1_291' title='bbox 1028 2571 1060 2598; x_wconf 80' lang='grc'><strong>51</strong></span> <span class='ocrx_word' id='word_1_292' title='bbox 1081 2572 1165 2598; x_wconf 86' lang='lat' dir='ltr'><strong>corbis</strong></span> <span class='ocrx_word' id='word_1_293' title='bbox 1181 2572 1203 2596; x_wconf 83' lang='lat' dir='ltr'><strong>C&#39;</strong></span> <span class='ocrx_word' id='word_1_294' title='bbox 1285 2569 1320 2596; x_wconf 84' lang='lat'><strong>53</strong></span> <span class='ocrx_word' id='word_1_295' title='bbox 1338 2569 1413 2596; x_wconf 78' lang='lat' dir='ltr'><strong>credo</strong></span> <span class='ocrx_word' id='word_1_296' title='bbox 1431 2578 1500 2595; x_wconf 78' lang='lat' dir='ltr'><strong>corr.</strong></span> <span class='ocrx_word' id='word_1_297' title='bbox 1514 2570 1537 2595; x_wconf 82' lang='lat'><em>0</em></span> 
     </span>
    </p>
   </div>
   <div class='ocr_carea' id='block_1_8' title="bbox 1990 1883 2040 2730">
    <p class='ocr_par' dir='ltr' id='par_1_8' title="bbox 1990 1883 2040 2730">
     <span class='ocr_line' id='line_1_52' title="bbox 1990 1883 2040 2730; baseline 0 0"><span class='ocrx_word' id='word_1_298' title='bbox 1990 1883 2040 2730; x_wconf 95' lang='lat' dir='ltr'><strong> </strong></span> 
     </span>
    </p>
   </div>
   <div class='ocr_carea' id='block_1_9' title="bbox 209 2664 1870 2807">
    <p class='ocr_par' dir='ltr' id='par_1_9' title="bbox 209 2664 1870 2807">
     <span class='ocr_line' id='line_1_53' title="bbox 313 2664 1870 2702; baseline -0.003 -7"><span class='ocrx_word' id='word_1_299' title='bbox 313 2669 347 2695; x_wconf 87' lang='grc'><strong>33</strong></span> <span class='ocrx_word' id='word_1_300' title='bbox 365 2676 450 2702; x_wconf 74' lang='lat' dir='ltr'><strong>supra</strong></span> <span class='ocrx_word' id='word_1_301' title='bbox 471 2668 542 2702; x_wconf 87' lang='lat' dir='ltr'><strong>XII,</strong></span> <span class='ocrx_word' id='word_1_302' title='bbox 562 2668 593 2694; x_wconf 87' lang='lat'><strong>41</strong></span> <span class='ocrx_word' id='word_1_303' title='bbox 611 2670 634 2694; x_wconf 74' lang='lat' dir='ltr'><strong>et</strong></span> <span class='ocrx_word' id='word_1_304' title='bbox 653 2668 781 2695; x_wconf 71' lang='lat' dir='ltr'><strong>Aldhelm.</strong></span> <span class='ocrx_word' id='word_1_305' title='bbox 797 2676 856 2695; x_wconf 77' lang='lat' dir='ltr'><strong>aen.</strong></span> <span class='ocrx_word' id='word_1_306' title='bbox 871 2668 965 2702; x_wconf 72' lang='lat' dir='ltr'><strong>polyst.</strong></span> <span class='ocrx_word' id='word_1_307' title='bbox 984 2666 1021 2694; x_wconf 79' lang='lat' dir='ltr'><strong>ed.</strong></span> <span class='ocrx_word' id='word_1_308' title='bbox 1041 2666 1095 2694; x_wconf 65' lang='lat' dir='ltr'><strong>Ga.</strong></span> <span class='ocrx_word' id='word_1_309' title='bbox 1103 2674 1132 2700; x_wconf 80' lang='lat' dir='ltr'><strong>p.</strong></span> <span class='ocrx_word' id='word_1_310' title='bbox 1143 2665 1191 2692; x_wconf 78' lang='lat'><strong>271</strong></span> <span class='ocrx_word' id='word_1_311' title='bbox 1213 2666 1245 2692; x_wconf 77' lang='lat'><strong>16</strong></span> <span class='ocrx_word' id='word_1_312' title='bbox 1257 2665 1331 2692; x_wconf 85' lang='lat' dir='ltr'><strong>Lilia</strong></span> <span class='ocrx_word' id='word_1_313' title='bbox 1348 2664 1495 2699; x_wconf 81' lang='lat' dir='ltr'><strong>purpureis</strong></span> <span class='ocrx_word' id='word_1_314' title='bbox 1512 2672 1623 2698; x_wconf 85' lang='lat' dir='ltr'><strong>possum</strong></span> <span class='ocrx_word' id='word_1_315' title='bbox 1641 2671 1747 2690; x_wconf 82' lang='lat' dir='ltr'><strong>conexa</strong></span> <span class='ocrx_word' id='word_1_316' title='bbox 1763 2664 1870 2691; x_wconf 80' lang='lat' dir='ltr'><strong>rosetis.</strong></span> 
     </span>
     <span class='ocr_line' id='line_1_54' title="bbox 209 2715 1870 2754; baseline -0.003 -7"><span class='ocrx_word' id='word_1_317' title='bbox 209 2721 242 2747; x_wconf 82' lang='lat'><strong>37</strong></span> <span class='ocrx_word' id='word_1_318' title='bbox 256 2720 315 2747; x_wconf 79' lang='lat' dir='ltr'><strong>Ecz.</strong></span> <span class='ocrx_word' id='word_1_319' title='bbox 330 2720 361 2754; x_wconf 81' lang='lat' dir='ltr'><strong>V,</strong></span> <span class='ocrx_word' id='word_1_320' title='bbox 380 2721 413 2746; x_wconf 81' lang='lat'><strong>78</strong></span> <span class='ocrx_word' id='word_1_321' title='bbox 426 2741 432 2748; x_wconf 87' lang='lat'><strong>.</strong></span> <span class='ocrx_word' id='word_1_322' title='bbox 446 2741 452 2748; x_wconf 89' lang='lat'><strong>.</strong></span> <span class='ocrx_word' id='word_1_323' title='bbox 471 2721 559 2747; x_wconf 87' lang='lat' dir='ltr'><strong>honos</strong></span> <span class='ocrx_word' id='word_1_324' title='bbox 582 2728 739 2754; x_wconf 85' lang='lat' dir='ltr'><strong>nomenque</strong></span> <span class='ocrx_word' id='word_1_325' title='bbox 763 2722 842 2747; x_wconf 88' lang='lat' dir='ltr'><strong>tuum</strong></span> <span class='ocrx_word' id='word_1_326' title='bbox 854 2740 932 2748; x_wconf 87' lang='grc'><strong>.....</strong></span> <span class='ocrx_word' id='word_1_327' title='bbox 1024 2719 1059 2745; x_wconf 90' lang='grc'><strong>43</strong></span> <span class='ocrx_word' id='word_1_328' title='bbox 1079 2717 1168 2744; x_wconf 71' lang='lat' dir='ltr'><strong>Salat.</strong></span> <span class='ocrx_word' id='word_1_329' title='bbox 1188 2717 1209 2743; x_wconf 93' lang='lat' dir='ltr'><strong><em>I</em></strong></span> <span class='ocrx_word' id='word_1_330' title='bbox 1229 2722 1247 2741; x_wconf 83' lang='grc' dir='ltr'><em>ν</em></span> <span class='ocrx_word' id='word_1_331' title='bbox 1266 2718 1301 2744; x_wconf 78' lang='lat'><strong>20</strong></span> <span class='ocrx_word' id='word_1_332' title='bbox 1315 2725 1377 2751; x_wconf 74' lang='lat' dir='ltr'><strong>paq.</strong></span> <span class='ocrx_word' id='word_1_333' title='bbox 1398 2717 1456 2743; x_wconf 78' lang='lat'><strong>156.</strong></span> <span class='ocrx_word' id='word_1_334' title='bbox 1543 2716 1575 2743; x_wconf 76' lang='lat'><strong>51</strong></span> <span class='ocrx_word' id='word_1_335' title='bbox 1594 2716 1645 2748; x_wconf 84' lang='lat' dir='ltr'><strong>csr.</strong></span> <span class='ocrx_word' id='word_1_336' title='bbox 1661 2723 1682 2742; x_wconf 78' lang='lat' dir='ltr'><strong>e.</strong></span> <span class='ocrx_word' id='word_1_337' title='bbox 1697 2724 1721 2750; x_wconf 81' lang='lat'><strong>9.</strong></span> <span class='ocrx_word' id='word_1_338' title='bbox 1741 2715 1870 2743; x_wconf 59' lang='lat' dir='ltr'><strong>Alaban.</strong></span> 
     </span>
     <span class='ocr_line' id='line_1_55' title="bbox 209 2769 1270 2807; baseline -0.005 -7"><span class='ocrx_word' id='word_1_339' title='bbox 209 2772 284 2800; x_wconf 80' lang='lat' dir='ltr'><strong>laud.</strong></span> <span class='ocrx_word' id='word_1_340' title='bbox 302 2773 364 2806; x_wconf 75' lang='lat' dir='ltr'><strong>m&#39;rq.</strong></span> <span class='ocrx_word' id='word_1_341' title='bbox 384 2773 434 2799; x_wconf 86' lang='lat'><strong>491</strong></span> <span class='ocrx_word' id='word_1_342' title='bbox 453 2781 501 2807; x_wconf 77' lang='lat' dir='ltr'><strong>sq..</strong></span> <span class='ocrx_word' id='word_1_343' title='bbox 589 2773 623 2798; x_wconf 84' lang='grc'><strong>69</strong></span> <span class='ocrx_word' id='word_1_344' title='bbox 640 2780 677 2806; x_wconf 77' lang='lat' dir='ltr'><strong>sq.</strong></span> <span class='ocrx_word' id='word_1_345' title='bbox 696 2773 743 2806; x_wconf 75' lang='lat' dir='ltr'><strong>cfr.</strong></span> <span class='ocrx_word' id='word_1_346' title='bbox 763 2772 862 2806; x_wconf 90' lang='lat' dir='ltr'><strong>XXV,</strong></span> <span class='ocrx_word' id='word_1_347' title='bbox 882 2773 916 2798; x_wconf 85' lang='lat'><strong>55</strong></span> <span class='ocrx_word' id='word_1_348' title='bbox 933 2779 979 2805; x_wconf 80' lang='lat' dir='ltr'><strong>sq..</strong></span> <span class='ocrx_word' id='word_1_349' title='bbox 1067 2770 1102 2796; x_wconf 80' lang='lat'><strong>73</strong></span> <span class='ocrx_word' id='word_1_350' title='bbox 1118 2769 1166 2803; x_wconf 76' lang='lat' dir='ltr'><strong>cfr.</strong></span> <span class='ocrx_word' id='word_1_351' title='bbox 1186 2769 1209 2803; x_wconf 87' lang='lat' dir='ltr'><strong>I,</strong></span> <span class='ocrx_word' id='word_1_352' title='bbox 1229 2770 1270 2796; x_wconf 83' lang='lat'><strong>51.</strong></span> 
     </span>
    </p>
   </div>
  </div>
 </body>
</html>
