2040 2996
0 2419 39 2609 2--54222w2122-2
5 2349 34 2407 ἐν·
0 1686 27 2339 ἮΜψΨη-ἏΨΜΨ
0 1667 10 1675 ’

15 2614 41 2696 ‹fu-³<
31 2598 35 2602 .

27 2725 31 2730 -
18 2696 35 2718 dx*

553 165 768 197 ORATIONES.
804 165 983 197 AENIGMA.
1019 168 1068 197 AD
1088 166 1347 199 LEU'I'BER'I'UM.
1720 171 1782 205 2¹9

495 255 665 289 Victorem
692 257 838 289 celebrat
862 256 1027 289 Christum
1051 261 1124 290 rota
1147 258 1272 300 fulgida
1295 258 1392 298 Solis,

414 315 441 335 ²⁰
544 306 630 341 Dum
654 309 690 340 fit
712 312 806 341 nocte
828 309 936 341 nitens
960 310 1064 341 maior
1086 310 1119 341 in
1143 310 1222 342 orbe
1245 310 1326 342 dies.
1353 329 1391 333 —-

495 360 607 393 Tellus
629 361 796 403 florigeras
818 361 978 403 turgescit
1000 362 1146 403 germine
1169 362 1297 399 bulbas,

541 413 695 445 Floribus
719 417 752 446 et
775 414 898 456 pictum
922 414 1043 456 gaudet
1066 414 1188 446 habere
1213 415 1355 457 peplum.

494 464 588 496 Nunc
611 465 721 497 variae
745 465 895 497 volucres
919 465 1123 507 permulcent
1146 466 1282 497 aethera
1306 470 1416 505 cantu⁷

542 516 688 548 Produnt
711 517 876 559 organulis
900 517 990 548 celsa
1012 517 1152 559 trophea
1174 517 1277 549 novis.
1302 536 1343 540 —

375 612 382 613 ἶ
411 575 436 595 ²⁵
490 569 649 601 Exultant
672 569 766 608 caeli,
790 569 931 601 laetatur
954 572 1080 600 terreus
1103 569 1200 609 orbis,

539 620 634 652 Nunc
657 620 788 652 alleluia
812 621 1074 663 centuplicatque
1098 624 1205 652 tonos.

493 672 586 704 Nunc
610 672 728 704 chorus
751 673 913 704 ecclesiae
936 672 1128 714 hymnizans
1152 673 1279 704 cantica
1303 671 1382 703 Sion

540 725 593 756 Ad
615 725 697 756 caeli
721 735 858 767 superos
881 725 968 756 tollit
991 735 1114 756 osanna
1138 725 1239 767 polos.

916 838 996 860 inv.

701 892 926 931 QUODDAM
949 892 1205 924 PROBLEMA.

231 953 355 986 Fucata
378 957 430 985 est
445 954 566 986 veritas
590 958 633 992 et,
658 954 685 986 si
705 955 837 986 inventa
853 953 952 986 suerit
967 953 1099 991 veritas,
1115 964 1220 995 neque
1237 953 1298 986 erit
1314 953 1472 996 aequitas.
1520 953 1615 985 Item:
1641 956 1667 986 si
1684 955 1780 987 fuerit

128 1007 287 1049 aequitas,
311 1016 416 1047 neque
440 1006 625 1038 invenietur
647 1006 776 1038 veritas.

622 1066 737 1098 IDEM
760 1066 821 1098 DE
846 1065 946 1098 IPSO
970 1065 1287 1097 PROBLEMATE.

491 1122 666 1154 Inventum
689 1122 787 1155 fuerit
810 1122 837 1154 si
859 1132 984 1161 verum,
1008 1131 1073 1153 non
1097 1121 1160 1154 erit
1183 1131 1340 1163 aequum:

493 1174 649 1206 Attamen
673 1178 724 1206 est
747 1185 888 1217 aequum
912 1174 1016 1207 felicis
1040 1174 1149 1206 nautio
1172 1175 1251 1206 veri.

493 1228 644 1270 Aequum
667 1227 694 1259 si
718 1227 826 1266 fuerit,
850 1230 927 1259 tunc
951 1231 1079 1259 rectum
1104 1237 1166 1258 non
1191 1227 1252 1258 erit
1276 1237 1428 1269 aequum,

491 1278 647 1316 Quamvis
672 1280 714 1312 sit
737 1291 849 1312 verum
874 1291 936 1312 non
961 1280 1043 1312 falso
1068 1280 1198 1311 nomine
1222 1279 1356 1311 dictum.

423 1351 435 1369 ⁵
488 1342 642 1376 Nascitur
665 1355 707 1377 ex
731 1355 848 1388 aequo,
872 1344 958 1387 quod
982 1345 1047 1376 iam
1070 1355 1147 1376 mox
1170 1343 1301 1376 abdicat
1325 1355 1481 1386 aequum:

493 1395 548 1428 Sic
572 1406 614 1428 ex
637 1406 702 1428 non
726 1407 832 1439 aequo
856 1407 914 1428 nos
939 1407 1079 1439 aequum
1105 1396 1268 1428 cernimus
1292 1406 1375 1427 esse.

491 1446 525 1479 Si
549 1458 662 1479 verum
687 1447 794 1488 fuerit,
817 1448 904 1490 quod
928 1452 961 1480 et
983 1458 1134 1491 aequum,
1158 1448 1241 1480 scire
1265 1451 1443 1480 memento:

491 1498 565 1531 Non
589 1500 650 1532 erit
674 1500 841 1532 inventum
866 1511 923 1532 seu
947 1511 1059 1532 verum
1084 1500 1152 1532 sive
1177 1499 1263 1542 quod
1288 1510 1437 1542 aequum.

490 1563 648 1596 Aurei-tur
670 1574 748 1596 vero
772 1575 884 1597 verum
907 1568 1062 1607 rectoque
1087 1564 1171 1607 quod
1195 1574 1351 1606 aequum:

411 1622 436 1642 ¹⁰
488 1615 566 1648 Heu
589 1615 676 1648 bona
700 1618 821 1658 quanta
844 1616 940 1648 bonis
965 1620 1040 1648 sunt
1064 1616 1117 1647 hic
1142 1616 1304 1648 contraria
1329 1615 1435 1646 rebus.

493 1667 557 1704 Qui
581 1668 856 1710 quaeritverum,
881 1679 988 1710 neque
1013 1668 1222 1699 nanciscetur
1244 1668 1276 1699 in
1301 1677 1415 1709 aequo,

491 1718 573 1751 Gt'im
597 1723 707 1752 tamen
730 1724 780 1752 est
803 1723 938 1759 rectum,
963 1720 989 1751 si
1013 1730 1124 1751 verum
1149 1719 1294 1762 repperit
1317 1719 1435 1762 ipsum.

489 1784 542 1816 Fit
565 1785 667 1816 satius
690 1784 840 1823 dominis,
864 1785 892 1816 si
915 1785 1034 1816 falsum
1058 1785 1099 1816 sit
1124 1783 1210 1826 quod
1235 1787 1269 1816 et
1293 1793 1443 1825 aequum,

491 1837 639 1879 Aequum
662 1837 762 1880 fitque
786 1837 900 1879 magis,
925 1847 1036 1868 verum
1061 1837 1194 1868 tollatur
1216 1836 1258 1868 ab
1283 1846 1406 1878 aequo:

412 1895 435 1914 ¹⁵
488 1887 555 1920 Res
579 1887 693 1921 eadem
717 1899 802 1921 nunc
826 1899 903 1921 vera
925 1893 1047 1928 manet,
1071 1888 1165 1920 modo
1187 1888 1273 1920 falsa
1295 1888 1432 1925 relucet,

491 1939 586 1972 Nune
610 1950 674 1972 non
697 1951 802 1983 aequa
826 1941 915 1980 cluit,
941 1951 1026 1972 nunc
1050 1944 1161 1972 servat
1184 1939 1311 1982 pondus
1337 1942 1368 1970 et
1393 1939 1500 1982 aequi.

919 2057 990 2080 va.

610 2106 674 2140 AD
698 2106 1005 2140 LEUTBERTUM
1030 2105 1297 2139 EPISCOPUM.

191 2161 298 2194 Corde
321 2161 482 2195 laetamur
504 2163 626 2197 hilares
650 2175 778 2201 sereno,
1042 2164 1136 2196 Nunc
1160 2174 1264 2207 papae
1288 2163 1396 2195 vultus
1421 2162 1527 2195 radiat
1549 2164 1664 2198 nitore,

190 2213 276 2246 Dum
291 2214 376 2246 redit
389 2216 532 2258 praesul,
546 2215 647 2248 decus
661 2219 759 2260 atque
769 2217 923 2249 blandum
979 2225 1001 2243 ιο
1043 2216 1178 2248 Arboris
1203 2225 1316 2246 sacrae
1340 2214 1515 2246 benedicta
1538 2215 1638 2256 virga,

191 2264 371 2298 conferens
395 2276 506 2299 seeum
530 2267 650 2310 populo
674 2268 815 2310 benigne
1045 2266 1194 2298 Floribus
1218 2266 1346 2309 pollens
1370 2266 1526 2298 bonitatis
1549 2270 1625 2297 actu

331 2316 460 2350 Gaudia
481 2319 582 2361 pacis.
1186 2317 1256 2349 Ceu
1280 2327 1355 2349 rosa
1379 2318 1481 2349 claret

138 2399 150 2418 ⁵
191 2393 253 2426 Est
269 2394 364 2426 iubar
382 2405 555 2437 praesens:
580 2395 736 2428 tenebrae
752 2396 924 2433 recedant;
1043 2395 1131 2428 Eece
1155 2395 1320 2438 paschalis
1343 2395 1503 2427 renitetne
1528 2394 1654 2434 stella?‚

190 2445 345 2478 Pontifex
368 2446 472 2478 almus
496 2448 619 2490 pietate
643 2448 760 2490 plenus
1045 2447 1146 2480 Cuius
1170 2446 1312 2478 adventu
1338 2446 1504 2478 hilarescit
1526 2446 1632 2477 omnis

191 2496 279 2529 Ecce
303 2496 503 2530 Leutbertus
527 2499 639 2530 rutilat
662 2499 776 2531 beatus
980 2507 1002 2525 ¹⁵
1044 2499 1144 2530 Dives
1162 2502 1194 2530 et
1210 2508 1344 2540 pauper,
1369 2498 1574 2540 populusque
1591 2501 1707 2528 vernat
1722 2509 1778 2528 -:

332 2549 445 2581 Gloria
467 2553 587 2582 terrae.
1187 2549 1339 2591 Spargite
1362 2548 1470 2580 flores.

227 2659 260 2686 21
283 2659 384 2688 *bullat
397 2662 421 2688 C
542 2661 630 2695 [axum]
654 2662 693 2688 ed.
714 2662 826 2688 Pir-enne
839 2672 868 2695 p.
886 2661 919 2688 67
938 2671 973 2694 ιιι.
1036 2663 1119 2687 furata
1133 2662 1155 2686 0
1170 2661 1236 2686 mcii.
1255 2669 1321 2686 corr.
1341 2660 1453 2686 Pircmae
1545 2659 1561 2684 3
1580 2662 1682 2694 Equum
1701 2666 1724 2686 et
1742 2661 1778 2687 eie

122 2704 221 2736 panim
233 2705 256 2730 0
332 2705 362 2730 n
377 2706 461 2738 querit
472 2704 495 2731 G
573 2705 606 2731 13
617 2707 702 2732 sacius
713 2707 736 2732 0
755 2703 771 2711 “
845 2705 923 2739 [axv]
935 2706 974 2731 ed.
989 2705 1139 2730 Duemmler
1152 2703 1253 2730 Seduni
1264 2704 1383 2729 carmina
1393 2713 1419 2736 p.
1430 2702 1465 2728 28
1544 2702 1578 2728 12
1590 2708 1661 2737 paret
1673 2713 1740 2730 corr.
1753 2704 1780 2730 0

230 2771 321 2807 [anu]
333 2773 368 2799 23
381 2772 435 2806 δὴ.
448 2770 561 2807 XLIX,
574 2773 599 2800 3.
704 2773 793 2808 [miz]
805 2773 967 2807 Aeniqmatix
979 2772 1074 2799 solutio
1087 2771 1152 2798 mihi
1163 2771 1266 2798 m'ddur
1277 2770 1495 2805 INIQUITAS.
1602 2771 1682 2806 [mm]
1697 2771 1779 2798 Leut-

126 2821 212 2853 mua
229 2824 363 2860 epiecopus
382 2823 603 2852 mmmm
622 2825 780 2859 (849—871)
799 2826 845 2859 cfr.
860 2825 1012 2852 Duemmler
1031 2823 1090 2851 Sed.
1103 2831 1183 2850 carm.
1192 2831 1222 2858 1).
1239 2825 1256 2851 2
1267 2823 1331 2850 adn.
1345 2823 1385 2850 10.
1467 2823 1532 2849 1—4
1552 2821 1604 2855 CYr.
1619 2822 1685 2856 LX,
1705 2822 1779 2850 1-4.

1516 2869 1572 2899 28·
