2092 3094
423 448 460 466 no

388 696 406 700 *⁴
415 696 457 726 ‘145

422 966 459 984 150

422 1483 458 1501 m)

421 1742 456 1760 ms

419 2001 456 2021 170

421 2259 457 2277 175

421 2518 457 2536 180

760 202 809 229 AD
827 203 1006 231 KAROLUM
1026 204 1185 232 OALVUM.

514 287 602 319 Iusta
626 288 752 328 iubens,
777 289 898 321 iniusta
920 294 1045 330 vetans,
1073 292 1159 323 mala
1183 296 1299 324 cuncta
1322 295 1496 337 repellens,

561 340 722 372 Omnibus
746 341 844 383 inque
867 342 961 374 bonis
986 343 1158 375 nobilitate
1181 348 1307 386 potens.

513 390 692 422 Discidium
717 392 807 424 furor
830 393 877 424 ira
899 393 993 425 dolus
1017 394 1175 427 discordia
1198 397 1271 428 rixa

564 441 707 474 Consilio
730 444 813 485 legis
837 444 932 476 huius
957 445 1048 478 obire
1073 450 1204 489 queunt.

512 493 629 526 Erudit
652 495 810 536 indoctos,
834 490 992 538 quosdam
1017 499 1221 541 sapientibus
1245 511 1399 542 aequans,

560 546 745 579 Oontribuit
769 547 884 580 mediis
908 548 1026 591 dogma
1050 551 1164 583 salutis
1188 552 1243 583 ita.

512 597 634 639 Magna
656 599 739 641 pluit
762 601 899 642 magnis,
923 601 1068 644 disponit
1091 604 1227 645 parvula
1250 605 1369 646 parvis,

560 649 619 681 Est
642 650 674 681 in
696 654 834 693 utroque
859 653 952 684 stilus
976 654 1122 686 iustitiae
1147 655 1282 687 validus.

514 701 671 733 Notitiam
695 702 772 735 Iesu
796 704 933 746 praebet
956 706 1118 738 confessio
1141 708 1273 748 munda,

557 753 660 786 Extat
684 765 723 786 ea
747 766 788 787 en
811 755 932 788 homini
955 757 1010 789 lex
1034 759 1221 791 veneranda
1244 760 1317 793 sibi.

511 804 612 836 Extat
635 817 674 838 ea
697 817 737 838 cn
762 807 886 839 homini
910 809 1020 841 lumen
1043 821 1103 852 per
1126 812 1266 853 compita
1289 813 1409 851 mundi,

561 857 712 890 Terribili
735 869 816 891 voce
838 860 895 891 lux
919 863 951 892 et
975 861 1066 903 origo
1090 862 1149 893 sui.

512 908 649 941 Artibus
672 910 823 951 ingenuis
847 913 1018 954 praecellit
1041 913 1171 955 dignius
1194 914 1256 945 ista

563 962 642 992 Ars:
665 973 787 1006 genere
811 963 940 1006 cloquio
963 965 995 996 vi
1018 965 1145 997 ratione
1170 966 1250 997 vice.

511 1011 599 1044 Utile
625 1013 692 1045 sive
717 1013 838 1046 decens
863 1026 923 1046 nec
947 1026 1011 1047 non
1034 1017 1226 1059 perstringit
1249 1017 1434 1057 honestum,

558 1063 680 1096 Imbuit
703 1069 842 1097 exornat
866 1067 996 1099 instruit
1019 1071 1123 1100 armat
1146 1071 1244 1101 amat.

511 1114 604 1147 Haec
628 1117 744 1158 aperit,
767 1120 855 1149 totus
878 1121 1051 1160 postquam
1075 1119 1249 1152 mutaverit
1273 1121 1376 1158 orbis;

558 1165 644 1202 Quid
669 1168 710 1198 sit
731 1168 777 1199 ibi
801 1169 922 1201 eclesia
944 1181 1021 1201 mox
1045 1171 1189 1203 reditura
1212 1172 1312 1205 citim.

435 1225 458 1242 ’νῦ
511 1218 627 1250 Terret
649 1219 693 1250 ibi
716 1220 836 1262 plures,
861 1221 999 1263 quodam
1023 1222 1186 1254 demulcet
1209 1227 1243 1255 et
1265 1224 1342 1263 illic,

558 1270 642 1302 Fixa
664 1271 774 1303 futura
797 1276 912 1304 notans
938 1284 998 1305 nec
1022 1273 1170 1306 dubitata
1192 1275 1332 1316 quidem.

511 1321 598 1353 Ante
622 1325 730 1354 tamen
755 1328 882 1356 reserat
905 1325 992 1356 clare
1015 1325 1189 1368 primordia
1211 1327 1313 1358 cosmi

559 1372 602 1405 Et
624 1385 683 1416 per
705 1385 803 1417 quam
826 1375 913 1407 illius
938 1387 1011 1408 esse
1034 1377 1096 1408 fuit
1119 1377 1282 1420 sophiam:

512 1425 550 1456 In
574 1426 688 1468 primis
712 1427 796 1459 caeli
819 1430 992 1470 terraeque
1016 1429 1179 1471 marisque
1203 1433 1339 1469 creator,

563 1477 670 1519 Ipsius
695 1482 728 1510 et
751 1482 857 1518 natus,
881 1479 1010 1521 spiritus
1033 1483 1131 1522 atquc
1155 1481 1259 1522 agius.

512 1528 620 1560 Huius
643 1529 684 1561 ab
709 1541 804 1562 amne
827 1531 898 1562 fluit
921 1530 1031 1563 divina
1055 1533 1192 1564 scientia
1215 1533 1291 1572 late,

559 1580 715 1613 Mundum
737 1582 900 1624 pestiferis
925 1584 1112 1626 exspolians
1137 1584 1294 1616 tenebris:

511 1632 648 1675 Quoque
673 1633 768 1665 modo
793 1635 939 1677 quisquis
964 1640 1079 1667 caveat
1102 1637 1243 1667 munitus
1267 1637 1307 1668 ab
1331 1638 1429 1668 armis

558 1684 673 1716 Hostis
696 1687 842 1727 perversi
866 1687 934 1718 tela
956 1687 1088 1719 inimica
1110 1684 1215 1720 n'imis.

510 1735 719 1771 Quadrivium
742 1737 846 1779 gignit
870 1738 997 1770 virtutis
1022 1738 1128 1770 nobile
1151 1749 1239 1779 sanc,

557 1787 769 1829 Tcrrigcnum
792 1789 891 1821 mittit
911 1800 970 1832 per
993 1790 1078 1832 quod
1103 1791 1135 1821 in
1159 1795 1248 1822 astra
1270 1803 1385 1834 genus.

510 1838 603 1870 Haec
626 1850 722 1881 quam
748 1841 918 1882 multiplici
943 1852 1094 1874 sermone
1117 1842 1262 1874 salubria
1285 1854 1414 1886 semper

556 1891 702 1923 Attrahit
725 1895 823 1934 atque
847 1896 955 1924 movet
979 1893 1045 1924 sive
1071 1893 1230 1925 monendo
1254 1894 1355 1926 iubet.

508 1943 602 1974 Haec
625 1943 726 1984 iubet,
751 1947 822 1976 atra
845 1945 947 1986 fugat,
971 1945 1088 1977 dehinc
1112 1945 1242 1978 fallacia
1266 1946 1368 1988 pellit,

561 1994 650 2027 Vera
673 2006 815 2038 superna
839 1997 940 2038 capit:
965 1996 1047 2028 haec
1071 1997 1159 2037 facit,
1183 1997 1239 2029 illa
1262 1998 1354 2039 fugit.

508 2045 595 2077 Exul
618 2046 659 2078 ab
683 2047 782 2079 exilio
807 2047 946 2090 dapibus
970 2049 1092 2080 solatur
1116 2049 1244 2092 opimis,

557 2097 640 2130 Cum
662 2098 742 2140 legit
765 2103 822 2130 aut
844 2099 963 2142 relegit
986 2110 1125 2142 cumque
1149 2101 1273 2132 relecta
1297 2101 1390 2142 sapit.

510 2150 604 2182 Haec
627 2150 714 2182 mala
736 2150 799 2182 vile
823 2150 913 2182 vehit
936 2152 1087 2183 coeuntia
1109 2152 1265 2194 temporis
1288 2152 1384 2184 huius

556 2201 626 2234 Nec
649 2201 749 2244 digna
770 2203 912 2236 aeternis
935 2203 1087 2234 aestimat
1110 2213 1182 2235 esse
1207 2203 1301 2235 bonis

510 2252 578 2284 Aut
601 2264 641 2286 ea
665 2272 703 2276 —
730 2265 827 2286 cerne
852 2273 891 2277 —
915 2254 1021 2286 timet:
1047 2258 1172 2286 tantum
1194 2255 1346 2286 formidat
1369 2266 1490 2295 amare,

557 2304 732 2348 Quantum,
755 2316 796 2338 ne
821 2316 886 2337 non
910 2306 951 2336 sit
974 2306 1120 2337 coetibus
1144 2307 1176 2338 in
1199 2307 1337 2349 superis.

510 2356 573 2388 Hic
597 2356 746 2388 dominus
770 2357 922 2399 loquitur,
946 2357 1002 2389 hic
1022 2367 1081 2389 nos
1105 2358 1135 2389 ei
1159 2357 1255 2390 corde
1278 2358 1457 2400 loquamur,

557 2408 629 2444 Quo
652 2408 697 2440 nil
720 2409 823 2440 maius
847 2408 925 2448 adit,
948 2409 994 2440 nil
1017 2409 1070 2440 vel
1092 2409 1181 2440 adire
1205 2412 1324 2451 potest.

509 2459 662 2502 Quisquis
687 2470 721 2491 cs
744 2460 922 2492 instructus
946 2460 1116 2492 mundanis
1139 2461 1265 2500 usibus,
1289 2461 1394 2492 hisce:

563 2511 644 2548 Quis
669 2511 840 2544 Salomone
864 2513 980 2554 opibus
1004 2512 1102 2544 ditior
1125 2512 1278 2544 emicuit?

510 2562 583 2594 Hoc
607 2573 767 2595 concessa
790 2564 842 2595 cui
865 2563 955 2596 dives
979 2564 1139 2606 sapientia
1162 2564 1248 2603 fecit,

554 2613 701 2656 Regibus
724 2626 762 2646 ac
787 2615 912 2647 cunctis
937 2615 1021 2647 hunc
1046 2626 1085 2646 ea
1107 2615 1285 2657 proposuit.

1737 213 1798 242 247

248 2741 297 2768 147
328 2741 469 2775 Thoodulfi
497 2750 517 2768 c.
544 2742 625 2769 indic.
654 2743 686 2769 19
716 2751 766 2777 per
793 2740 917 2778 compita
947 2743 1051 2770 mundi.

145 2792 191 2818 161
217 2792 352 2826 Theodulf.
368 2794 453 2828 praefi
471 2793 530 2821 bibl.
554 2794 605 2821 160
621 2793 704 2820 huius
720 2793 756 2820 ab
775 2803 856 2820 amne
873 2794 942 2820 fluit.
1031 2794 1082 2820 164
1094 2794 1161 2820 Aen.
1175 2793 1228 2827 XI,
1242 2794 1294 2820 809
1306 2794 1364 2820 tela
1377 2793 1499 2821 inimica.

143 2843 184 2879 (p.
202 2844 264 2878 560)
282 2843 398 2876 LXXI,
417 2845 434 2871 2
452 2844 525 2874 Exul
542 2845 578 2872 ab
597 2845 689 2875 exilio.
779 2847 829 2876 173
845 2846 902 2873 vile
919 2846 997 2874 vehit
1015 2846 1031 2873 i.
1051 2855 1075 2882 q.
1093 2846 1141 2873 vile
1156 2845 1229 2878 facit,
1242 2848 1331 2883 putat,

1163 2743 1212 2769 149
1241 2743 1318 2770 Trist.
1346 2743 1373 2776 I,
1404 2744 1433 2774 6,
1467 2744 1481 2770 7
1510 2743 1625 2770 Artibus
1651 2744 1789 2778 ingenuis.

1588 2795 1637 2822 171
1652 2795 1786 2829 imaum
