2060 3074
735 234 794 262 DE·
802 233 1033 261 SOBRIE'I'ATE
1052 233 1160 260 LIBER
1171 234 1194 261 Ι.
1728 234 1791 265 625

423 335 461 356 ωε
507 322 687 354 Scanderet
709 321 872 353 aetherias
896 321 978 352 caeli
1002 331 1073 352 cum
1096 320 1182 352 liber
1203 319 1246 351 ad
1267 330 1362 351 auras

504 373 730 415 Flammigeris
751 373 836 415 bigis
858 375 1004 415 raptatus
1027 375 1061 403 et
1082 372 1159 414 igne
1181 382 1341 403 coruscus.

505 425 707 468 Discipulum
729 424 864 456 laudare
887 424 1008 456 bonum
1030 424 1105 461 laus
1124 424 1233 466 ampla
1254 423 1401 466 magistri
1425 426 1489 455 est:

506 477 597 509 Inter
618 477 720 508 multa
743 477 874 516 etenim,
898 486 982 518 quae
1005 476 1171 518 parcitatis
1193 477 1314 508 amicus

508 529 591 560 Mira
614 528 705 560 dedit
727 529 832 568 terris,
854 528 904 560 bis
927 527 1012 559 deno
1035 538 1120 570 pane
1143 528 1258 560 refecit

423 593 462 613 sm
506 580 719 623 Multiplicem
741 580 884 622 plebem,
907 590 973 611 non
995 583 1143 622 tempore
1166 579 1321 622 prodigus
1343 580 1409 620 illo,

507 631 579 669 Quo
603 632 715 664 tribuit
735 632 845 664 multis
868 632 1069 674 pulmentum
1093 631 1157 663 vile
1179 632 1358 674 prophetis.

507 683 589 716 Cum
613 686 768 726 caperent
791 693 880 715 esum
905 682 1123 725 coloquintide
1146 683 1232 715 virus
1255 684 1408 715 acerbum

506 735 739 778 Loetiferoque
763 734 835 766 cibo
858 734 928 766 fera
950 745 1037 766 mors
1059 738 1214 777 regnaret
1235 736 1267 767 in
1290 736 1365 775 olla,

506 787 565 819 Vis
588 790 698 819 tamen
721 786 863 818 ardentis
885 787 967 818 tanti
990 790 1040 818 est
1062 787 1206 818 extincta
1228 788 1345 819 veneni

424 852 462 872 ³15
506 839 607 871 Farre
631 838 826 882 prophetali,
851 849 914 881 quo
938 834 1052 880 gustus
1075 838 1196 870 condiit
1219 842 1316 870 atros.

507 891 568 922 Oui
592 890 672 923 deus
697 893 748 922 est
770 893 894 930 venter,
917 890 1084 932 pulmento
1107 890 1169 921 hoc
1191 891 1301 922 vivere
1326 890 1437 922 discat.

551 951 624 983 XV.
649 951 866 983 Sic-Danihel
889 961 1004 994 parcus
1028 951 1180 993 tenuique
1203 951 1367 993 legumine
1391 955 1511 994 pastus,

508 1003 593 1035 Vino
617 1006 651 1034 et
673 1013 758 1045 pane
782 1013 896 1034 carens
918 1013 1025 1045 neque
1049 1002 1198 1034 carnibus
1223 1013 1280 1034 ora
1301 1003 1468 1035 resolvens

509 1054 646 1087 Oblatas
670 1054 800 1086 sibimet
822 1055 951 1096 regales
974 1055 1098 1097 respuit
1121 1065 1222 1086 escas.

425 1119 464 1139 πο
506 1106 644 1149 Ingenio
666 1105 819 1149 prudens,
844 1116 907 1148 quo
930 1116 995 1137 non
1018 1106 1195 1148 sapientior
1217 1106 1308 1147 alter,

507 1155 595 1190 Dum
619 1157 724 1189 fundit
747 1158 872 1191 cineres
895 1157 1082 1199 pavimenta
1104 1167 1164 1199 per
1187 1158 1295 1189 omnia
1318 1158 1434 1199 cribro,

507 1210 684 1242 Pontifices
706 1209 779 1241 Beli
801 1209 941 1241 fidentes
964 1209 1062 1240 dente
1086 1209 1194 1241 voraci

507 1261 599 1293 Vidit
621 1261 680 1293 sub
703 1271 816 1292 mensa
838 1264 874 1292 ut
897 1271 1005 1292 mures
1028 1260 1158 1303 prodire
1181 1261 1327 1293 cavernis

508 1313 551 1345 Et
573 1313 682 1345 docuit
704 1323 828 1355 regem,
853 1312 941 1355 quod
963 1323 1028 1344 non
1051 1311 1132 1344 deus
1155 1312 1209 1344 ille
1232 1313 1362 1344 voraret

426 1378 464 1398 ωε.
508 1365 579 1397 Has
603 1365 726 1408 epulas,
750 1364 902 1407 quoniam
924 1364 1001 1396 limo
1026 1364 1183 1396 formatus
1207 1367 1240 1396 et
1262 1374 1339 1396 aere

508 1417 638 1449 Nullam
663 1416 791 1448 divinae
815 1416 958 1458 effigiem
983 1416 1109 1447 virtutis
1131 1415 1278 1448 haberet.

509 1468 638 1511 Quique
661 1468 809 1500 draconis
832 1468 911 1500 item
933 1467 1011 1500 dum
1034 1468 1181 1500 claustris
1204 1468 1342 1510 gutturis
1365 1469 1462 1500 offam

506 1521 602 1552 Inicit
624 1520 800 1562 ingentem,
823 1523 980 1563 ruperunt
1001 1520 1123 1562 pabula
1146 1523 1283 1563 pestem.

508 1573 656 1605 Pascitur
677 1572 732 1604 ille
756 1572 838 1604 escis
861 1571 996 1604 Abacuc
1018 1574 1167 1615 portante
1190 1572 1312 1614 paratis

427 1637 466 1658 ³³0
509 1624 612 1667 Inque
634 1624 709 1656 lacu
732 1625 859 1656 exultat
880 1623 994 1656 laudat
1015 1627 1190 1656 veneratur
1211 1623 1336 1655 adorat.

553 1684 644 1717 XVI.
666 1683 759 1717 Nunc
781 1685 966 1717 meminisse
988 1685 1078 1717 iuvat
1100 1684 1295 1717 laudandam
1318 1685 1459 1717 carmine
1481 1686 1600 1729 Iudith,

513 1737 606 1774 Quae
628 1740 703 1780 post
725 1736 913 1769 defunctum
935 1737 1102 1780 primaevo
1126 1738 1159 1769 in
1181 1738 1260 1770 flore
1283 1739 1433 1771 maritum

511 1788 630 1821 Clausa
653 1788 759 1820 cubile
782 1799 840 1820 suo
865 1800 936 1821 cum
960 1789 1137 1821 sobrietate
1161 1799 1271 1821 sorore

248 1902 299 1930 ³06
318 1901 376 1936 C'sr.
395 1901 484 1929 Sedud.
503 1901 532 1928 C.
547 1909 576 1935 p.
595 1900 683 1928 1179.
753 1901 804 1927 316
824 1900 924 1934 Philip.
943 1901 968 1932 3,
982 1901 1015 1927 19
1033 1908 1151 1934 quorum
1170 1900 1238 1927 deus
1256 1901 1354 1927 venter
1373 1902 1422 1928 est.
1493 1902 1632 1929 317—330
1650 1902 1726 1930 Dan.
1747 1903 1770 1934 1,
1782 1903 1800 1929 8

146 1954 292 1989 proposuit
303 1954 403 1981 Daniel
422 1953 453 1980 in
470 1953 553 1980 corde
572 1961 630 1985 suo,
648 1961 684 1979 ne
702 1953 877 1987 pollueretur
894 1952 929 1979 de
947 1961 1044 1979 mensa
1062 1952 1136 1986 regis
1155 1960 1245 1986 noque
1263 1952 1298 1979 de
1310 1952 1376 1979 vino
1394 1954 1479 1987 potus
1497 1953 1565 1980 eius.
1594 1974 1615 1980 ..
1638 1954 1671 1980 12
1689 1954 1800 1981 ‘dentur

146 2005 228 2033 nobis
250 2005 396 2041 legumina
421 2005 457 2033 ad
476 2004 660 2032 vescendnm'.
689 2024 713 2032 ..
738 2004 778 2036 14,
791 2005 808 2031 3
830 2004 959 2038 dixitque
985 2003 1011 2031 ei
1036 2012 1084 2031 rex
1109 2006 1204 2038 'quare
1230 2012 1286 2031 nou
1311 2003 1411 2031 adoras
1429 2004 1509 2032 Bel'i'³
1529 2025 1552 2033 ..
1571 2005 1588 2032 4
1606 2005 1648 2032 ait
1667 2005 1705 2032 ei:
1725 2006 1800 2044 {quia

147 2066 204 2085 non
224 2057 284 2085 colo
303 2057 380 2085 idola
397 2065 482 2084 manu
500 2057 592 2086 facta'.
619 2077 626 2083 .
637 2077 644 2084 .
665 2057 697 2083 13
715 2065 764 2083 rex
782 2056 878 2091 posuit
897 2055 972 2083 cibos
990 2057 1058 2083 ante
1071 2055 1136 2087 Be1;
1155 2055 1300 2091 praecepit
1312 2055 1412 2082 Daniel
1424 2055 1518 2091 pueris
1531 2057 1588 2083 suis
1601 2058 1630 2084 et
1643 2057 1801 2084 attulerunt

147 2109 269 2136 cinerem
288 2110 318 2136 et
335 2109 469 2136 cribravit
487 2117 538 2144 per
554 2109 646 2136 totum
666 2108 801 2143 templum
822 2128 846 2135 ..
866 2108 898 2135 14
918 2107 1075 2135 sacerdotes
1099 2109 1193 2134 autem
1218 2107 1335 2142 ingressi
1353 2109 1421 2135 sunt
1442 2109 1524 2135 nocte
1547 2108 1627 2136 iuxta
1654 2110 1801 2136 consuetu-

147 2160 241 2188 dinem
259 2169 337 2188 suam
357 2162 386 2188 et
409 2161 590 2188 comederunt
612 2159 708 2188 omnia
787 2160 821 2187 26
838 2159 966 2194 (Daniel)
990 2159 1059 2186 fecit
1080 2167 1185 2186 massas
1208 2160 1238 2186 et
1261 2159 1340 2186 dedit
1362 2159 1392 2186 in
1417 2168 1447 2186 os
1471 2159 1598 2187 draconis
1623 2161 1652 2187 et
1670 2160 1800 2195 diruptus

147 2213 191 2239 est
203 2212 295 2240 draeo.
323 2233 330 2240 .
340 2232 347 2240 .
365 2213 401 2240 80
418 2213 630 2240 miserunteum
643 2212 674 2238 in
686 2212 778 2239 laeum
790 2211 902 2238 leonum
922 2233 928 2239 .
939 2232 945 2238 .
956 2232 962 2238 .
979 2212 1014 2239 38
1032 2213 1061 2238 et
1073 2210 1206 2238 clamavit
1217 2210 1347 2238 Habacus
1361 2231 1368 2238 .
1378 2232 1384 2238 .
1398 2220 1404 2238 ι
1424 2210 1540 2244 ‘DanieL
1558 2212 1626 2239 tolle
1642 2212 1799 2246 prandium,

147 2263 222 2298 quod
246 2263 326 2291 misit
350 2263 404 2291 tibi
429 2263 514 2291 deus'.
550 2263 584 2291 37
608 2265 638 2290 et
663 2263 706 2290 ait
722 2263 840 2302 Daniel:
865 2262 1034 2290 ‘recordatus
1058 2271 1087 2290 es
1110 2262 1177 2295 mei,
1205 2262 1291 2290 deus'.
1378 2263 1517 2290 331—385
1541 2263 1642 2291 Iudith.
1660 2264 1715 2296 8‚4
1740 2265 1801 2290 erat

147 2314 244 2342 Iudith
263 2335 269 2342 .
281 2334 287 2341 .
306 2314 392 2342 vidua
416 2334 440 2342 ..
462 2315 480 2342 5
504 2316 534 2343 et
556 2314 586 2341 in
605 2314 794 2349 superioribus
818 2315 916 2342 domus
939 2323 1006 2342 suae
1029 2314 1096 2341 fecit
1119 2314 1174 2341 sibi
1193 2315 1328 2341 secretum
1347 2313 1520 2347 cubiculum,
1539 2314 1569 2341 in
1587 2323 1643 2349 quo
1662 2335 1668 2342 .
1681 2336 1687 2342 .
1706 2315 1801 2342 clausa

148 2366 319 2394 morabatur.
347 2386 371 2394 ..
389 2367 406 2394 6
424 2365 572 2393 ieiunabat
589 2366 719 2393 omnibns
737 2365 836 2393 diebus
855 2366 931 2393 vitae
950 2374 1016 2393 suae
1035 2386 1061 2393 ..
1079 2367 1097 2392 8
1121 2367 1150 2393 et
1167 2367 1228 2392 erat
1245 2365 1275 2392 in
1293 2365 1422 2392 omnibus
1447 2365 1639 2394 famosissima.
1669 2387 1693 2394 ..
1712 2368 1753 2399 10,
1770 2368 1800 2394 16

148 2418 290 2446 duxerunt
307 2418 385 2445 illam
404 2418 440 2445 ad
459 2418 672 2446 tabernaculum
693 2418 858 2445 Holofernis.
897 2419 927 2445 17
947 2427 1066 2452 cumque
1085 2418 1217 2445 intrasset
1235 2419 1301 2445 ante
1321 2418 1420 2445 faciem
1440 2417 1506 2450 eius,
1526 2418 1623 2445 statim
1641 2419 1740 2452 captus
1759 2419 1802 2445 est

151 2469 181 2496 in
200 2469 258 2496 suis
276 2469 363 2497 oculis
382 2469 547 2497 Holofernae
567 2491 574 2498 .
585 2491 591 2497 .
611 2471 644 2496 19
662 2469 761 2496 videns
780 2469 875 2496 Iudith
896 2469 1074 2497 Holofernem
1093 2469 1235 2496 sedentem
1256 2469 1286 2496 in
1305 2478 1436 2504 conopeo,
1455 2469 1530 2504 quod
1548 2471 1609 2496 erat
1627 2478 1660 2496 ex
1678 2478 1802 2504 purpura.

149 2522 180 2548 et
196 2529 264 2548 auro
282 2522 310 2548 et
329 2520 477 2556 smaragdo
499 2522 529 2549 et
552 2521 695 2556 lapidibus
719 2522 850 2556 pretiosis
873 2522 1012 2549 intextum
1033 2521 1170 2555 (cortinae
1193 2522 1290 2548 mentio
1304 2522 1337 2555 fit
1356 2522 1396 2554 14,
1410 2522 1453 2555 13)
1533 2522 1574 2555 12,
1589 2522 1622 2549 10
1645 2521 1676 2548 in
1700 2523 1801 2556 quarto

149 2568 196 2600 die
213 2572 375 2600 Holofernes
393 2573 460 2600 fecit
477 2581 574 2600 cenam
596 2573 684 2600 servis
703 2573 768 2600 suis.
797 2594 803 2600 .
814 2594 820 2600 .
840 2574 873 2601 15
891 2573 1011 2607 (Iudith)
1029 2574 1141 2601 ornavit
1158 2582 1187 2601 se
1200 2574 1367 2601 vestimento
1380 2582 1430 2600 suo
1449 2574 1478 2600 et
1491 2573 1617 2608 ingressa
1636 2574 1717 2601 stetit
1735 2575 1802 2601 ante

149 2624 249 2652 faciem
262 2624 330 2652 eins.
358 2625 391 2652 16
403 2633 451 2652 cor
462 2626 556 2652 autem
570 2625 733 2653 Holofernis
744 2634 907 2653 concussum
921 2627 976 2653 est:
991 2628 1052 2653 erat
1064 2627 1137 2654 enim
1153 2626 1253 2653 ardens
1265 2626 1295 2653 in
1308 2625 1535 2661 concupiscentia
1548 2625 1607 2652 eius
1669 2627 1704 2653 20
1714 2626 1802 2653 bibit-

150 2684 206 2710 que
223 2675 319 2703 vinnm
338 2675 459 2703 multum
477 2676 569 2704 nimis.
599 2697 622 2704 ..
643 2677 684 2709 13,
699 2678 732 2704 10
749 2676 868 2711 (Iudith)
887 2677 1023 2712 percussit
1041 2677 1084 2704 bis
1103 2678 1132 2704 in
1151 2678 1286 2705 cervicem
1309 2678 1369 2704 eius
1395 2679 1424 2704 et
1441 2677 1562 2705 abscidit
1588 2679 1672 2712 caput
1696 2678 1755 2705 eius
1774 2679 1803 2704 et

150 2726 270 2754 abstulit
293 2735 447 2762 conopeum
469 2728 530 2755 eius
551 2737 568 2755 a
593 2728 729 2756 columnis
753 2730 782 2756 et
805 2729 911 2756 evolvit
934 2738 1032 2764 corpus
1055 2729 1114 2756 eius
1139 2730 1277 2757 truncum.
1306 2750 1330 2757 ..
1355 2730 1419 2762 14,1
1439 2729 1513 2756 dixit
1537 2731 1632 2756 autem
1651 2729 1746 2756 Iudith
1766 2730 1802 2756 ad

151 2787 260 2806 omnem
279 2779 428 2814 populum:
446 2781 617 2816 ‘suspendite
635 2782 722 2815 caput
739 2781 791 2808 hoc
809 2789 892 2816 super
911 2790 1004 2808 muros
1023 2782 1149 2808 nostros'.
1169 2802 1192 2809 ..
1211 2790 1276 2809 mox
1287 2782 1382 2808 autem
1396 2782 1428 2808 ut
1447 2782 1524 2808 ortus
1542 2783 1584 2808 est
1602 2781 1669 2815 dies,
1688 2790 1803 2816 suspen-

150 2829 253 2858 dorm
277 2839 362 2866 super
382 2839 476 2859 muros
502 2834 589 2876 eaput
611 2832 771 2859 Eolofernis
858 2833 890 2860 17
910 2834 939 2860 et
964 2834 1067 2859 tremor
1090 2833 1192 2860 cecidit
1214 2841 1298 2868 super
1320 2833 1479 2868 (Assyrios).
1566 2834 1618 2860 333
1642 2833 1759 2860 Fortwn.
1775 2833 1802 2860 0.

158 2881 270 2915 7Π13,
283 2883 335 2911 304
353 2883 490 2911 sobrietas
508 2884 604 2911 Iudith
625 2885 736 2912 vincere
754 2885 814 2912 sola
831 2885 907 2912 facit.
