2060 3074
449 407 474 426 2⁵

452 927 477 947 3⁵

451 1195 478 1214 4⁰

456 1972 481 1991 55

271 2805 304 2832 67
323 2805 424 2832 eunctis
437 2806 461 2831 A

666 153 756 180 VITA
774 154 801 180 S.
813 153 968 180 AMANDI.
997 153 1107 180 LIBER.
1125 153 1166 179 111
1184 153 1230 179 ΕΤ
1249 152 1296 179 IV.

520 240 592 276 Quo
617 241 718 272 crucis
740 243 776 271 ut
798 240 916 271 vitulus
939 239 1084 271 Christus
1107 243 1267 271 mactatur
1288 240 1322 271 111
1345 250 1420 271 ara:

520 292 593 328 Quo
616 293 700 324 lecto
724 291 837 323 sedem
859 292 1035 324 monstravi
1057 292 1275 334 pontificalem

523 342 759 375 Oonscendisse
783 343 896 384 virum,
921 343 1027 375 fuerat
1050 344 1103 386 qui
1125 344 1256 376 victima
1277 344 1361 376 viva.

518 395 672 426 Flaminis
696 398 730 426 et
752 395 834 426 sacri
857 395 932 437 quia
954 395 1060 437 gratia
1081 395 1154 427 fusa
1174 394 1312 427 Iohanni
1335 398 1394 435 est,

521 446 640 478 Evolat
661 450 698 478 ut
719 446 834 488 pennis
857 446 986 488 aquilae
1009 456 1107 489 super
1123 447 1265 479 ‘aethera
1285 450 1407 487 vectus,

521 498 719 541 Principium
743 498 829 529 canit
851 500 950 540 atque
973 501 1049 530 ante
1073 499 1182 530 omnia
1203 502 1352 542 tempora
1373 499 1522 531 verbum:

522 550 645 592 Estque
669 550 721 582 via
744 550 839 581 simili
861 561 915 582 me
937 561 1022 582 1111118
1044 561 1220 594 properare
1242 562 1387 584 11888888.

523 602 628 634 Instat
650 602 736 633 8111111
759 612 941 634 memorare
964 603 1069 641 itiner,
1094 613 1157 645 quo
1182 606 1311 635 sanctus
1333 603 1500 635 Amandus

525 653 624 686 Iverit
646 653 689 685 ad
713 653 876 685 dominum
898 655 1030 686 meritos
1053 658 1236 697 sumpturus
1258 655 1408 695 honores,

522 705 645 737 Viserit
667 708 700 737 et
722 706 867 748 requiem
891 706 1023 738 caelesti
1045 707 1078 738 in
1101 707 1238 739 culmine
1262 711 1398 750 partam,

522 756 594 793 Quo
617 767 670 789 me
692 757 781 789 nulla
802 758 891 790 levat
913 758 1070 790 factorum
1091 769 1200 801 penna
1221 759 1389 791 bonorum.

523 809 619 841 Velle
642 820 733 841 meos
756 810 880 842 animos
901 810 975 851 urit,
999 811 1057 842 sed
1081 821 1176 854 posse
1199 815 1355 848 retentat;

524 861 661 894 Currere
684 863 794 904 lingua
817 863 914 904 cupit,
938 863 1052 895 stridet
1074 863 1133 895 sed
1155 865 1264 895 nescia
1286 864 1362 896 fari:

522 913 637 946 Gordia
659 914 692 946 in
715 924 793 956 aure
817 917 927 946 tamen
949 915 975 946 si
998 915 1111 947 sibilus
1133 916 1189 947 ille
1212 916 1358 956 resultet,

524 966 665 1008 Impleat
688 968 722 997 et
743 969 899 1006 mentem,
923 967 1083 998 calamum
1107 977 1170 1010 quo
1193 968 1317 1009 tinguo,
1340 967 1476 1009 liquore,

523 1016 586 1054 Qui
609 1017 687 1049 facit
708 1017 866 1049 humanas
889 1018 1012 1050 asinam
1034 1018 1175 1050 formare
1198 1019 1345 1062 loquelas

522 1069 766 1112 Indocilemque
789 1070 892 1101 virum
915 1071 1050 1112 querulo
1074 1070 1272 1103 confimdere
1295 1071 1423 1110 rithmo,

524 1121 675 1153 Carmine
698 1121 869 1162 succincto,
894 1131 977 1163 quae
1000 1125 1124 1154 restant
1147 1126 1250 1165 gesta,
1274 1123 1405 1154 notabo.

566 1182 609 1214 ΙΙ.
633 1181 705 1221 Eia,
729 1191 803 1224 age,
826 1181 1001 1214 Vacceiam
1024 1183 1090 1214 late
1114 1183 1202 1224 mihi,
1226 1183 1330 1223 Musa,
1353 1186 1536 1225 vagantem,

523 1233 696 1265 Fidentem
720 1233 828 1274 frenis,
852 1235 1058 1276 torquentem
1081 1235 1148 1266 tela
1170 1235 1300 1267 lacertis

524 1285 648 1325 Pande,
671 1295 762 1327 rogo,
787 1287 820 1316 et
842 1285 940 1327 vulgo
963 1286 1088 1328 vulgari
1110 1296 1191 1318 voce
1214 1289 1347 1318 notato:

525 1337 561 1369 Si
584 1337 696 1369 demas
718 1339 890 1379 mutesque
913 1337 1033 1380 apices,
1057 1337 1233 1386 Wasconia
1255 1338 1365 1370 fertur.

525 1389 617 1425 Quae
641 1399 722 1431 gens
745 1388 826 1420 dura
848 1389 926 1420 satis
947 1389 1044 1421 variis
1068 1390 1258 1422 excursibus
1280 1391 1412 1429 instans,

522 1441 645 1473 Ictibus
669 1451 708 1472 ac
731 1440 852 1472 crebris
873 1440 1003 1473 hostilia
1026 1442 1093 1474 tela
1114 1442 1299 1484 rependens

524 1493 689 1525 Extremis
711 1492 819 1524 fuerat
840 1492 1038 1525 Francorum
1061 1493 1178 1526 finibus
1201 1494 1317 1529 hostis;

525 1544 592 1576 Sed
614 1555 698 1576 nunc
719 1544 876 1576 vulnificis
898 1545 1060 1576 substrata
1083 1548 1133 1577 est
1155 1545 1300 1588 pacifera
1322 1546 1418 1589 armis

525 1596 696 1639 Frenaque
720 1596 853 1628 consilio
877 1596 1009 1628 tandem
1031 1596 1190 1632 conducta
1213 1597 1334 1629 salubri

523 1647 598 1680 Non
619 1649 721 1680 laniat
742 1658 862 1687 morsu,
885 1647 944 1680 sed
966 1648 1056 1691 pacis
1078 1649 1111 1680 in
1134 1649 1244 1681 oscula
1266 1651 1392 1681 tractat.

524 1699 592 1732 Illis
614 1699 825 1742 temporibus,
850 1700 921 1742 quis
943 1703 1072 1732 sanctus
1094 1701 1127 1732 in
1150 1701 1229 1733 orbe
1253 1701 1417 1741 manebat,

526 1751 572 1784 Ut
593 1751 696 1784 Gallis
719 1751 827 1783 fuerat
849 1761 948 1783 saeva
970 1751 1100 1783 feritate
1123 1752 1265 1793 rebellis,

527 1803 582 1836 Sic
605 1806 676 1835 erat
698 1805 732 1835 et
755 1802 895 1843 Christo,
918 1803 1077 1845 reliquum
1101 1804 1155 1846 qui
1178 1806 1336 1836 straverat
1361 1803 1483 1835 orbem.

526 1855 718 1897 Relligionis
742 1854 827 1886 enim
850 1854 972 1886 nudata
995 1854 1114 1886 decore
1138 1855 1268 1887 iacebat

525 1907 564 1939 In
585 1907 688 1939 noctis
710 1906 853 1938 tenebris
875 1907 964 1938 nulla
986 1907 1147 1939 illustrata
1169 1907 1310 1940 lucerna.

524 1957 796 2001 Horrendumque
820 1958 935 1999 scelus,
961 1959 1011 1990 cui
1034 1962 1150 1991 cuncta
1174 1960 1325 1991 nocentia
1348 1958 1476 1999 cedunt,

529 2010 601 2047 Quo
625 2010 780 2053 gignente
804 2010 911 2041 solent
933 2010 1077 2052 reliquae
1102 2021 1309 2043 concrescere
1332 2014 1457 2053 pestes:

530 2062 660 2095 Cultum
683 2061 812 2094 Christo
836 2061 979 2094 habilem
1002 2066 1092 2094 muta
1114 2062 1157 2094 ad
1179 2063 1350 2098 simulacra
1372 2063 1543 2094 reflectens

528 2114 622 2147 Idola
644 2113 802 2146 credebat
823 2124 944 2145 numen
968 2114 1098 2146 deitatis
1120 2115 1253 2146 habere.

527 2166 599 2198 Hos
621 2166 676 2198 ubi
699 2175 836 2198 vesanos
859 2175 1004 2197 errorum
1027 2166 1185 2209 comperit
1208 2169 1298 2198 actus

526 2218 661 2250 Praesul
682 2217 860 2258 Amandus,
884 2217 926 2249 ab
947 2218 1006 2259 his,
1031 2228 1112 2260 quos
1134 2218 1269 2250 fratrum
1290 2217 1420 2249 nomine
1442 2216 1556 2259 dignos

529 2270 679 2311 Fecerat,
702 2279 857 2301 accensus
879 2269 995 2301 horum
1019 2270 1200 2315 celeranter
1222 2269 1322 2301 adivit

519 2322 676 2364 'Belliger
697 2321 829 2363 insignis
853 2324 966 2361 terras,
990 2324 1026 2352 ut
1048 2321 1172 2364 proelia
1196 2320 1315 2353 Christi

530 2374 675 2406 Bellaret
697 2373 882 2416 pariterque
905 2373 954 2404 sui
977 2373 1143 2415 signacula
1165 2373 1252 2415 regis

529 2425 671 2458 Invictus
694 2424 788 2456 miles
809 2424 965 2467 praefatis
988 2423 1115 2456 inderet
1138 2425 1232 2465 arvis,

528 2477 583 2518 Ut,
605 2478 632 2509 si
654 2476 848 2519 multiplices
871 2486 935 2507 non
958 2479 1069 2518 posset
1091 2476 1160 2508 iure
1185 2479 1331 2507 catervas

529 2529 682 2569 Vincere,
704 2528 757 2560 vel
780 2527 947 2570 pulchram
971 2530 1104 2570 caperet
1125 2537 1184 2569 per
1206 2527 1341 2559 vulnera
1363 2530 1512 2558 mortem.

532 2581 683 2623 Dumque
707 2580 751 2612 ibi
774 2579 905 2611 vivificis
928 2579 1062 2610 inferret
1085 2579 1207 2621 spicula
1230 2578 1332 2610 contis

532 2632 576 2664 Et
598 2633 716 2664 multos
739 2633 895 2674 aequaret
917 2631 1014 2662 humo
1038 2630 1217 2672 falsamque
1242 2629 1376 2661 deorum

533 2683 700 2716 Sterneret
722 2682 764 2715 ad
787 2686 907 2714 terram
930 2685 1116 2714 constanter
1138 2681 1351 2724 relligionem,

1559 2850 1612 2876 76·

1742 153 1804 184 599
