2092 3094
273 173 334 203 246
639 169 963 198 BIBLIOTHECARUM
983 170 1031 198 ΕΤ
1050 170 1333 198 PSALTERIORUM
1354 170 1491 199 VERSUS
1510 170 1558 199 ΙΙΙ.

636 258 804 289 Personae
828 269 964 300 quorum
988 259 1108 298 variae,
1133 258 1281 290 doctrina
1305 258 1364 290 sed
1386 269 1465 298 una,

682 310 775 341 Unus
798 310 944 352 utrisque
969 314 1071 350 tenor,
1096 321 1162 342 una
1186 311 1353 353 sequenda
1375 311 1439 342 via.

555 368 579 387 ⁹1»
637 361 692 401 Hi,
717 362 795 404 quid
819 363 870 394 vel
894 373 977 404 quac
1001 365 1122 404 quanta
1149 373 1208 394 seu
1230 363 1283 394 vel
1308 362 1448 404 qualiter
1471 362 1539 403 egit

682 413 713 444 A
735 417 828 456 patre
852 413 1056 446 descendens
1081 417 1188 453 natus,
1212 413 1332 456 ubique
1356 413 1483 445 docent.

635 464 721 497 Hinc
746 465 886 497 hominis
910 465 1013 507 primo
1037 465 1138 497 facies
1163 465 1365 504 asscribitur,
1389 475 1482 496 orsus

683 515 744 547 Est
768 517 844 558 quia
867 520 917 548 sat
940 517 1061 548 domini
1085 517 1221 548 caelitus
1247 528 1290 548 ex
1313 517 1434 559 genesi.

635 568 756 600 Forma
777 569 882 601 leonis
906 570 990 601 inest
1006 569 1148 612 vpulchre
1172 569 1313 601 formata
1336 569 1490 609 secundo,

543 627 580 645 10⁰
685 619 779 656 Quod
801 621 912 663 tetigit
934 632 1010 653 rura
1034 621 1128 653 devia
1152 631 1230 653 voce
1256 632 1324 653 sua.

635 672 747 704 Rebus
771 673 818 705 ait
841 674 941 705 sacris
965 673 1126 716 siquidem
1151 674 1226 715 quia
1249 674 1377 714 tertius,
1401 674 1476 705 inde

681 724 776 756 Nunc
800 724 857 756 olli
880 725 1007 767 species
1031 725 1228 768 imprimitur
1250 725 1352 757 vituli.

635 775 727 807 More
751 777 880 818 aquilae
903 777 1054 818 quoniam
1077 777 1280 809 transcendit
1303 776 1410 808 sidera
1434 780 1579 819 quartus,

681 828 763 859 Eius
788 828 829 860 ob
852 828 886 859 id
909 829 1075 871 specimen
1099 829 1270 861 sthematis
1295 829 1366 871 ipse
1389 829 1482 871 gerit.

543 886 579 904 ¹0⁵
638 879 718 916 Quis
743 883 786 918 et,
811 881 1019 922 apostolicos,
1043 880 1162 921 Lucas,
1187 881 1273 923 quod
1296 881 1398 913 edidit
1421 883 1524 920 actus,

683 931 810 972 Subdit,
834 932 890 964 ubi
914 935 1001 964 totus
1025 933 1195 964 instruitur
1218 933 1369 976 populus.

635 982 825 1016 Catholicae
849 983 924 1015 hinc
948 987 1075 1026 septem
1099 984 1248 1016 redolent
1271 984 1420 1016 mirabile
1445 987 1566 1024 cartae,

681 1035 816 1067 Format
838 1036 1036 1078 apostolicus
1059 1046 1140 1078 quas
1165 1036 1330 1079 operando
1354 1036 1458 1069 stilus.

634 1086 696 1118 His
720 1087 858 1119 haerent
881 1088 932 1120 bis
957 1091 1084 1130 septem
1108 1088 1202 1120 Pauli
1225 1089 1346 1131 scripta
1369 1087 1497 1127 deinde,

541 1145 579 1163 1¹⁰
684 1138 772 1171 Ante
795 1139 909 1182 lupina
932 1140 984 1171 cui
1007 1150 1073 1171 vox
1095 1140 1191 1172 modo
1215 1140 1310 1172 ovina
1333 1140 1442 1172 micat.

633 1190 707 1222 Hoc
730 1191 895 1222 concludit
917 1202 998 1234 opus
1021 1192 1085 1223 iam
1108 1192 1190 1224 visio
1215 1195 1329 1224 sancta
1351 1192 1516 1231 Iohannis,

680 1242 774 1274 Visio
799 1246 913 1275 sancta
937 1243 1017 1275 satis
1042 1254 1079 1275 ac
1103 1244 1317 1276 memoranda
1341 1244 1439 1275 nimis

633 1294 727 1326 Haec
750 1305 836 1326 nova
858 1295 920 1326 rite
944 1295 1023 1326 cluit
1046 1295 1149 1327 series
1173 1295 1345 1327 subiuncta
1367 1295 1477 1338 priori,

679 1346 805 1379 Umbra
827 1347 916 1389 prior
938 1357 1076 1389 quarum
1099 1358 1263 1390 causaque
1286 1348 1456 1390 posterior.

541 1405 578 1424 11⁵
635 1398 724 1440 Ergo
748 1398 811 1430 iter
834 1401 884 1430 est
905 1398 1039 1441 duplex,
1063 1399 1231 1442 utriusque
1256 1400 1395 1431 effectus
1418 1399 1452 1430 in
1474 1409 1550 1439 uno,

680 1450 753 1486 Quo
777 1450 941 1482 tribuente
965 1450 1060 1482 datur
1085 1452 1212 1483 scansio
1236 1452 1326 1483 celsa
1348 1451 1425 1494 poli.

632 1502 708 1542 Hic,
733 1503 809 1545 quia
832 1503 965 1536 divitiae
988 1506 1144 1536 aeternae
1169 1505 1281 1536 vitalia
1303 1514 1436 1537 mensae

677 1554 822 1597 Implent
844 1555 973 1587 omnino
996 1558 1131 1588 nectare
1155 1559 1326 1599 perpetuo,

632 1607 706 1647 Hic,
729 1607 902 1650 paradyse,
926 1610 1001 1640 tuus
1025 1608 1128 1640 nitida
1151 1609 1278 1641 ratione
1302 1608 1446 1652 patescit

539 1666 577 1685 120
680 1659 892 1691 Multimodus
915 1660 1040 1692 fructus
1064 1660 1314 1703 melliferaxque
1337 1661 1439 1693 locus.

631 1712 695 1743 Hic
719 1711 834 1743 sitiens
858 1715 981 1754 potum,
1006 1713 1153 1744 esuriens
1177 1723 1306 1755 panem,
1331 1712 1448 1744 anxius
1473 1721 1578 1753 aeque

677 1764 853 1795 Laetitiam
876 1764 1031 1803 inveniet,
1055 1764 1161 1796 laetus
1185 1767 1218 1796 et
1240 1764 1315 1796 inde
1339 1764 1406 1796 fiet.

630 1815 724 1848 Haec
747 1818 858 1848 tamen
880 1816 914 1847 in
937 1816 998 1848 hoc
1021 1816 1152 1848 mortali
1177 1816 1253 1848 dum
1278 1827 1414 1859 corpore
1439 1817 1574 1858 quisque

678 1867 779 1910 Degit
801 1867 967 1910 habetque
991 1868 1105 1910 magis,
1129 1868 1203 1911 plus
1227 1868 1268 1900 ab
1292 1867 1402 1901 amore
1425 1868 1515 1901 velit.

538 1925 574 1945 ¹2⁵
633 1919 687 1951 Sic
711 1920 738 1951 si
759 1920 849 1962 ligna
872 1920 976 1962 magis
1000 1920 1127 1960 dentur,
1151 1921 1256 1962 magis
1279 1923 1410 1952 aestuat
1432 1920 1528 1962 ignis,

679 1971 733 2003 Sic
756 1982 852 2014 mage
875 1972 951 2004 vina
975 1972 1053 2011 sitit,
1076 1975 1174 2015 prout
1196 1983 1292 2014 mage
1317 1973 1453 2015 quisque
1476 1972 1568 2004 bibit.

632 2023 714 2055 Cum
736 2034 815 2055 vero
839 2035 917 2066 spes
938 2034 991 2056 res
1014 2024 1125 2064 fuerit,
1148 2026 1225 2056 tunc
1247 2024 1389 2066 pleniter
1412 2024 1528 2056 horum

676 2075 800 2107 Plenus
824 2078 950 2107 amator
974 2076 1044 2114 erit,
1069 2076 1134 2107 iam
1160 2076 1303 2108 saciatus
1327 2086 1394 2108 ero.

629 2126 683 2158 Ad
706 2127 793 2169 quod
814 2127 897 2159 haec
920 2127 1046 2167 domus,
1069 2127 1153 2160 haec
1177 2127 1335 2167 doctrina,
1359 2127 1442 2159 haec
1467 2126 1593 2166 semita,
1617 2129 1743 2158 tantum

538 2186 576 2205 13⁰
680 2179 775 2211 Mens
798 2179 900 2211 instet
921 2190 1000 2211 vere
1026 2180 1086 2211 sub
1111 2179 1241 2211 deitatis
1266 2190 1340 2222 ope.

628 2230 667 2262 In
689 2231 833 2272 phisicis,
857 2231 982 2273 logicis,
1006 2231 1105 2263 etiam
1127 2231 1304 2263 moralibus
1327 2231 1401 2263 istic

677 2282 797 2314 Omnia
821 2286 906 2323 sunt,
930 2283 1044 2321 lector,
1068 2283 1103 2315 in
1126 2283 1288 2315 brevitate
1311 2283 1380 2314 tibi.

628 2334 692 2365 Hic
715 2334 768 2366 hic
791 2337 964 2377 argentum
987 2345 1103 2367 aurum
1127 2346 1275 2378 gemmae
1298 2335 1434 2367 vascula
1459 2337 1568 2365 vestes

676 2386 720 2418 Et
744 2386 898 2429 quicquid
921 2389 1030 2418 terrae
1055 2387 1161 2418 carius
1186 2397 1260 2419 esse
1283 2386 1382 2418 valet.

536 2446 572 2465 135
630 2439 694 2471 Hic
718 2442 751 2471 et
773 2439 829 2471 lex
851 2439 1003 2482 preciosa
1026 2458 1068 2463 -
1092 2440 1172 2472 nihil
1195 2439 1374 2483 preciosius
1398 2438 1454 2470 illa

676 2491 745 2522 Aut
770 2494 821 2523 est
844 2494 901 2523 aut
923 2492 1013 2534 viget
1036 2494 1092 2523 aut
1114 2491 1200 2523 ridet
1223 2492 1332 2524 oletve
1357 2501 1450 2523 sacre
1474 2508 1516 2513 ——

365 2625 486 2651 97-104
503 2625 549 2658 cfr.
572 2624 705 2657 Theodulf.
719 2625 808 2659 praef.
827 2625 882 2651 bibl.
895 2625 1007 2652 89—96.
1095 2624 1144 2651 105
1165 2623 1305 2656 Theodulf.
1316 2623 1351 2650 ib.
1364 2624 1414 2650 133
1429 2623 1502 2650 Hinc
1520 2624 1556 2650 ad
1567 2624 1735 2658 apostolicos
1747 2633 1816 2659 quos
1830 2624 1918 2651 Lucas

263 2676 382 2710 protulit
394 2677 479 2702 actus.
558 2677 607 2703 109
619 2677 669 2709 cfr.
685 2676 820 2710 ZVleodulfI
832 2677 865 2703 ib.
879 2677 912 2703 97
924 2685 970 2711 sq..
1053 2678 1102 2704 111
1115 2676 1147 2703 ib.
1165 2677 1214 2703 135
1226 2676 1304 2703 Visio
1317 2677 1414 2702 sancta.
1426 2676 1520 2707 libros,
1534 2684 1606 2710 quae
1619 2677 1715 2703 sancto
1726 2676 1788 2703 visa
1799 2676 1918 2702 Iohanni

262 2729 316 2759 cst,
338 2727 342 2760 Ι
363 2727 477 2754 claudit.
574 2728 624 2754 125
645 2736 696 2761 sqq.
715 2728 852 2761 Theodulfi
871 2737 892 2755 c.
910 2728 989 2756 indic.
1009 2729 1059 2755 347
1077 2736 1129 2762 sqq.
1149 2728 1212 2754 Non
1231 2727 1292 2754 sitis
1311 2728 1379 2754 haec
1397 2727 1536 2762 explenda.
1553 2727 1607 2754 tibi
1620 2748 1626 2755 .
1640 2738 1660 2755 .:
1677 2729 1681 2762 Ι
1703 2737 1758 2762 quo
1777 2728 1867 2762 magis
1885 2737 1917 2755 ac

261 2778 391 2812 (cambac
401 2778 473 2812 LM)
483 2778 595 2810 biberis,
611 2779 676 2805 hinc
691 2771 745 2806 tibi
759 2780 848 2806 maior
862 2780 921 2807 erit.
941 2780 943 2814 Ι
959 2779 1060 2806 Estuat
1074 2779 1139 2806 inde
1150 2779 1319 2813 1nagis‚‘quo
1335 2779 1398 2813 plus
1413 2779 1492 2813 ligna
1503 2779 1608 2813 accipit
1616 2779 1704 2814 ignis;
1719 2780 1771 2807 352
1780 2779 1818 2807 Et
1827 2779 1916 2814 inagis

262 2830 326 2856 inde
337 2830 406 2861 sitit,
416 2839 471 2864 qno
482 2830 572 2864 magis
582 2830 632 2857 illa
641 2831 721 2857 bibit.
777 2832 826 2858 135
839 2831 976 2864 Tlmlnlf.
984 2831 1068 2865 praefi
1080 2831 1136 2857 bibl.
1148 2832 1196 2858 151
1207 2831 1263 2858 Lex
1276 2831 1398 2866 pretiosa
1408 2831 1453 2857 dei
1463 2832 1512 2862 est,
1523 2830 1591 2864 quid
1602 2830 1677 2857 enim
1687 2830 1837 2865 pretiosius
1846 2830 1917 2858 illa?
