2060 3074
264 145 325 175 380
949 139 1129 166 DIALOGUS
1148 139 1231 166 AGII.

630 228 780 269 Denique
805 227 877 268 quis
901 229 1039 258 mortem
1065 236 1100 258 se
1123 225 1289 257 declinare
1313 225 1452 267 putabit,

673 279 779 316 Quam
803 279 905 310 cernit
928 279 1028 309 vitam
1052 282 1128 310 ante
1153 278 1280 309 subisse
1304 288 1395 309 suam
1406 281 1419 308 ζ’

631 332 710 368 Quis
734 342 793 373 pro
817 330 979 363 defunctis
1002 341 1182 362 maerorem
1207 330 1291 361 forte
1314 329 1450 365 tenebit.

555 397 592 415 34⁰
675 383 755 420 Quis
780 382 889 414 doleat
913 393 1005 414 caros
1030 386 1174 413 maestus
1199 381 1307 413 obisse
1331 385 1446 419 suos?,

630 435 712 466 Cum
735 435 799 466 iam
822 445 882 477 per
905 433 1070 466 Christum
1093 444 1158 476 pax
1182 434 1279 472 facta,
1304 434 1532 465 reconciliatus

672 487 742 518 Iam
767 487 809 518 sit
831 497 891 529 per
914 485 1079 518 Christum
1103 485 1243 516 mundus
1268 484 1353 527 apud
1377 485 1543 517 dominum

630 538 674 570 Et
697 539 738 570 sit
761 541 932 581 peccatum
957 547 1014 580 pro
1040 536 1133 568 nobis
1157 537 1263 568 factus
1287 537 1392 576 Iesus,

670 590 716 622 Ut
738 589 849 621 mundi
874 593 990 621 cuncta
1013 589 1143 620 tolleret
1167 589 1237 630 ipse
1261 589 1389 631 probra.

553 655 591 674 345
629 642 702 674 Non
725 642 809 674 hanc
833 652 910 684 ergo
935 641 1026 673 brevi
1050 641 1117 672 vita
1139 641 1283 672 functam
1308 640 1456 677 doleatis,

673 694 723 726 Ne
747 693 838 725 vobis
861 693 951 725 aliud
973 703 1070 735 quam
1094 692 1224 724 domino
1248 693 1388 735 placeat.

629 745 727 777 Nulla
749 745 855 787 magis
879 745 978 787 plena
1001 748 1059 783 est,
1083 744 1172 776 nulla
1195 747 1246 776 est
1269 744 1445 787 perfectior
1468 747 1568 777 aetas.

672 797 771 829 Nulla
794 797 967 839 optabilior
991 796 1144 838 nullaque
1169 795 1369 828 commodior

632 849 736 885 Quam
761 849 854 887 haec,
879 859 976 891 quam
1000 848 1150 879 dominus
1175 847 1326 879 Christus
1350 847 1504 879 habuisse
1529 848 1694 891 probatur.

555 914 593 932 85ss
674 901 772 932 quta
796 901 882 943 quod
906 903 1052 932 sanctum
1078 899 1191 943 pandit
1214 900 1437 942 evangelium:

632 952 801 984 Annorum
826 952 986 995 siquidem
1010 952 1144 994 triginta
1166 951 1262 983 trium
1285 955 1492 992 memoratur,

673 1004 779 1041 Quem
804 1004 899 1036 simul
924 1014 1082 1036 annorum
1105 1004 1175 1046 ipsa
1198 1004 1272 1035 tulit
1296 1014 1475 1036 numerum.

631 1056 702 1088 Hac
726 1059 835 1089 aetate
858 1056 961 1098 liquet
984 1055 1053 1088 fore
1077 1056 1255 1098 plasmatos
1279 1056 1509 1099 protoplastos,

674 1108 718 1140 Et
741 1111 962 1140 surrecturum
987 1118 1083 1139 omne
1107 1117 1211 1150 genus
1235 1107 1409 1139 hominum.

554 1173 591 1191 :³55
629 1160 704 1192 Hoc
728 1159 897 1202 siquidem,
922 1159 981 1191 hoc
1005 1162 1066 1198 est,
1090 1158 1174 1201 quod
1199 1159 1320 1191 Paulus
1345 1160 1513 1202 apostolus
1539 1160 1654 1202 inquit,

674 1211 757 1244 Cum
779 1211 820 1243 de
843 1211 894 1243 his
918 1211 1027 1243 verbis
1050 1210 1227 1243 dissereret
1249 1210 1419 1243 brevibus:

631 1262 766 1296 ‘Donec'
791 1264 836 1295 ait
860 1263 1001 1295 ‘domino
1027 1263 1089 1295 hoc
1114 1273 1321 1295 occurramus
1344 1263 1376 1295 in
1401 1273 1491 1297 aeVO.

675 1315 746 1352 Quo
769 1325 829 1347 nos
853 1315 1018 1357 perfectos
1040 1315 1105 1346 iam
1129 1315 1234 1358 liquet
1257 1325 1330 1347 esse
1352 1315 1448 1353 viros,

631 1367 670 1399 In
693 1368 754 1400 hoc
780 1367 896 1399 aetatis
921 1367 1061 1406 modulo,
1086 1377 1150 1409 quo
1174 1367 1241 1398 vita
1264 1369 1398 1409 peracta

555 1432 593 1451 ³⁶0
673 1419 765 1451 Tune
790 1419 913 1451 Christi
936 1419 1054 1457 fuerat,
1079 1418 1208 1461 quando
1232 1429 1362 1450 crucem
1386 1417 1504 1450 subiit'.

631 1471 699 1503 Vos
724 1471 823 1513 igitur
846 1471 954 1513 potius
978 1470 1053 1502 hinc
1078 1470 1229 1502 exultare
1252 1469 1393 1510 decebit,

675 1523 770 1560 Quod
793 1523 953 1555 translata
975 1523 1040 1554 cito
1063 1532 1150 1554 nunc
1173 1522 1291 1554 fruitur
1313 1522 1455 1560 domino,

630 1574 727 1611 Quod
750 1575 898 1608 breviore
923 1575 976 1606 via
998 1574 1108 1606 mundi
1132 1574 1272 1606 transire
1295 1574 1419 1616 pericla

675 1627 718 1658 Et
741 1627 885 1669 reperire
910 1626 1006 1658 citam
1031 1626 1208 1668 promeruit
1231 1626 1388 1668 requiem.

557 1691 594 1710 ³⁶5
632 1679 844 1711 Transfertur
867 1678 1029 1721 siquidem
1053 1678 1168 1718 iustus,
1192 1688 1233 1709 ne
1256 1687 1357 1719 prava
1380 1677 1531 1709 voluntas

680 1730 745 1763 Cor
767 1734 872 1763 mutet
894 1733 1018 1763 rectum
1043 1729 1226 1772 decipiatve
1250 1730 1401 1761 animam.

267 1782 529 1815 RESPONSIO.
635 1782 704 1814 Ista
727 1782 859 1825 quidem
882 1782 952 1814 fore
975 1781 1054 1813 nixa
1078 1781 1158 1813 satis
1181 1780 1274 1812 firma
1298 1780 1424 1812 ratione

675 1834 873 1866 Nullomodo
898 1837 988 1866 certe
1011 1843 1186 1876 possumus
1210 1832 1391 1874 ambigere:

634 1886 762 1918 Scimus
787 1887 873 1918 enim
897 1886 1018 1918 debere
1042 1886 1123 1917 mori
1148 1885 1296 1916 mortalia
1319 1887 1446 1922 cuncta,

558 1951 595 1970 ³70
677 1937 806 1970 Scimus
827 1937 869 1970 ad
894 1948 1046 1969 occasum
1070 1936 1205 1968 tendere
1230 1940 1348 1968 cuncta
1370 1946 1481 1968 suum:

634 1989 699 2022 Sed
723 1993 833 2022 tamen
857 1990 1022 2032 ingenitus
1046 1989 1238 2021 mortalibus
1262 1988 1356 2020 ardor
1379 1988 1498 2020 amoris

676 2041 746 2073 Nos
771 2041 867 2073 modo
890 2052 954 2073 non
978 2042 1057 2073 flere
1082 2051 1144 2072 non
1169 2040 1247 2071 sinit
1270 2042 1303 2071 et
1324 2049 1468 2081 gemere.

634 2093 707 2124 Non
732 2093 837 2124 solum
862 2092 1023 2135 siquidem
1048 2095 1180 2135 propter
1202 2091 1286 2123 hanc
1310 2102 1387 2123 ecce
1411 2091 1569 2130 dolemus,

677 2144 811 2176 Flemus
836 2145 997 2186 lugemus,
1022 2144 1208 2186 plangimus
1232 2147 1265 2175 et
1287 2143 1458 2185 gemimus,

561 2210 598 2228 375
637 2196 701 2228 Sed
726 2207 854 2239 quoque
880 2207 964 2228 nunc
989 2196 1092 2228 nostri
1117 2206 1217 2227 causa
1240 2195 1338 2227 nihilo
1363 2195 1467 2226 minus
1492 2195 1583 2237 ipsae

677 2249 825 2281 Maestae
849 2249 1024 2291 ploramuS,
1049 2248 1168 2290 iugiter
1190 2251 1223 2279 et
1245 2247 1416 2290 gemimus,

635 2300 728 2337 Quod
751 2300 915 2333 desolatas
940 2301 1011 2333 eius
1035 2310 1095 2332 nos
1119 2303 1223 2331 morte
1247 2299 1394 2331 dolemus

677 2352 810 2394 Nosque
835 2353 902 2394 lupi
926 2353 1062 2384 miseras
1086 2351 1247 2383 morsibus
1272 2351 1450 2393 expositas.

635 2405 749 2446 Agnas
774 2415 912 2447 namque
936 2405 1046 2446 gregis
1071 2408 1353 2446 peroussamatre
1378 2413 1514 2435 necesse
1538 2406 1588 2433 est

561 2469 599 2489 ³80
681 2456 756 2488 Sive
780 2457 860 2487 mori
884 2460 1024 2495 teneras,
1050 2456 1143 2487 lactis
1168 2459 1200 2487 et
1224 2455 1385 2497 indiguas.

372 2648 423 2674 353
441 2649 626 2682 prothoplastos
646 2648 670 2673 B
775 2647 823 2673 361
845 2649 934 2681 pocius
953 2652 975 2673 et
994 2648 1029 2672 xic
1048 2655 1146 2680 semper
1164 2646 1189 2671 B
1292 2645 1343 2671 375
1362 2646 1456 2671 nichilo
1475 2650 1498 2672 et
1515 2646 1550 2671 sic
1567 2654 1666 2678 semper
1684 2645 1715 2670 Β

373 2743 423 2769 337
442 2750 477 2775 sq.
499 2741 615 2768 Fm-tun.
638 2742 665 2770 0.
680 2742 735 2775 IX,
749 2742 774 2775 2,
786 2742 821 2769 43
838 2749 875 2775 sq.
889 2741 968 2774 Quis,
988 2750 1069 2776 rogo,
1089 2749 1144 2768 non
1163 2740 1290 2772 moritur,
1310 2741 1427 2767 mortem
1445 2741 1577 2774 gustante
1595 2739 1697 2770 salute,
1717 2738 1788 2765 Dum
1806 2747 1857 2773 pro
1875 2746 1919 2765 me

269 2795 358 2821 voluit
377 2794 421 2820 hic
440 2802 502 2821 mea
520 2794 579 2821 vita
598 2794 686 2821 mori?
783 2795 835 2821 350
853 2794 919 2820 Istw.
939 2795 963 2826 3,
977 2794 1011 2820 23
1093 2793 1144 2819 352
1161 2792 1210 2825 cfr.
1229 2800 1313 2826 supra
1331 2792 1367 2818 ad
1385 2801 1406 2819 r.
1428 2792 1484 2819 192.
1583 2792 1634 2818 355
1652 2799 1706 2824 sqq.
1726 2790 1822 2823 Ephes.
1839 2790 1865 2823 4,
1879 2790 1920 2816 13.
