2060 3074
0 2403 13 2536 .Ἴ·η·ςεν,ειιι·
0 2349 15 2389 γι·-
11 2326 14 2327 ,
18 2283 19 2286 „

0 2578 14 2627 fids*
0 2547 11 2566 'x

477 613 505 631 1⁰

479 871 501 890 1⁵

473 1909 497 1927 ³5

275 2516 322 2550 [n.]
350 2518 366 2542 3
385 2518 511 2543 homiuem
530 2517 586 2542 alia
603 2518 648 2543 aed
665 2518 767 2550 aequali
785 2526 863 2542 manu
881 2526 948 2542 corr.
965 2517 990 2541 11
1073 2516 1103 2542 16
1121 2517 1229 2542 oboesus
1244 2516 1273 2540 II
1350 2515 1383 2542 27
1402 2521 1550 2550 regesti-aret
1565 2517 1593 2542 Il

172 2563 196 2584 u
213 2560 248 2584 tic
265 2568 329 2584 raro
347 2568 361 2585 e
377 2568 426 2592 pro
445 2566 460 2596 e
483 2559 533 2585 ΗΡ

648 152 686 178 IN
705 152 928 180 HINCMARUM
948 154 1150 182 EPISCOPUM
1172 156 1453 184 LAUDUNENSEM.

547 238 597 270 Ne
621 238 679 270 tibi
704 239 748 270 sis
773 240 915 282 sapiens.
940 242 1073 273 multum
1099 242 1182 284 quod
1210 246 1321 274 caecat
1345 243 1526 278 homonem.

590 290 716 332 Collige
740 290 779 322 de
804 292 889 323 veris
914 292 995 324 haec
1019 296 1074 324 tua
1098 294 1173 325 ficta
1196 294 1274 326 fore.

541 341 633 373 Sicut
655 345 688 373 et
711 342 783 384 ipsa
806 343 852 374 tui
878 344 1053 385 primordia
1078 346 1229 377 carminis
1254 357 1327 378 esse

587 393 683 425 Clare
707 393 931 426 demonstrant
954 394 1109 437 degeneri
1132 407 1263 438 genere.

544 444 691 487 Namque
716 445 901 487 pitatiolum
926 450 1041 478 neutro
1066 448 1179 480 dixere
1203 450 1325 491 priores

586 496 629 528 Et
653 499 750 539 caput
773 497 834 528 hoc
858 498 1015 539 languens
1040 503 1149 530 cetera
1172 500 1259 531 fluxa
1282 500 1388 532 docet.

543 548 634 584 Quae
659 548 842 591 compilasti
867 550 955 580 vario
980 560 1036 591 pro
1060 554 1206 593 tempore
1229 555 1262 583 et
1285 555 1360 583 actu

585 599 724 632 Condita
748 599 789 632 de
813 601 922 632 verbis
947 601 1033 632 sedis
1057 603 1257 644 apostolicae

542 652 697 684 Conciliis
720 652 818 684 certis
842 663 1047 695 praeponens
1071 654 1149 685 talia
1173 665 1280 694 sensu,

585 702 646 735 cui
672 704 778 735 bonus
805 704 967 746 interpres
991 705 1121 747 spiritus
1145 706 1250 738 almus
1273 706 1368 738 abest

543 755 606 786 Cor
630 754 759 797 fugiens
783 755 904 791 fictum,
928 755 1013 798 quod
1036 756 1208 799 disciplina
1232 757 1369 789 salubris

582 806 655 838 Non
679 807 772 848 regit,
796 810 894 849 atquc
919 807 1025 847 simul,
1049 818 1131 850 quae
1155 811 1211 840 tua
1235 812 1310 841 vota
1335 813 1475 842 vomunt.

542 858 700 900 Congruit
722 858 807 890 unde
832 858 899 897 tibi,
923 859 1055 902 sapiens
1079 859 1164 901 quod
1187 859 1318 892 dixerat
1341 861 1430 892 olim:

584 909 656 941 Non
681 914 812 942 tenuem
836 920 965 942 sensum
992 915 1106 943 venter
1129 911 1250 943 obesus
1274 912 1382 944 habet.

539 960 583 992 Et
606 954 831 993 mensinflato
856 973 954 994 sensu
978 962 1120 994 distenta
1146 963 1254 995 videre

583 1014 690 1046 Noxia
712 1019 806 1056 gesta
830 1015 949 1057 nequit.
974 1026 1056 1057 quae
1081 1019 1190 1047 tamen
1215 1015 1290 1058 ipsa
1311 1016 1404 1057 gerit.

541 1065 627 1097 Hinc
651 1066 731 1098 alios
754 1067 854 1108 gestit
877 1077 1006 1109 semper
1029 1067 1170 1098 clamare
1194 1071 1349 1099 nocentes

582 1117 690 1160 Seque
714 1121 807 1160 putat
830 1118 995 1157 mundam,
1020 1119 1046 1150 si
1070 1118 1188 1150 nitidos
1212 1119 1362 1151 maculat.

540 1170 584 1201 At
608 1181 661 1202 cor
683 1170 868 1207 contritum,
893 1170 1020 1202 domino
1045 1171 1206 1213 placabile
1231 1181 1358 1207 munus,

580 1221 647 1253 Dat
670 1222 755 1254 mala
779 1226 896 1254 cuncta
919 1222 990 1260 sibi,
1014 1221 1069 1254 dat
1093 1222 1178 1254 bona
1203 1226 1319 1254 cuncta
1343 1222 1413 1254 deo,

539 1273 589 1305 Tu
612 1274 740 1316 fugiens
764 1274 892 1316 culpam
918 1274 1046 1316 culpam
1070 1274 1279 1306 nihilominus
1303 1274 1395 1306 addis

582 1324 743 1357 Innocuos
767 1336 914 1368 carpenS,
939 1326 1086 1358 conscius
1109 1325 1194 1358 unde
1218 1325 1284 1358 tibi.

535 1376 679 1408 Moribus
703 1381 736 1408 et
758 1378 851 1409 factis
876 1382 1020 1420 turgens,
1046 1382 1080 1409 ut
1105 1388 1250 1420 corpore,
1275 1378 1380 1411 corde.

583 1428 724 1460 Motibus
748 1433 845 1471 atque
870 1430 966 1461 nimis
990 1429 1108 1462 diceris
1133 1440 1188 1462 ore
1212 1430 1302 1462 levis.

538 1480 675 1512 Viscera
697 1481 751 1524 qui
775 1481 898 1517 matris,
923 1481 999 1513 dum
1023 1485 1055 1513 te
1079 1485 1223 1524 gestaret
1246 1482 1278 1514 in
1302 1482 1384 1516 alvo.

580 1531 744 1576 Rumpere
769 1543 833 1565 non
857 1533 967 1575 quisti,
991 1544 1076 1566 nunc
1100 1534 1223 1566 laniare
1247 1535 1348 1577 cupis,

537 1584 636 1616 Parta
659 1585 712 1627 pie
737 1585 880 1621 suboles,
904 1585 1061 1617 donorum
1086 1586 1186 1631 oblita
1211 1586 1367 1628 parentis,

578 1636 670 1672 Quae
694 1640 726 1668 te
751 1637 906 1669 nutritam
931 1637 1006 1669 fecit
1030 1637 1151 1670 honore
1175 1647 1310 1670 sacram.

537 1687 609 1720 Non
633 1698 703 1728 rex,
727 1692 762 1720 ut
785 1688 878 1727 dicis,
904 1693 1072 1731 surreptus
1096 1689 1221 1721 nisibus
1245 1689 1318 1720 ullis

581 1739 631 1772 De
655 1744 687 1772 te
712 1740 834 1779 reiecit,
860 1751 943 1783 quae
968 1740 1053 1773 bene
1078 1744 1154 1772 nota
1178 1745 1269 1773 tenet

537 1792 674 1834 Saepius
698 1796 866 1835 expertus,
890 1803 985 1835 quam
1010 1793 1052 1824 sit
1075 1792 1218 1825 laudatio
1239 1793 1306 1825 fixa

579 1843 674 1876 Haec
697 1847 763 1884 tua,
785 1855 868 1887 quae
893 1845 997 1876 variat
1020 1848 1165 1886 tempore
1190 1848 1223 1876 et
1245 1855 1299 1876 ore
1324 1845 1440 1877 simul:

536 1895 602 1927 Sed
625 1896 766 1938 prudens
789 1897 897 1928 animo
921 1896 1042 1939 pariter
1066 1907 1128 1928 non
1153 1897 1260 1928 omnia
1282 1896 1416 1938 profert.

580 1947 642 1983 Qui
666 1947 808 1979 discreta
832 1951 922 1979 tenet
945 1954 1093 1990 tempora
1116 1950 1224 1980 mente
1249 1958 1319 1980 sua.

538 1998 580 2030 Et
602 1998 694 2041 pardi
719 1999 840 2041 pellem
865 2009 1003 2031 noscens
1026 2002 1058 2031 te
1083 1999 1230 2041 linquere
1254 1999 1341 2031 nolle

581 2050 738 2089 Sustinet,
763 2054 797 2082 ut
821 2051 960 2093 propriis
985 2050 1115 2082 casibus
1139 2051 1207 2093 ipse
1231 2061 1317 2083 ruas.

537 2102 695 2144 Congeris
719 2106 753 2134 et
776 2102 948 2145 quaedam,
973 2102 1098 2134 tibimet
1121 2113 1204 2144 quae
1229 2102 1323 2134 valde
1347 2104 1512 2137 resistunt„

577 2153 691 2196 Teque
715 2155 820 2196 magis
845 2157 1002 2197 pungunt,
1027 2164 1110 2196 quae
1135 2154 1193 2185 tibi
1216 2156 1310 2196 grata
1332 2158 1439 2196 putas.

538 2205 641 2238 Multa
665 2206 796 2248 quidem
822 2217 863 2238 ex
888 2205 1002 2237 studiis
1026 2216 1046 2237 a
1069 2208 1102 2237 te
1125 2205 1259 2237 dimissa
1283 2205 1441 2242 videntur,

581 2257 674 2294 Quae
698 2258 775 2300 quia
798 2257 990 2295 contemnis,
1015 2256 1128 2289 fraude
1153 2256 1293 2298 doloque
1317 2260 1417 2289 taces.

538 2309 687 2352 Impurus
711 2309 869 2352 quaedam
895 2309 1020 2340 falsasti
1044 2308 1217 2340 immittere
1241 2308 1376 2340 mendas

581 2360 655 2392 Non
679 2361 812 2398 veritus,
837 2361 989 2404 quoniam
1013 2371 1075 2392 non
1100 2359 1158 2391 tibi
1182 2370 1264 2402 pura
1288 2360 1428 2402 placent.

634 2558 668 2585 42
686 2560 819 2592 σοιιῐέρηίῡ
839 2559 869 2584 H

1761 161 1822 190 417

1672 2517 1705 2542 33
1723 2519 1812 2551 sepius

278 2644 308 2670 15
316 2652 354 2678 sq.
374 2644 528 2679 Hieronym.
549 2645 636 2679 Epist.
655 2645 689 2670 52
706 2644 745 2670 ed.
766 2643 831 2669 Van.
853 2644 870 2669 I
878 2643 929 2670 226
948 2643 1062 2677 pulchre
1080 2643 1182 2670 dicitur
1199 2643 1275 2677 apud
1294 2644 1412 2671 Graecos
1436 2646 1464 2671 et
1485 2645 1577 2672 nescio
1600 2654 1636 2672 an
1663 2646 1738 2680 apud
1763 2655 1812 2673 nos

172 2703 260 2729 aeque
279 2697 403 2723 resonet:
422 2695 534 2731 pinguis
553 2698 651 2723 venter
668 2704 723 2723 non
741 2694 836 2730 gignit
853 2703 962 2721 sensum
982 2696 1101 2725 tenuem,
1121 2694 1171 2727 cfr.
1190 2694 1302 2720 Leman
1320 2694 1358 2720 ad
1378 2694 1556 2730 Paroemioffl.
1575 2697 1678 2729 [1337;
1697 2699 1813 2724 ceterum

170 2746 278 2780 sapiens
295 2747 444 2774 Hincmaro
461 2747 623 2780 aliquotiens
641 2749 678 2773 est
692 2754 745 2780 pro
759 2749 838 2780 poeta
852 2754 961 2780 paqam
978 2746 1028 2779 cfr.
1049 2745 1115 2780 Opp.
1133 2745 1170 2772 od.
1183 2745 1261 2772 Sim.
1283 2746 1318 2771 ΙΙ
1328 2746 1389 2778 186;
1407 2747 1466 2774 201.

171 2797 205 2827 27
223 2798 320 2826 matris
337 2807 373 2826 sc.
392 2798 510 2826 acclesiae
528 2798 664 2825 Remmia
680 2798 728 2831 cfr.
749 2798 872 2825 Sela-vers
889 2798 905 2824 l.
923 2806 944 2824 c.
962 2806 1023 2832 paq.
1042 2798 1100 2824 316.

198 2836 203 2841 .
276 2851 376 2879 Poma
395 2859 476 2878 LATiM
497 2857 553 2878 Asvi
572 2851 694 2878 Cmoum
716 2850 762 2881 ΙΙΙ,
774 2851 798 2876 2.

1545 2749 1576 2774 21
1598 2748 1696 2775 Psalm.
1715 2749 1757 2780 50,
1773 2750 1811 2776 19.
