2060 3074
286 177 347 206 664
940 172 1091 200 MILONIS
1111 173 1289 200 CARMINA.

653 260 787 291 Saucius
810 260 872 291 hoc
895 260 1000 301 ipsum
1024 260 1140 301 signat7
1166 259 1253 302 quod
1274 259 1428 302 prodigus
1450 261 1526 295 iste:

651 311 711 343 Oui
735 314 828 354 pater
851 320 1021 342 accurrens
1044 311 1114 353 ipse
1139 314 1189 342 est
1213 311 1373 342 Samarita
1395 312 1625 354 propinquans,

651 363 716 395 Per
739 362 802 394 duo
827 363 881 405 qui
904 372 1019 394 curans
1042 362 1116 394 vino
1141 363 1329 394 commiscet
1353 363 1481 405 olivum,

651 415 747 446 Lenit
771 416 803 445 et
827 416 991 444 austerum
1014 413 1178 446 miseratio
1201 414 1293 456 larga
1317 414 1467 456 rigorem.

568 479 607 498 640
649 466 738 507 Ergo
762 466 848 496 fame
873 465 1040 496 admonita
1065 467 1114 496 est
1136 465 1192 496 ubi
1214 476 1306 509 megs
1330 467 1458 508 captiva
1481 468 1614 509 subulci,

651 518 816 560 Coeperat
838 517 893 548 ille
917 517 966 548 sui
989 517 1054 555 iam
1077 517 1157 548 flens
1181 518 1366 549 meminisse
1389 521 1541 561 parentis.

649 569 744 601 Unde
768 579 902 611 gravem
926 571 1067 600 tractans
1090 572 1257 600 maerente
1280 570 1312 600 in
1335 570 1433 602 corde
1457 571 1613 614 dolorem,

650 621 701 653 De
726 621 875 663 genitore
899 631 957 652 suo
980 631 1045 652 non
1067 621 1131 652 iam
1155 631 1190 652 se
1213 631 1310 664 posse
1334 623 1452 655 mereri

649 673 809 705 Diffidens
832 683 950 704 nomen
974 683 1035 704 nec
1059 672 1201 714 dignum,
1224 673 1307 705 filius
1329 677 1365 705 ut
1389 675 1438 715 sit,

567 738 604 757 645
650 726 751 768 Optat
774 725 897 757 haberc
922 726 1037 765 locum,
1062 735 1158 767 quem
1183 727 1433 767 mercennarius,
1456 728 1565 760 imum.

693 786 783 818 XVI.
808 786 901 817 Haec
924 786 1058 817 volvens
1082 785 1214 817 tandem
1238 786 1336 828 longa
1358 798 1377 818 a
1399 788 1533 830 regione
1557 800 1724 832 regressus

648 838 703 870 Ad
726 837 854 870 dulcem
878 840 1003 869 remeat
1025 837 1090 869 iam
1113 848 1247 880 corpore
1273 838 1369 870 corde
1393 843 1573 881 parentem.

649 890 814 932 Perspice,
838 891 1000 932 peccator,
1024 889 1134 921 similis
1157 889 1235 921 mihi
1258 890 1284 921 si
1306 893 1416 922 tamen
1438 892 1534 933 ullus,

650 942 747 978 Quod
769 942 900 984 pietatis
924 952 1014 984 epm,
1039 942 1212 973 clementia
1235 943 1340 984 gratia
1364 953 1447 985 quae
1474 945 1524 983 sit,

567 1007 607 1026 1350
651 994 697 1026 Ut
719 1004 872 1036 reparare
900 993 1037 1035 gradum
1061 993 1165 1025 discas
1189 997 1222 1025 et
1245 1005 1378 1037 surgere
1402 995 1443 1028 ab
1467 997 1548 1028 imis.

649 1046 870 1078 Praeveniens
894 1056 987 1077 cursu
1010 1046 1138 1088 genitor
1161 1046 1241 1078 citus
1266 1047 1378 1079 obvius
1401 1048 1474 1085 ivit:

650 1098 786 1130 Dulcius
810 1099 1001 1140 amplexans
1025 1101 1058 1129 et
1081 1098 1113 1129 in
1138 1098 1248 1129 oscula
1271 1099 1411 1131 strictius
1433 1099 1572 1132 haerens

651 1150 749 1182 Ocius
772 1150 882 1181 afferri
906 1150 1022 1181 stolam
1046 1150 1215 1192 praecepit
1238 1150 1369 1190 avitam,

650 1202 769 1233 Amisit
793 1212 890 1244 quam
913 1201 1035 1243 primus
1059 1200 1166 1232 Adam
1190 1202 1348 1244 spoliatus
1371 1202 1413 1234 ab
1435 1203 1539 1245 hoste⁷

568 1266 607 1285 655
652 1253 873 1285 Immortalem
896 1253 1019 1284 habeat
1040 1253 1177 1285 mortale
1201 1256 1236 1285 ut
1259 1264 1375 1296 corpus
1398 1255 1560 1297 amictum,

651 1306 760 1348 Atque
785 1305 926 1346 anulum,
951 1305 1102 1348 sponsale
1126 1305 1224 1337 decus
1248 1305 1423 1349 dotemque
1447 1307 1533 1341 fidei.

649 1358 807 1390 Mactavit
829 1358 975 1398 vitulum,
1000 1359 1147 1390 convivia
1170 1359 1258 1390 laeta
1280 1360 1417 1401 paravit,

651 1411 756 1447 Quem
780 1421 861 1453 puer
885 1413 1055 1453 acceptum
1080 1411 1231 1453 celsaque
1255 1411 1314 1443 sub
1338 1412 1410 1443 ilice
1435 1416 1561 1444 coctum

648 1463 812 1506 Apposuit
836 1462 938 1494 tribus
960 1463 1014 1494 ille
1039 1463 1124 1503 viris,
1149 1462 1226 1494 dum
1250 1462 1347 1495 Sarra
1370 1463 1493 1496 farinae

565 1529 603 1548 eso
647 1515 845 1548 Accelerans
869 1518 938 1546 sata
961 1515 1149 1547 commiscet
1172 1516 1234 1547 tria
1258 1515 1332 1557 (rite
1354 1516 1491 1558 figuram

648 1567 739 1599 Illius
762 1567 906 1599 mulieris
929 1567 1065 1608 habens,
1089 1578 1172 1609 quae
1196 1568 1299 1599 mixta
1322 1569 1422 1600 calori

648 1619 816 1651 Fermenti
838 1618 966 1651 modico
990 1620 1169 1661 conspersit
1192 1630 1327 1662 corpore
1351 1620 1506 1664 massam)

649 1671 864 1713 Esuriemque
889 1671 975 1703 orbis
999 1671 1161 1703 cumulato
1185 1682 1270 1714 pane
1294 1672 1418 1704 refecit.

650 1724 743 1756 Haec
766 1722 862 1755 Sarra
886 1723 1043 1755 ecclesiae
1066 1733 1180 1755 norma
1204 1727 1253 1755 est
1276 1724 1477 1767 verbumque
1501 1726 1604 1758 farina
1627 1731 1694 1766 est3

567 1789 605 1809 σεε,
649 1776 766 1808 Miscet
789 1778 961 1818 utrumque
985 1775 1079 1807 simul
1103 1778 1244 1807 tractans
1267 1779 1360 1808 vetus
1388 1779 1487 1820 atque
1515 1779 1679 1811 novellum

385 1926 435 1952 637
462 1925 530 1957 *Qui
542 1925 594 1950 AL
646 1933 771 1950 accurens
784 1923 808 1948 A
896 1922 948 1949 646
977 1924 1052 1957 longe
1065 1924 1089 1948 L
1176 1923 1228 1949 652
1254 1925 1369 1951 strictius
1387 1924 1422 1959 L]
1445 1926 1523 1952 citius
1535 1926 1560 1951 A
1648 1926 1700 1953 659
1725 1932 1750 1953 et
1771 1926 1825 1954 664
1845 1927 1939 1954 strala

281 1969 332 1996 662
351 1970 444 1995 modici
457 1969 482 1994 L
569 1968 621 1994 665
638 1969 722 2001 adque
735 1968 759 1993 L

385 2047 522 2073 640—657
548 2045 601 2078 Ofr.
630 2045 666 2071 ad
687 2045 746 2072 614.
842 2043 981 2071 658-674
1012 2043 1077 2071 Gen.
1103 2044 1143 2076 18,
1162 2045 1175 2070 1
1205 2044 1338 2079 apparuit
1365 2045 1391 2071 ei
1413 2045 1566 2080 (Abrahae)
1593 2046 1723 2074 dominus
1751 2048 1782 2074 in
1810 2047 1938 2075 convalle

281 2099 406 2125 Mambre
426 2099 473 2133 (ad
493 2099 586 2126 ilicem
600 2098 636 2125 M.
649 2100 713 2124 wrote
725 2097 935 2131 Hieronymum)
955 2117 961 2123 .
972 2116 978 2123 .
997 2097 1014 2123 2
1032 2105 1151 2131 cumque
1165 2097 1301 2124 elevasset
1319 2097 1422 2130 oculos,
1440 2099 1633 2132 apparuerunt
1651 2098 1677 2125 ei
1694 2099 1752 2126 tres
1765 2099 1818 2126 viri
1830 2100 1939 2126 stantes

282 2159 368 2185 prope
386 2159 450 2178 eum
469 2171 475 2177 .
487 2171 493 2178 .
512 2151 529 2177 3
548 2152 577 2177 et
595 2149 668 2176 dixit
690 2170 712 2176 ..
732 2149 907 2183 ‘requiescite
932 2149 984 2176 sub
1009 2150 1108 2177 arbore
1126 2170 1132 2177 .
1144 2172 1150 2177 .
1169 2151 1187 2177 5
1209 2152 1238 2178 et
1257 2151 1414 2178 confortate
1437 2159 1484 2178 cor
1501 2151 1633 2180 vestrum'
1653 2172 1659 2178 .
1671 2171 1677 2177 .
1696 2153 1713 2178 6
1735 2151 1883 2180 festinavit
1899 2152 1936 2180 ad

282 2203 379 2230 Saram
398 2203 527 2237 dixitque
547 2203 692 2234 accelera,
716 2202 773 2229 tria
791 2203 854 2229 sata
872 2202 982 2229 similae
1001 2202 1149 2230 commisce
1167 2203 1197 2230 et
1214 2203 1258 2230 fac
1278 2203 1478 2230 subcinericios
1495 2204 1599 2238 panes'.
1629 2204 1644 2230 7
1663 2203 1723 2238 ipse
1741 2212 1807 2231 vero
1827 2224 1834 2231 .
1845 2224 1851 2230 .
1869 2203 1939 2231 tulit

281 2255 403 2282 vitulum
421 2275 446 2282 ..
466 2255 600 2289 deditque
626 2263 729 2290 puero,
755 2255 804 2289 qui
831 2275 855 2282 ..
879 2254 963 2282 coxit.
999 2255 1098 2282 Isidor.
1118 2255 1228 2289 Quae-st.
1252 2255 1283 2281 in
1306 2258 1352 2282 vet.
1379 2258 1522 2282 testantem.
1536 2255 1569 2282 14
1593 2255 1646 2289 (M.
1664 2256 1706 2288 83,
1719 2256 1781 2289 244)
1807 2256 1846 2282 ad
1866 2256 1939 2283 Immo

281 2308 382 2334 locum:
406 2307 452 2334 hic
479 2308 523 2335 est
545 2307 652 2334 vitulus
677 2307 798 2340 domini,
822 2307 871 2341 qui
894 2308 1009 2342 propter
1032 2307 1151 2334 salutem
1177 2307 1349 2334 credentium
1373 2307 1410 2334 ad
1439 2307 1565 2335 arborem
1593 2307 1681 2334 crucis
1705 2308 1748 2334 est
1769 2307 1938 2335 immolatus.

282 2359 327 2386 hic
346 2361 388 2386 est
405 2359 513 2386 vitulus
531 2359 665 2386 dominici
684 2359 820 2394 corporis,
840 2359 887 2393 qui
909 2359 939 2385 in
958 2359 1108 2394 euangelio
1133 2359 1213 2392 (Luc.
1234 2361 1274 2391 15,
1287 2359 1335 2393 23)
1357 2367 1407 2394 pro
1432 2361 1579 2394 peccatore
1601 2359 1740 2387 occiditur
1761 2359 1820 2387 filio
1839 2380 1863 2387 ..
1881 2359 1938 2387 tria

282 2413 375 2438 autem
395 2412 464 2444 sata,
484 2412 559 2438 unde
579 2411 647 2438 Sara
666 2420 753 2446 panes
772 2411 849 2443 fecit,
869 2411 956 2438 trium
974 2411 1095 2438 filiorum
1109 2411 1170 2438 Noe
1188 2411 1340 2446 imaginem
1353 2411 1557 2444 indicaverunt,
1576 2420 1610 2438 ex
1629 2411 1731 2445 quibus
1749 2419 1831 2438 omne
1849 2420 1938 2447 genus

282 2463 435 2489 humanum
454 2464 552 2490 natum
572 2465 626 2495 est,
647 2463 697 2497 qui
717 2463 831 2490 divinae
851 2463 975 2490 trinitati
994 2463 1139 2490 credentes
1157 2471 1191 2490 ex
1210 2471 1285 2498 aqua
1302 2463 1482 2498 baptismatis
1499 2472 1550 2499 per
1569 2463 1727 2496 ecclesiam,
1746 2463 1825 2491 cuius
1842 2463 1938 2499 imago

282 2515 350 2542 Sara
374 2517 447 2547 erat,
471 2515 674 2550 conspergendi
700 2517 793 2543 essent
816 2517 845 2542 et
869 2515 898 2542 iu
922 2523 978 2542 uno
1004 2523 1078 2550 pane
1098 2515 1203 2543 Christi
1225 2524 1340 2551 corpore
1364 2515 1520 2551 redigendi.
1555 2516 1625 2543 haec
1641 2517 1708 2543 sunt
1725 2515 1776 2542 illa
1793 2515 1850 2543 tria
1867 2516 1937 2548 nata,

282 2575 354 2600 quae
374 2567 474 2594 mulier
491 2567 521 2594 in
540 2567 688 2603 euangelio
703 2568 785 2602 (Luc.
799 2569 840 2600 13,
853 2568 886 2595 21
906 2576 1023 2602 regnum
1042 2567 1088 2595 dei
1106 2567 1199 2595 simile
1211 2569 1254 2595 est
1266 2568 1412 2600 fermento,
1430 2567 1506 2603 quod
1519 2569 1666 2603 acceptum
1678 2568 1779 2595 mulier
1790 2567 1938 2595 abscondit

282 2618 311 2644 in
330 2618 436 2646 farinae
455 2620 517 2646 sata
536 2619 604 2651 tria,
628 2620 715 2648 donec
738 2620 966 2654 fermentaretur)
984 2619 1163 2654 cognoscitur
1186 2620 1375 2648 fermentasse.
1407 2640 1432 2647 ..
1453 2620 1504 2647 sub
1530 2620 1628 2647 arbore
1651 2621 1745 2647 autem
1769 2628 1815 2647 eos
1833 2619 1937 2647 sedisse

283 2670 420 2704 passionis
442 2671 599 2698 dominicae
624 2673 684 2699 erat
708 2672 829 2707 signum.
865 2672 961 2699 maor.
981 2672 1098 2706 Alleqor.
1111 2672 1144 2698 24
1163 2681 1234 2706 puer
1252 2672 1381 2699 Abrahae
1405 2671 1559 2707 imaginem
1577 2671 1684 2706 priscae
1708 2671 1779 2706 legis
1798 2671 1936 2706 designat.

283 2729 332 2755 per
354 2731 435 2755 quem
456 2723 564 2750 Christo
584 2723 700 2751 ecclesia
722 2733 824 2759 sponsa
846 2725 1015 2759 praeparata
1034 2726 1083 2751 est.
1171 2725 1294 2753 66L662
1311 2725 1419 2752 lum.
1437 2725 1534 2752 11820
1551 2725 1687 2751 fermento
1705 2733 1758 2759 par
1775 2725 1818 2750 est
1836 2731 1936 2751 munus

282 2774 402 2801 caeleste
420 2775 533 2807 salubri,
555 2775 559 2810 Ι
580 2776 655 2809 quod
679 2785 784 2812 magna
806 2777 903 2804 condit
921 2777 1022 2804 mulier
1040 2776 1091 2803 sub
1115 2776 1188 2804 mole
1210 2777 1327 2804 farinae.
1343 2777 1348 2812 Ι
1363 2777 1415 2804 illa
1436 2776 1538 2804 dehinc
1560 2775 1670 2803 modico
1692 2776 1822 2803 fermenti
1847 2776 1938 2802 mixta

282 2825 374 2852 calore
390 2827 394 2859 Ι
410 2826 548 2854 conducto
567 2827 649 2855 unius
669 2829 800 2856 coalescit
818 2837 932 2864 corpore
950 2837 1072 2861 massam
1091 2836 1159 2863 quae
1177 2829 1254 2856 verba
1272 2838 1290 2856 a
1309 2829 1414 2856 Milone
1432 2829 1512 2856 sione
1529 2828 1737 2856 contrahuntur.
