2138 3106
813 214 1002 242 POEMATIA
1020 215 1181 243 MICONIS.
1759 219 1821 249 309

475 308 500 326 1⁵
577 301 678 332 Plura
700 300 802 343 pudet
824 304 935 332 nostro
959 302 1085 333 calamo
1108 313 1255 335 reserare
1278 306 1407 344 patrata

534 353 644 395 Atque
668 352 760 384 nefas
784 352 884 384 etiam
907 353 1043 384 nimium
1063 364 1238 396 peragrare
1263 354 1428 388 dolosum:

536 404 603 437 Sed
624 404 728 446 magis
751 404 823 446 ipse
847 404 950 446 gradu
974 406 1109 447 cupiens
1133 406 1310 448 persistere
1333 410 1458 449 coepto,

534 456 650 488 Donec
673 459 749 499 post
770 456 880 487 valeat
902 456 1074 488 roboratus
1098 457 1221 499 fingere
1244 458 1348 500 plura.

534 508 675 547 Interea,
699 508 812 548 lector,
837 508 973 548 calamo,
996 511 1032 540 tu
1054 519 1152 551 parce
1176 513 1317 541 retracto

471 566 498 586 2⁰
533 559 643 602 Atque
667 559 719 591 hic
742 559 916 592 verborum
940 563 1138 592 structuram
1162 572 1320 603 quaerere
1343 563 1420 594 noli.

534 611 672 654 Inscius,
696 615 766 644 arte
791 622 905 644 carens
928 613 1035 644 nescit
1058 613 1240 645 discurrere
1264 614 1342 645 bina

534 663 653 701 Linea;
677 667 887 706 quapropter,
911 665 990 696 vitio
1012 665 1091 704 sine,
1116 665 1242 707 corrige
1265 669 1385 705 nostra,

534 715 696 752 Quatinus
720 719 834 748 ornate
857 716 966 748 valeat
989 716 1172 748 discurrere
1196 720 1308 749 noster

534 768 650 800 Celsos
674 779 734 811 per
757 769 857 801 colles
880 769 1025 801 calamus
1049 769 1214 812 silvasque
1238 773 1399 812 patentes

929 914 1055 948 XXIX.

682 973 797 1010 ITEM
824 974 886 1010 DE
912 973 1093 1010 NATALI
1120 974 1300 1012 DOMINI.

533 1041 622 1073 Ecce
645 1041 716 1073 dies
740 1040 863 1073 domini
886 1052 1004 1083 magno
1028 1044 1204 1074 veneratur
1225 1043 1258 1074 in
1283 1043 1379 1080 orbe;

575 1092 756 1125 Credentes
780 1096 914 1125 cunctos
939 1093 1020 1126 haec
1045 1105 1173 1136 quoque
1196 1095 1361 1128 laetificat.

532 1145 634 1178 Cuius
658 1146 691 1177 in
714 1149 832 1178 exortu
855 1145 999 1188 pecudes
1023 1146 1237 1189 hominesque
1262 1148 1432 1186 resultant,

573 1197 740 1230 Plaudunt
763 1201 796 1230 et
819 1197 980 1237 manibus,
1005 1198 1143 1230 exiliunt
1165 1198 1319 1241 pedibus;

483 1257 495 1275 ⁵
531 1250 625 1281 Nunc
648 1249 745 1281 simul
769 1252 803 1282 et
825 1250 934 1292 pisces
959 1250 1173 1292 volucresque
1196 1261 1256 1293 per
1279 1261 1356 1283 aera
1378 1251 1508 1283 ludunt:

573 1301 722 1333 Exorant
745 1311 882 1344 puerum
907 1304 940 1333 et
962 1301 1162 1334 famulantur
1186 1303 1227 1334 ei.

532 1354 609 1397 Ipse
634 1354 754 1386 etenim
778 1354 860 1386 caeli
884 1354 1021 1386 veniens
1045 1353 1086 1386 de
1112 1354 1190 1386 sede
1214 1365 1367 1397 superna,

575 1406 726 1438 Solveret
748 1417 767 1437 a
790 1416 886 1448 pomo
911 1405 1104 1448 (daemonis)
1129 1410 1166 1438 ut
1188 1407 1368 1441 hominem:

534 1458 697 1490 Posthaec
721 1457 874 1489 sustinuit
898 1458 1052 1500 colaphos
1075 1458 1253 1501 alapasque
1278 1459 1345 1490 suis
1369 1469 1427 1501 pro

472 1518 497 1536 ¹0
576 1510 802 1552 Aculeumque
826 1509 909 1552 pati:
933 1509 994 1542 hoc
1017 1510 1173 1552 quo(que)
1199 1521 1263 1542 non
1288 1511 1406 1544 renuit.

935 1647 1040 1680 XXX.

529 1703 598 1735 Vos
623 1703 763 1736 Michael
787 1707 930 1744 sanctus,
955 1703 1089 1736 Gabriel
1113 1704 1329 1747 Raphaelque
1353 1705 1414 1737 sub
1438 1705 1499 1736 alis

529 1755 624 1788 Nune
648 1759 680 1788 et
703 1756 736 1788 in
760 1759 931 1788 aeternum
954 1756 1096 1796 foveant,
1120 1756 1174 1788 ubi
1199 1757 1342 1789 creditur
1365 1768 1440 1789 esse

532 1807 682 1839 Christus
707 1808 918 1848 celsitonans,
941 1811 1102 1840 terrarum
1126 1809 1276 1841 conditor
1299 1809 1397 1841 orbis.

995 1955 1055 1987 XI.

682 2013 808 2050 NVNC
836 1955 1085 2051 ΙΝΟέἒΑΝΤ
1111 2013 1299 2050 ΝΕΝΙΛΕ.

528 2079 645 2111 Nullus
668 2080 700 2112 in
726 2080 785 2112 hoc
809 2080 909 2113 debet
931 2080 1056 2123 degens
1082 2080 1245 2112 confidere
1268 2080 1387 2112 mundo

526 2131 630 2174 Inque
653 2143 711 2164 sua
735 2132 850 2175 sophia
873 2143 934 2164 nec
957 2143 1022 2164 non
1045 2135 1156 2164 aetate
1179 2133 1323 2164 iuventa.

528 2183 635 2226 Saepe
659 2183 743 2216 solet
765 2184 893 2226 pollens
917 2185 1015 2216 variis
1040 2184 1234 2216 occumbere
1258 2184 1322 2216 heu

530 2235 715 2268 Virtutibus
739 2235 818 2268 fisus
842 2236 1044 2278 nimiumque
1068 2235 1227 2278 deceptus
1250 2236 1284 2268 in
1308 2235 1398 2279 ipsis.

478 2294 489 2312 ⁵
525 2286 733 2334 Quapropter
755 2288 893 2330 quisque
917 2287 1058 2328 studeat,
1082 2287 1159 2320 dum
1182 2288 1314 2320 devehit
1338 2291 1437 2327 artus,

529 2339 676 2380 Cantica,
700 2339 805 2372 donec
828 2340 916 2380 aflat,
939 2340 1099 2372 Davidica
1121 2339 1276 2382 psallere,
1301 2350 1408 2379 sanos,

528 2391 728 2424 Praesertim
751 2392 884 2435 linguae
907 2393 1068 2435 plectrum
1093 2391 1155 2424 sibi
1179 2391 1256 2423 dum
1278 2391 1365 2433 regit
1388 2391 1470 2434 ipse,

527 2443 578 2475 Ne
601 2447 678 2486 post
701 2443 876 2486 depressus
900 2444 1019 2484 doleat,
1043 2442 1128 2486 quod
1152 2443 1296 2485 segniter
1318 2443 1395 2484 egit.

267 2555 299 2582 15
316 2561 429 2590 pau-acts
446 2556 471 2582 B
489 2566 555 2582 corr.
574 2557 672 2583 Beana.
786 2557 819 2583 21
838 2558 967 2583 discurere
985 2567 1051 2583 corr.
1073 2557 1098 2581 B
1209 2555 1243 2581 23
1261 2559 1349 2581 ornato
1367 2564 1434 2581 corr.
1453 2555 1479 2580 B
1587 2554 1622 2581 24
1639 2555 1771 2589 *potentes
1790 2555 1815 2581 B

266 2598 384 2634 [XXIX]
404 2599 418 2626 l
431 2599 557 2634 *unguas
569 2601 595 2626 B
681 2601 698 2626 5
715 2605 745 2626 ut
762 2610 829 2626 corr.
842 2601 868 2626 R
954 2602 971 2625 8
983 2600 1114 2637 *demonis
1130 2608 1179 2624 om.
1194 2599 1219 2623 B
1298 2597 1331 2624 10
1346 2607 1397 2631 quo
1410 2598 1434 2623 B
1451 2607 1518 2623 corr.
1530 2598 1630 2624 Bethm.
1674 2600 1777 2624 rennuit
1789 2599 1814 2624 B

265 2641 385 2677 [XXXL]
405 2643 419 2669 1
437 2644 520 2677 degon
538 2645 564 2670 B
668 2644 683 2670 7
702 2645 838 2670 Persertim
857 2645 882 2669 Β
985 2644 1002 2669 8
1021 2652 1122 2677 pressus
1140 2652 1206 2668 corr.
1228 2642 1253 2666 B

265 2709 388 2745 [xxm]
407 2711 424 2738 9
441 2711 490 2744 cfr.
512 2711 618 2745 ΧΧΠ,
634 2713 674 2739 ιι.

265 2761 532 2796 [xxx—XLVIII.
551 2766 576 2790 et
595 2763 664 2791 le.
684 2763 781 2791 LXIV.
800 2763 894 2798 va.1
922 2763 1051 2790 Nem‘ue
1074 2762 1091 2788 i.
1115 2770 1135 2787 e.
1162 2760 1356 2794 Epitaphia
1374 2769 1392 2786 a
1412 2760 1544 2786 Micone
1567 2760 1618 2786 vel
1643 2761 1741 2793 sacta
1766 2762 1814 2788 vel

161 2805 308 2832 conlecta
325 2815 351 2832 a.
369 2806 422 2833 844
438 2810 469 2833 ut
486 2807 639 2841 (mittamur.

264 2857 375 2892 [XXX-J
393 2858 441 2891 cfr.
462 2858 602 2892 Anyilbert.
621 2858 667 2886 SS.
689 2858 784 2893 Xl'p.
803 2859 859 2891 175,
876 2859 905 2885 1'1
925 2867 977 2892 sqq.
