<?xml version="1.0" encoding="UTF-8"?>
<!DOCTYPE html PUBLIC "-//W3C//DTD XHTML 1.0 Transitional//EN"
    "http://www.w3.org/TR/xhtml1/DTD/xhtml1-transitional.dtd">
<html xmlns="http://www.w3.org/1999/xhtml" xml:lang="en" lang="en">
 <head>
  <title>
</title>
<meta http-equiv="Content-Type" content="text/html;charset=utf-8" />
  <meta name='ocr-system' content='tesseract 3.04.00' />
  <meta name='ocr-capabilities' content='ocr_page ocr_carea ocr_par ocr_line ocrx_word'/>
</head>
<body>
  <div class='ocr_page' id='page_1' title='image "./monumentagerma03geseuoft/monumentagerma03geseuoft_0387.png"; bbox 0 0 2138 3106; ppageno 0'>
   <div class='ocr_carea' id='block_1_1' title="bbox 0 1964 37 3106">
    <p class='ocr_par' dir='ltr' id='par_1_1' title="bbox 0 1964 37 3106">
     <span class='ocr_line' id='line_1_1' title="bbox 0 1964 37 3106; baseline 0 0"><span class='ocrx_word' id='word_1_1' title='bbox 0 1964 37 3106; x_wconf 95' lang='lat' dir='ltr'><strong> </strong></span> 
     </span>
    </p>
   </div>
   <div class='ocr_carea' id='block_1_2' title="bbox 888 181 1818 218">
    <p class='ocr_par' dir='ltr' id='par_1_2' title="bbox 888 181 1818 218">
     <span class='ocr_line' id='line_1_2' title="bbox 888 181 1818 218; baseline 0.011 -10"><span class='ocrx_word' id='word_1_2' title='bbox 888 181 1115 210; x_wconf 81' lang='lat' dir='ltr'>PROOEMIUM.</span> <span class='ocrx_word' id='word_1_3' title='bbox 1761 187 1818 218; x_wconf 84' lang='grc'><strong>371</strong></span> 
     </span>
    </p>
   </div>
   <div class='ocr_carea' id='block_1_3' title="bbox 174 267 1824 519">
    <p class='ocr_par' dir='ltr' id='par_1_3' title="bbox 174 267 1824 519">
     <span class='ocr_line' id='line_1_3' title="bbox 176 267 1824 312; baseline 0.002 -12"><span class='ocrx_word' id='word_1_4' title='bbox 176 278 272 310; x_wconf 79' lang='lat' dir='ltr'><strong>quam</strong></span> <span class='ocrx_word' id='word_1_5' title='bbox 293 269 329 300; x_wconf 91' lang='lat' dir='ltr'><strong>in</strong></span> <span class='ocrx_word' id='word_1_6' title='bbox 351 277 438 306; x_wconf 82' lang='lat' dir='ltr'><strong>novo,</strong></span> <span class='ocrx_word' id='word_1_7' title='bbox 460 269 530 299; x_wconf 88' lang='lat' dir='ltr'><strong>erat</strong></span> <span class='ocrx_word' id='word_1_8' title='bbox 550 267 745 299; x_wconf 83' lang='lat' dir='ltr'><strong>moriendum</strong></span> <span class='ocrx_word' id='word_1_9' title='bbox 766 268 859 300; x_wconf 84' lang='lat' dir='ltr'><strong>etiam</strong></span> <span class='ocrx_word' id='word_1_10' title='bbox 882 269 956 308; x_wconf 86' lang='lat' dir='ltr'><strong>tibi,·</strong></span> <span class='ocrx_word' id='word_1_11' title='bbox 977 269 1070 301; x_wconf 86' lang='lat' dir='ltr'><strong>immo</strong></span> <span class='ocrx_word' id='word_1_12' title='bbox 1091 280 1161 302; x_wconf 84' lang='lat' dir='ltr'><strong>vero</strong></span> <span class='ocrx_word' id='word_1_13' title='bbox 1183 270 1364 301; x_wconf 88' lang='lat' dir='ltr'><strong>laetandum</strong></span> <span class='ocrx_word' id='word_1_14' title='bbox 1387 273 1431 302; x_wconf 86' lang='lat' dir='ltr'><strong>est</strong></span> <span class='ocrx_word' id='word_1_15' title='bbox 1452 272 1481 302; x_wconf 90' lang='lat' dir='ltr'><strong>et</strong></span> <span class='ocrx_word' id='word_1_16' title='bbox 1502 271 1591 302; x_wconf 84' lang='lat' dir='ltr'><strong>nobis</strong></span> <span class='ocrx_word' id='word_1_17' title='bbox 1613 273 1640 302; x_wconf 90' lang='lat' dir='ltr'><strong>et</strong></span> <span class='ocrx_word' id='word_1_18' title='bbox 1663 272 1736 310; x_wconf 89' lang='lat' dir='ltr'><strong>tibi,</strong></span> <span class='ocrx_word' id='word_1_19' title='bbox 1769 272 1824 312; x_wconf 83' lang='lat' dir='ltr'><strong>qui</strong></span> 
     </span>
     <span class='ocr_line' id='line_1_4' title="bbox 175 318 1816 364; baseline 0.001 -11"><span class='ocrx_word' id='word_1_20' title='bbox 175 321 274 354; x_wconf 83' lang='lat' dir='ltr'><strong>caelos</strong></span> <span class='ocrx_word' id='word_1_21' title='bbox 307 320 475 352; x_wconf 81' lang='lat' dir='ltr'><strong>intraveris</strong></span> <span class='ocrx_word' id='word_1_22' title='bbox 507 329 575 351; x_wconf 83' lang='lat' dir='ltr'><strong>eum</strong></span> <span class='ocrx_word' id='word_1_23' title='bbox 611 318 734 351; x_wconf 69' lang='lat' dir='ltr'><strong>Chr-isto</strong></span> <span class='ocrx_word' id='word_1_24' title='bbox 767 320 851 351; x_wconf 86' lang='lat' dir='ltr'><strong>inter</strong></span> <span class='ocrx_word' id='word_1_25' title='bbox 883 321 1065 362; x_wconf 65' lang='lat' dir='ltr'><strong>angelorum</strong></span> <span class='ocrx_word' id='word_1_26' title='bbox 1098 323 1334 362; x_wconf 77' lang='lat' dir='ltr'><strong>sanctorumque</strong></span> <span class='ocrx_word' id='word_1_27' title='bbox 1367 325 1521 355; x_wconf 80' lang='lat' dir='ltr'><strong>catervam</strong></span> <span class='ocrx_word' id='word_1_28' title='bbox 1554 323 1816 364; x_wconf 78' lang='lat' dir='ltr'><strong>triumphaturus.</strong></span> 
     </span>
     <span class='ocr_line' id='line_1_5' title="bbox 174 371 1080 413; baseline -0.001 -8"><span class='ocrx_word' id='word_1_29' title='bbox 174 373 281 413; x_wconf 82' lang='lat' dir='ltr'><strong>Atque</strong></span> <span class='ocrx_word' id='word_1_30' title='bbox 303 372 339 404; x_wconf 88' lang='lat' dir='ltr'><strong>in</strong></span> <span class='ocrx_word' id='word_1_31' title='bbox 361 371 419 403; x_wconf 83' lang='lat' dir='ltr'><strong>tali</strong></span> <span class='ocrx_word' id='word_1_32' title='bbox 439 371 596 403; x_wconf 82' lang='lat' dir='ltr'><strong>sententia</strong></span> <span class='ocrx_word' id='word_1_33' title='bbox 618 371 658 402; x_wconf 86' lang='lat' dir='ltr'><strong>ab</strong></span> <span class='ocrx_word' id='word_1_34' title='bbox 682 371 765 412; x_wconf 75' lang='lat' dir='ltr'><strong>Ayio</strong></span> <span class='ocrx_word' id='word_1_35' title='bbox 783 374 947 411; x_wconf 88' lang='lat' dir='ltr'><strong>ponuntur</strong></span> <span class='ocrx_word' id='word_1_36' title='bbox 970 373 1080 404; x_wconf 55' lang='lat' dir='ltr'><strong>kaeck-</strong></span> 
     </span>
     <span class='ocr_line' id='line_1_6' title="bbox 535 423 1463 469; baseline 0.002 -14"><span class='ocrx_word' id='word_1_37' title='bbox 535 423 654 455; x_wconf 79' lang='lat' dir='ltr'><strong>Inclita</strong></span> <span class='ocrx_word' id='word_1_38' title='bbox 676 423 864 466; x_wconf 81' lang='lat' dir='ltr'>Hierapolis</span> <span class='ocrx_word' id='word_1_39' title='bbox 888 424 1011 466; x_wconf 83' lang='lat' dir='ltr'><strong>profert</strong></span> <span class='ocrx_word' id='word_1_40' title='bbox 1035 435 1128 456; x_wconf 85' lang='lat' dir='ltr'><strong>saora</strong></span> <span class='ocrx_word' id='word_1_41' title='bbox 1151 426 1298 457; x_wconf 89' lang='lat' dir='ltr'><strong>membra</strong></span> <span class='ocrx_word' id='word_1_42' title='bbox 1321 426 1463 469; x_wconf 92' lang='lat' dir='ltr'><strong>Philippi</strong></span> 
     </span>
     <span class='ocr_line' id='line_1_7' title="bbox 577 474 1250 519; baseline 0.003 -13"><span class='ocrx_word' id='word_1_43' title='bbox 577 475 621 507; x_wconf 85' lang='lat' dir='ltr'><strong>Et</strong></span> <span class='ocrx_word' id='word_1_44' title='bbox 644 478 719 506; x_wconf 87' lang='lat' dir='ltr'><strong>sunt</strong></span> <span class='ocrx_word' id='word_1_45' title='bbox 742 474 895 507; x_wconf 89' lang='lat' dir='ltr'><strong>Mathaeo</strong></span> <span class='ocrx_word' id='word_1_46' title='bbox 920 476 1102 519; x_wconf 79' lang='lat' dir='ltr'>Aethiopes</span> <span class='ocrx_word' id='word_1_47' title='bbox 1125 477 1250 508; x_wconf 85' lang='lat' dir='ltr'><strong>nitidi.</strong></span> 
     </span>
    </p>
   </div>
   <div class='ocr_carea' id='block_1_4' title="bbox 151 536 1824 685">
    <p class='ocr_par' dir='ltr' id='par_1_4' title="bbox 151 536 1824 685">
     <span class='ocr_line' id='line_1_8' title="bbox 174 536 1824 585; baseline 0.001 -15"><span class='ocrx_word' id='word_1_48' title='bbox 174 537 210 570; x_wconf 81' lang='lat' dir='ltr'><strong><em>E</em></strong></span> <span class='ocrx_word' id='word_1_49' title='bbox 224 537 340 585; x_wconf 15' lang='lat' dir='ltr'><strong>»quibus</strong></span> <span class='ocrx_word' id='word_1_50' title='bbox 360 536 495 568; x_wconf 87' lang='lat' dir='ltr'><strong>alterum</strong></span> <span class='ocrx_word' id='word_1_51' title='bbox 518 546 642 568; x_wconf 87' lang='lat' dir='ltr'><strong>versum</strong></span> <span class='ocrx_word' id='word_1_52' title='bbox 664 546 760 575; x_wconf 88' lang='lat' dir='ltr'><strong>nemo,</strong></span> <span class='ocrx_word' id='word_1_53' title='bbox 783 537 904 576; x_wconf 85' lang='lat' dir='ltr'><strong>opinor,</strong></span> <span class='ocrx_word' id='word_1_54' title='bbox 927 537 993 568; x_wconf 86' lang='lat' dir='ltr'><strong>nisi</strong></span> <span class='ocrx_word' id='word_1_55' title='bbox 1014 538 1230 577; x_wconf 77' lang='lat' dir='ltr'><em>praemonitus</em></span> <span class='ocrx_word' id='word_1_56' title='bbox 1251 539 1345 570; x_wconf 85' lang='lat' dir='ltr'><strong>aliter</strong></span> <span class='ocrx_word' id='word_1_57' title='bbox 1359 539 1513 580; x_wconf 38' lang='lat' dir='ltr'><strong>intelle-oet</strong></span> <span class='ocrx_word' id='word_1_58' title='bbox 1529 550 1566 571; x_wconf 89' lang='lat' dir='ltr'><strong>ae</strong></span> <span class='ocrx_word' id='word_1_59' title='bbox 1588 540 1616 571; x_wconf 82' lang='lat' dir='ltr'><strong>si</strong></span> <span class='ocrx_word' id='word_1_60' title='bbox 1641 540 1824 579; x_wconf 84' lang='lat' dir='ltr'><strong>simpliciter</strong></span> 
     </span>
     <span class='ocr_line' id='line_1_9' title="bbox 173 588 1819 632; baseline 0.002 -12"><span class='ocrx_word' id='word_1_61' title='bbox 173 590 215 621; x_wconf 77' lang='lat' dir='ltr'><strong>sit</strong></span> <span class='ocrx_word' id='word_1_62' title='bbox 235 589 366 621; x_wconf 87' lang='lat' dir='ltr'><strong>dietum:</strong></span> <span class='ocrx_word' id='word_1_63' title='bbox 389 591 422 620; x_wconf 87' lang='lat' dir='ltr'><strong>et</strong></span> <span class='ocrx_word' id='word_1_64' title='bbox 443 588 623 630; x_wconf 80' lang='lat' dir='ltr'><strong>gloriantur</strong></span> <span class='ocrx_word' id='word_1_65' title='bbox 645 588 828 631; x_wconf 82' lang='lat' dir='ltr'><strong>Aethiopes</strong></span> <span class='ocrx_word' id='word_1_66' title='bbox 851 589 1019 621; x_wconf 76' lang='lat' dir='ltr'><strong>Matthaeo</strong></span> <span class='ocrx_word' id='word_1_67' title='bbox 1043 594 1203 632; x_wconf 83' lang='lat' dir='ltr'><strong>martyre;</strong></span> <span class='ocrx_word' id='word_1_68' title='bbox 1234 601 1295 631; x_wconf 78' lang='lat' dir='ltr'><strong>qua</strong></span> <span class='ocrx_word' id='word_1_69' title='bbox 1319 591 1574 632; x_wconf 80' lang='lat' dir='ltr'><strong>interpretatione</strong></span> <span class='ocrx_word' id='word_1_70' title='bbox 1596 602 1652 623; x_wconf 86' lang='lat' dir='ltr'><strong>nee</strong></span> <span class='ocrx_word' id='word_1_71' title='bbox 1677 592 1759 623; x_wconf 85' lang='lat' dir='ltr'><strong>satis</strong></span> <span class='ocrx_word' id='word_1_72' title='bbox 1781 593 1819 631; x_wconf 70' lang='lat' dir='ltr'><strong>fit</strong></span> 
     </span>
     <span class='ocr_line' id='line_1_10' title="bbox 151 640 1028 685; baseline 0 -13"><span class='ocrx_word' id='word_1_73' title='bbox 151 675 154 679; x_wconf 65' lang='grc'><strong>,</strong></span> <span class='ocrx_word' id='word_1_74' title='bbox 173 640 350 673; x_wconf 80' lang='lat' dir='ltr'><strong>huiusmodi</strong></span> <span class='ocrx_word' id='word_1_75' title='bbox 370 640 506 685; x_wconf 65' lang='lat' dir='ltr'><strong>argutiis</strong></span> <span class='ocrx_word' id='word_1_76' title='bbox 527 642 556 672; x_wconf 85' lang='lat' dir='ltr'><strong>et</strong></span> <span class='ocrx_word' id='word_1_77' title='bbox 576 641 785 679; x_wconf 81' lang='lat' dir='ltr'><strong>Fortunatus,</strong></span> <span class='ocrx_word' id='word_1_78' title='bbox 809 650 878 672; x_wconf 85' lang='lat' dir='ltr'><strong>cum</strong></span> <span class='ocrx_word' id='word_1_79' title='bbox 900 641 1028 672; x_wconf 81' lang='lat' dir='ltr'><strong>dicat2:</strong></span> 
     </span>
    </p>
   </div>
   <div class='ocr_carea' id='block_1_5' title="bbox 534 701 1454 796">
    <p class='ocr_par' dir='ltr' id='par_1_5' title="bbox 534 701 1454 796">
     <span class='ocr_line' id='line_1_11' title="bbox 534 701 1454 745; baseline 0.002 -12"><span class='ocrx_word' id='word_1_80' title='bbox 534 701 702 734; x_wconf 81' lang='lat' dir='ltr'><strong>Mattheus</strong></span> <span class='ocrx_word' id='word_1_81' title='bbox 725 701 908 744; x_wconf 80' lang='lat' dir='ltr'><strong>Aethiopos</strong></span> <span class='ocrx_word' id='word_1_82' title='bbox 933 701 998 734; x_wconf 82' lang='lat' dir='ltr'><strong>adt</strong></span> <span class='ocrx_word' id='word_1_83' title='bbox 1007 713 1024 734; x_wconf 90' lang='lat' dir='ltr'><strong>e</strong></span> <span class='ocrx_word' id='word_1_84' title='bbox 1032 713 1090 744; x_wconf 88' lang='lat' dir='ltr'><strong>mp</strong></span> <span class='ocrx_word' id='word_1_85' title='bbox 1098 713 1137 734; x_wconf 90' lang='lat' dir='ltr'><strong>er</strong></span> <span class='ocrx_word' id='word_1_86' title='bbox 1145 705 1183 733; x_wconf 85' lang='lat' dir='ltr'><strong>at</strong></span> <span class='ocrx_word' id='word_1_87' title='bbox 1205 713 1260 735; x_wconf 85' lang='lat' dir='ltr'><strong>ore</strong></span> <span class='ocrx_word' id='word_1_88' title='bbox 1284 714 1303 734; x_wconf 89' lang='lat' dir='ltr'>v</span> <span class='ocrx_word' id='word_1_89' title='bbox 1312 714 1331 734; x_wconf 86' lang='lat' dir='ltr'><strong>a</strong></span> <span class='ocrx_word' id='word_1_90' title='bbox 1339 714 1359 745; x_wconf 88' lang='lat' dir='ltr'>p</span> <span class='ocrx_word' id='word_1_91' title='bbox 1367 714 1406 735; x_wconf 79' lang='grc' dir='ltr'><strong>οι·</strong></span> <span class='ocrx_word' id='word_1_92' title='bbox 1414 714 1431 736; x_wconf 88' lang='lat' dir='ltr'><strong>e</strong></span> <span class='ocrx_word' id='word_1_93' title='bbox 1440 715 1454 735; x_wconf 83' lang='lat' dir='ltr'><strong>s</strong></span> 
     </span>
     <span class='ocr_line' id='line_1_12' title="bbox 578 753 1338 796; baseline 0.003 -12"><span class='ocrx_word' id='word_1_94' title='bbox 578 753 727 796; x_wconf 82' lang='lat' dir='ltr'><strong>Vivaque</strong></span> <span class='ocrx_word' id='word_1_95' title='bbox 752 753 785 785; x_wconf 88' lang='lat' dir='ltr'><strong>in</strong></span> <span class='ocrx_word' id='word_1_96' title='bbox 809 764 826 785; x_wconf 92' lang='lat' dir='ltr'><strong>e</strong></span> <span class='ocrx_word' id='word_1_97' title='bbox 837 765 860 785; x_wconf 84' lang='lat' dir='ltr'>x</span> <span class='ocrx_word' id='word_1_98' title='bbox 867 764 889 785; x_wconf 93' lang='lat' dir='ltr'><strong>u</strong></span> <span class='ocrx_word' id='word_1_99' title='bbox 898 765 912 785; x_wconf 83' lang='lat' dir='ltr'><strong>s</strong></span> <span class='ocrx_word' id='word_1_100' title='bbox 921 757 960 785; x_wconf 85' lang='lat' dir='ltr'><strong>to</strong></span> <span class='ocrx_word' id='word_1_101' title='bbox 985 754 1118 786; x_wconf 87' lang='lat' dir='ltr'><strong>flumina</strong></span> <span class='ocrx_word' id='word_1_102' title='bbox 1142 754 1226 786; x_wconf 84' lang='lat' dir='ltr'><strong>fudit</strong></span> <span class='ocrx_word' id='word_1_103' title='bbox 1249 765 1338 796; x_wconf 76' lang='lat' dir='ltr'><strong>agro,</strong></span> 
     </span>
    </p>
   </div>
   <div class='ocr_carea' id='block_1_6' title="bbox 172 812 1823 1114">
    <p class='ocr_par' dir='ltr' id='par_1_6' title="bbox 172 812 1823 1114">
     <span class='ocr_line' id='line_1_13' title="bbox 173 812 1822 856; baseline 0.001 -10"><span class='ocrx_word' id='word_1_104' title='bbox 173 813 256 846; x_wconf 87' lang='lat' dir='ltr'><strong>docet</strong></span> <span class='ocrx_word' id='word_1_105' title='bbox 277 812 368 845; x_wconf 84' lang='lat' dir='ltr'><strong>aliud</strong></span> <span class='ocrx_word' id='word_1_106' title='bbox 388 813 509 845; x_wconf 81' lang='lat' dir='ltr'><strong>subesse</strong></span> <span class='ocrx_word' id='word_1_107' title='bbox 536 813 685 845; x_wconf 84' lang='lat' dir='ltr'><strong>subtilius</strong></span> <span class='ocrx_word' id='word_1_108' title='bbox 714 813 928 854; x_wconf 70' lang='lat' dir='ltr'><strong>eaceoyitatum.</strong></span> <span class='ocrx_word' id='word_1_109' title='bbox 974 814 1078 854; x_wconf 72' lang='lat' dir='ltr'><strong>Ayius</strong></span> <span class='ocrx_word' id='word_1_110' title='bbox 1106 816 1209 846; x_wconf 86' lang='lat' dir='ltr'><strong>tamen</strong></span> <span class='ocrx_word' id='word_1_111' title='bbox 1238 814 1316 854; x_wconf 82' lang='lat' dir='ltr'><strong>quid</strong></span> <span class='ocrx_word' id='word_1_112' title='bbox 1337 815 1399 846; x_wconf 79' lang='lat' dir='ltr'><strong>sibi</strong></span> <span class='ocrx_word' id='word_1_113' title='bbox 1425 815 1527 854; x_wconf 80' lang='lat' dir='ltr'><strong>vellet,</strong></span> <span class='ocrx_word' id='word_1_114' title='bbox 1555 826 1594 847; x_wconf 83' lang='lat' dir='ltr'><strong>ne</strong></span> <span class='ocrx_word' id='word_1_115' title='bbox 1621 817 1666 847; x_wconf 86' lang='lat' dir='ltr'><strong>sic</strong></span> <span class='ocrx_word' id='word_1_116' title='bbox 1696 815 1822 856; x_wconf 79' lang='lat' dir='ltr'><strong>quidem</strong></span> 
     </span>
     <span class='ocr_line' id='line_1_14' title="bbox 172 864 1823 906; baseline 0.001 -9"><span class='ocrx_word' id='word_1_117' title='bbox 172 865 387 906; x_wconf 70' lang='lat' dir='ltr'><strong>explicassem,</strong></span> <span class='ocrx_word' id='word_1_118' title='bbox 409 865 474 896; x_wconf 79' lang='lat' dir='ltr'><strong>nisi</strong></span> <span class='ocrx_word' id='word_1_119' title='bbox 495 864 674 896; x_wconf 79' lang='lat' dir='ltr'><strong>incidissem</strong></span> <span class='ocrx_word' id='word_1_120' title='bbox 697 865 733 896; x_wconf 87' lang='lat' dir='ltr'><strong>in</strong></span> <span class='ocrx_word' id='word_1_121' title='bbox 756 865 854 896; x_wconf 82' lang='lat' dir='ltr'><strong>locum</strong></span> <span class='ocrx_word' id='word_1_122' title='bbox 868 867 982 905; x_wconf 71' lang='lat' dir='ltr'><strong>‚poetae</strong></span> <span class='ocrx_word' id='word_1_123' title='bbox 1006 865 1154 904; x_wconf 76' lang='lat' dir='ltr'><em>Saxonis,</em></span> <span class='ocrx_word' id='word_1_124' title='bbox 1178 866 1234 906; x_wconf 81' lang='lat' dir='ltr'><strong>qui</strong></span> <span class='ocrx_word' id='word_1_125' title='bbox 1255 867 1430 898; x_wconf 84' lang='lat' dir='ltr'><strong>Fortunati</strong></span> <span class='ocrx_word' id='word_1_126' title='bbox 1451 867 1625 899; x_wconf 80' lang='lat' dir='ltr'><strong>carminis³</strong></span> <span class='ocrx_word' id='word_1_127' title='bbox 1656 878 1771 899; x_wconf 86' lang='lat' dir='ltr'><strong>memor</strong></span> <span class='ocrx_word' id='word_1_128' title='bbox 1792 870 1823 900; x_wconf 82' lang='lat' dir='ltr'><strong>et</strong></span> 
     </span>
     <span class='ocr_line' id='line_1_15' title="bbox 175 916 1818 958; baseline 0.001 -9"><span class='ocrx_word' id='word_1_129' title='bbox 175 916 280 949; x_wconf 81' lang='lat' dir='ltr'><strong>Ovidii</strong></span> <span class='ocrx_word' id='word_1_130' title='bbox 307 916 471 954; x_wconf 81' lang='lat' dir='ltr'><strong>haetenus,</strong></span> <span class='ocrx_word' id='word_1_131' title='bbox 499 918 534 948; x_wconf 84' lang='lat' dir='ltr'><strong>ut</strong></span> <span class='ocrx_word' id='word_1_132' title='bbox 562 916 708 948; x_wconf 84' lang='lat' dir='ltr'><strong>ultimum</strong></span> <span class='ocrx_word' id='word_1_133' title='bbox 734 916 821 956; x_wconf 86' lang='lat' dir='ltr'><strong>apud</strong></span> <span class='ocrx_word' id='word_1_134' title='bbox 845 927 917 949; x_wconf 90' lang='lat' dir='ltr'><strong>eum</strong></span> <span class='ocrx_word' id='word_1_135' title='bbox 944 918 1226 958; x_wconf 73' lang='lat' dir='ltr'><strong>aryumentationis</strong></span> <span class='ocrx_word' id='word_1_136' title='bbox 1256 918 1354 950; x_wconf 89' lang='lat' dir='ltr'><strong>locum</strong></span> <span class='ocrx_word' id='word_1_137' title='bbox 1383 929 1452 950; x_wconf 87' lang='lat' dir='ltr'><strong>cum</strong></span> <span class='ocrx_word' id='word_1_138' title='bbox 1475 919 1582 958; x_wconf 75' lang='lat' dir='ltr'><strong>priore</strong></span> <span class='ocrx_word' id='word_1_139' title='bbox 1614 920 1818 957; x_wconf 67' lang='lat' dir='ltr'><strong>commutarit,</strong></span> 
     </span>
     <span class='ocr_line' id='line_1_16' title="bbox 173 968 720 1001; baseline -0.004 0"><span class='ocrx_word' id='word_1_140' title='bbox 173 969 219 1001; x_wconf 78' lang='lat' dir='ltr'><strong>sic</strong></span> <span class='ocrx_word' id='word_1_141' title='bbox 236 968 330 1001; x_wconf 54' lang='lat' dir='ltr'><strong>aith-.-</strong></span> <span class='ocrx_word' id='word_1_142' title='bbox 717 996 720 999; x_wconf 82' lang='lat'><strong>.</strong></span> 
     </span>
     <span class='ocr_line' id='line_1_17' title="bbox 532 1019 1441 1063; baseline 0.002 -11"><span class='ocrx_word' id='word_1_143' title='bbox 532 1019 699 1052; x_wconf 80' lang='lat' dir='ltr'><strong>Mattheus</strong></span> <span class='ocrx_word' id='word_1_144' title='bbox 722 1020 905 1063; x_wconf 80' lang='lat' dir='ltr'><strong>Aethiopes</strong></span> <span class='ocrx_word' id='word_1_145' title='bbox 929 1021 1079 1052; x_wconf 80' lang='lat' dir='ltr'><strong>niveos</strong></span> <span class='ocrx_word' id='word_1_146' title='bbox 1103 1021 1302 1063; x_wconf 81' lang='lat' dir='ltr'><strong>baptismate</strong></span> <span class='ocrx_word' id='word_1_147' title='bbox 1325 1021 1441 1061; x_wconf 78' lang='lat' dir='ltr'><strong>factos,</strong></span> 
     </span>
     <span class='ocr_line' id='line_1_18' title="bbox 576 1072 1251 1114; baseline 0.001 -10"><span class='ocrx_word' id='word_1_148' title='bbox 576 1072 741 1104; x_wconf 82' lang='lat' dir='ltr'><strong>Iohannes</strong></span> <span class='ocrx_word' id='word_1_149' title='bbox 765 1072 867 1104; x_wconf 76' lang='lat' dir='ltr'><strong>Asiae</strong></span> <span class='ocrx_word' id='word_1_150' title='bbox 891 1072 1036 1114; x_wconf 84' lang='lat' dir='ltr'><strong>proferet</strong></span> <span class='ocrx_word' id='word_1_151' title='bbox 1059 1073 1251 1106; x_wconf 80' lang='lat' dir='ltr'><strong>aecclesias.</strong></span> 
     </span>
    </p>
   </div>
   <div class='ocr_carea' id='block_1_7' title="bbox 167 1131 1821 2105">
    <p class='ocr_par' dir='ltr' id='par_1_7' title="bbox 167 1131 1821 1381">
     <span class='ocr_line' id='line_1_19' title="bbox 172 1131 1821 1174; baseline 0.001 -10"><span class='ocrx_word' id='word_1_152' title='bbox 172 1131 358 1172; x_wconf 74' lang='lat' dir='ltr'><strong>Aethiopum</strong></span> <span class='ocrx_word' id='word_1_153' title='bbox 371 1131 470 1172; x_wconf 73' lang='lat' dir='ltr'><strong>iqitur</strong></span> <span class='ocrx_word' id='word_1_154' title='bbox 484 1133 546 1164; x_wconf 87' lang='lat' dir='ltr'><strong>sole</strong></span> <span class='ocrx_word' id='word_1_155' title='bbox 567 1133 750 1165; x_wconf 88' lang='lat' dir='ltr'><strong>adustorum</strong></span> <span class='ocrx_word' id='word_1_156' title='bbox 767 1135 897 1173; x_wconf 80' lang='lat' dir='ltr'><strong>propter</strong></span> <span class='ocrx_word' id='word_1_157' title='bbox 919 1133 1134 1164; x_wconf 75' lang='lat' dir='ltr'><strong>excellentiam</strong></span> <span class='ocrx_word' id='word_1_158' title='bbox 1155 1143 1231 1174; x_wconf 70' lang='lat' dir='ltr'><strong>qens</strong></span> <span class='ocrx_word' id='word_1_159' title='bbox 1252 1135 1297 1165; x_wconf 90' lang='lat' dir='ltr'><strong>est</strong></span> <span class='ocrx_word' id='word_1_160' title='bbox 1319 1133 1413 1174; x_wconf 72' lang='lat' dir='ltr'><strong>niqra</strong></span> <span class='ocrx_word' id='word_1_161' title='bbox 1435 1144 1530 1174; x_wconf 86' lang='lat' dir='ltr'><strong>eaque</strong></span> <span class='ocrx_word' id='word_1_162' title='bbox 1549 1145 1607 1174; x_wconf 86' lang='lat' dir='ltr'><strong>per</strong></span> <span class='ocrx_word' id='word_1_163' title='bbox 1625 1135 1821 1167; x_wconf 43' lang='lat' dir='ltr'><strong>illatthaeuni</strong></span> 
     </span>
     <span class='ocr_line' id='line_1_20' title="bbox 172 1183 1821 1226; baseline 0.001 -10"><span class='ocrx_word' id='word_1_164' title='bbox 172 1187 276 1224; x_wconf 77' lang='lat' dir='ltr'><strong>‘super</strong></span> <span class='ocrx_word' id='word_1_165' title='bbox 295 1184 398 1216; x_wconf 86' lang='lat' dir='ltr'><strong>nivem</strong></span> <span class='ocrx_word' id='word_1_166' title='bbox 417 1183 604 1218; x_wconf 84' lang='lat' dir='ltr'><strong>dealbatur&#39;.</strong></span> <span class='ocrx_word' id='word_1_167' title='bbox 648 1185 720 1218; x_wconf 90' lang='lat' dir='ltr'><strong>Iam</strong></span> <span class='ocrx_word' id='word_1_168' title='bbox 749 1195 820 1225; x_wconf 86' lang='lat' dir='ltr'><strong>vero</strong></span> <span class='ocrx_word' id='word_1_169' title='bbox 848 1186 927 1216; x_wconf 83' lang='lat' dir='ltr'><strong>esset</strong></span> <span class='ocrx_word' id='word_1_170' title='bbox 950 1185 1162 1217; x_wconf 84' lang='lat' dir='ltr'><strong>coniciendum</strong></span> <span class='ocrx_word' id='word_1_171' title='bbox 1185 1186 1303 1226; x_wconf 74' lang='lat' dir='ltr'><strong>Aqium</strong></span> <span class='ocrx_word' id='word_1_172' title='bbox 1329 1195 1368 1217; x_wconf 80' lang='lat' dir='ltr'><strong>ex</strong></span> <span class='ocrx_word' id='word_1_173' title='bbox 1399 1186 1524 1218; x_wconf 83' lang='lat' dir='ltr'><strong>lectione</strong></span> <span class='ocrx_word' id='word_1_174' title='bbox 1545 1188 1656 1226; x_wconf 84' lang='lat' dir='ltr'><strong>poetae</strong></span> <span class='ocrx_word' id='word_1_175' title='bbox 1679 1186 1821 1219; x_wconf 74' lang='lat' dir='ltr'><strong>Saoeonis</strong></span> 
     </span>
     <span class='ocr_line' id='line_1_21' title="bbox 167 1235 1815 1279; baseline 0.001 -11"><span class='ocrx_word' id='word_1_176' title='bbox 167 1236 319 1277; x_wconf 85' lang='lat' dir='ltr'><strong>pendere,</strong></span> <span class='ocrx_word' id='word_1_177' title='bbox 347 1236 412 1268; x_wconf 83' lang='lat' dir='ltr'><strong>nisi</strong></span> <span class='ocrx_word' id='word_1_178' title='bbox 437 1235 520 1268; x_wconf 80' lang='lat' dir='ltr'><strong>hunc</strong></span> <span class='ocrx_word' id='word_1_179' title='bbox 543 1235 774 1279; x_wconf 63' lang='lat' dir='ltr'><strong>Panegyricum</strong></span> <span class='ocrx_word' id='word_1_180' title='bbox 803 1237 964 1278; x_wconf 78' lang='lat' dir='ltr'><strong>scripsisse</strong></span> <span class='ocrx_word' id='word_1_181' title='bbox 986 1239 1153 1277; x_wconf 75' lang='lat' dir='ltr'><strong>postquam</strong></span> <span class='ocrx_word' id='word_1_182' title='bbox 1183 1237 1234 1268; x_wconf 84' lang='lat' dir='ltr'><strong>ille</strong></span> <span class='ocrx_word' id='word_1_183' title='bbox 1258 1237 1428 1278; x_wconf 76' lang='lat' dir='ltr'><strong>Dialoqum</strong></span> <span class='ocrx_word' id='word_1_184' title='bbox 1455 1238 1623 1278; x_wconf 76' lang='lat' dir='ltr'><strong>scripserat</strong></span> <span class='ocrx_word' id='word_1_185' title='bbox 1646 1240 1815 1277; x_wconf 86' lang='lat' dir='ltr'><strong>temporum</strong></span> 
     </span>
     <span class='ocr_line' id='line_1_22' title="bbox 170 1287 1814 1330; baseline 0.001 -10"><span class='ocrx_word' id='word_1_186' title='bbox 170 1288 253 1320; x_wconf 85' lang='lat' dir='ltr'><strong>ratio</strong></span> <span class='ocrx_word' id='word_1_187' title='bbox 275 1287 437 1320; x_wconf 78' lang='lat' dir='ltr'><strong>indicaret.</strong></span> <span class='ocrx_word' id='word_1_188' title='bbox 482 1287 570 1321; x_wconf 86' lang='lat' dir='ltr'><strong>Unde</strong></span> <span class='ocrx_word' id='word_1_189' title='bbox 591 1298 625 1320; x_wconf 88' lang='lat' dir='ltr'><strong>eo</strong></span> <span class='ocrx_word' id='word_1_190' title='bbox 642 1289 751 1328; x_wconf 84' lang='lat' dir='ltr'><strong>potius</strong></span> <span class='ocrx_word' id='word_1_191' title='bbox 772 1287 968 1326; x_wconf 72' lang='lat' dir='ltr'><strong>adducimur,</strong></span> <span class='ocrx_word' id='word_1_192' title='bbox 991 1290 1026 1319; x_wconf 89' lang='lat' dir='ltr'><strong>ut</strong></span> <span class='ocrx_word' id='word_1_193' title='bbox 1041 1289 1158 1329; x_wconf 76' lang='lat' dir='ltr'><strong>Ayium</strong></span> <span class='ocrx_word' id='word_1_194' title='bbox 1180 1289 1227 1320; x_wconf 88' lang='lat' dir='ltr'><strong>vel</strong></span> <span class='ocrx_word' id='word_1_195' title='bbox 1242 1289 1376 1329; x_wconf 78' lang='lat' dir='ltr'><strong>Ayicum</strong></span> <span class='ocrx_word' id='word_1_196' title='bbox 1397 1289 1527 1321; x_wconf 85' lang='lat' dir='ltr'><strong>eundem</strong></span> <span class='ocrx_word' id='word_1_197' title='bbox 1548 1289 1650 1329; x_wconf 77' lang='lat' dir='ltr'><strong>fuisse</strong></span> <span class='ocrx_word' id='word_1_198' title='bbox 1668 1291 1814 1330; x_wconf 87' lang='lat' dir='ltr'><strong>putemus</strong></span> 
     </span>
     <span class='ocr_line' id='line_1_23' title="bbox 174 1339 595 1381; baseline -0.002 -9"><span class='ocrx_word' id='word_1_199' title='bbox 174 1350 263 1381; x_wconf 80' lang='lat' dir='ltr'><strong>quem</strong></span> <span class='ocrx_word' id='word_1_200' title='bbox 279 1341 404 1380; x_wconf 77' lang='lat' dir='ltr'><strong>poetam</strong></span> <span class='ocrx_word' id='word_1_201' title='bbox 426 1339 595 1372; x_wconf 72' lang='lat' dir='ltr'><strong>saxonem.</strong></span> 
     </span>
    </p>

    <p class='ocr_par' dir='ltr' id='par_1_8' title="bbox 169 1390 1820 2105">
     <span class='ocr_line' id='line_1_24' title="bbox 273 1390 1812 1431; baseline 0 -7"><span class='ocrx_word' id='word_1_202' title='bbox 273 1391 323 1424; x_wconf 89' lang='lat' dir='ltr'><strong>De</strong></span> <span class='ocrx_word' id='word_1_203' title='bbox 344 1390 512 1431; x_wconf 77' lang='lat' dir='ltr'><strong>epitaphiis</strong></span> <span class='ocrx_word' id='word_1_204' title='bbox 533 1393 563 1422; x_wconf 90' lang='lat' dir='ltr'><strong>et</strong></span> <span class='ocrx_word' id='word_1_205' title='bbox 583 1391 847 1424; x_wconf 73' lang='lat' dir='ltr'><strong>consolationibus</strong></span> <span class='ocrx_word' id='word_1_206' title='bbox 869 1392 904 1423; x_wconf 86' lang='lat' dir='ltr'><strong>in</strong></span> <span class='ocrx_word' id='word_1_207' title='bbox 921 1393 1106 1423; x_wconf 88' lang='lat' dir='ltr'><strong>transcursu</strong></span> <span class='ocrx_word' id='word_1_208' title='bbox 1128 1394 1172 1423; x_wconf 88' lang='lat' dir='ltr'><strong>est</strong></span> <span class='ocrx_word' id='word_1_209' title='bbox 1188 1391 1320 1430; x_wconf 84' lang='lat' dir='ltr'><strong>dietum,·</strong></span> <span class='ocrx_word' id='word_1_210' title='bbox 1342 1393 1447 1430; x_wconf 88' lang='lat' dir='ltr'><strong>restat,</strong></span> <span class='ocrx_word' id='word_1_211' title='bbox 1470 1394 1504 1423; x_wconf 90' lang='lat' dir='ltr'><strong>ut</strong></span> <span class='ocrx_word' id='word_1_212' title='bbox 1527 1393 1637 1424; x_wconf 87' lang='lat' dir='ltr'><strong>tertius</strong></span> <span class='ocrx_word' id='word_1_213' title='bbox 1659 1393 1695 1424; x_wconf 87' lang='lat' dir='ltr'><strong>in</strong></span> <span class='ocrx_word' id='word_1_214' title='bbox 1717 1392 1812 1424; x_wconf 78' lang='lat' dir='ltr'><strong>bono-</strong></span> 
     </span>
     <span class='ocr_line' id='line_1_25' title="bbox 169 1442 1812 1484; baseline -0.001 -8"><span class='ocrx_word' id='word_1_215' title='bbox 169 1443 283 1476; x_wconf 80' lang='lat' dir='ltr'><strong>randis</strong></span> <span class='ocrx_word' id='word_1_216' title='bbox 313 1442 445 1475; x_wconf 78' lang='lat' dir='ltr'><strong>mortuis</strong></span> <span class='ocrx_word' id='word_1_217' title='bbox 468 1443 550 1475; x_wconf 85' lang='lat' dir='ltr'><strong>ritus</strong></span> <span class='ocrx_word' id='word_1_218' title='bbox 576 1445 730 1484; x_wconf 83' lang='lat' dir='ltr'><strong>quantum</strong></span> <span class='ocrx_word' id='word_1_219' title='bbox 758 1443 802 1476; x_wconf 81' lang='lat' dir='ltr'><strong>ad</strong></span> <span class='ocrx_word' id='word_1_220' title='bbox 833 1443 959 1475; x_wconf 78' lang='lat' dir='ltr'><strong>threnos</strong></span> <span class='ocrx_word' id='word_1_221' title='bbox 992 1443 1172 1475; x_wconf 77' lang='lat' dir='ltr'><strong>eaecolendos</strong></span> <span class='ocrx_word' id='word_1_222' title='bbox 1205 1443 1370 1481; x_wconf 73' lang='lat' dir='ltr'><strong>adtulerit,</strong></span> <span class='ocrx_word' id='word_1_223' title='bbox 1401 1444 1474 1475; x_wconf 87' lang='lat' dir='ltr'><strong>item</strong></span> <span class='ocrx_word' id='word_1_224' title='bbox 1506 1444 1603 1476; x_wconf 89' lang='lat' dir='ltr'><strong>obiter</strong></span> <span class='ocrx_word' id='word_1_225' title='bbox 1634 1445 1812 1476; x_wconf 78' lang='lat' dir='ltr'><strong>illustretur</strong></span> 
     </span>
     <span class='ocr_line' id='line_1_26' title="bbox 171 1494 1813 1536; baseline -0.001 -8"><span class='ocrx_word' id='word_1_226' title='bbox 171 1495 324 1536; x_wconf 68' lang='lat' dir='ltr'><strong>evemplo:</strong></span> <span class='ocrx_word' id='word_1_227' title='bbox 347 1494 464 1527; x_wconf 85' lang='lat' dir='ltr'><strong>rotulos</strong></span> <span class='ocrx_word' id='word_1_228' title='bbox 485 1494 553 1526; x_wconf 85' lang='lat' dir='ltr'><strong>dico</strong></span> <span class='ocrx_word' id='word_1_229' title='bbox 574 1495 623 1526; x_wconf 88' lang='lat' dir='ltr'><strong>vel</strong></span> <span class='ocrx_word' id='word_1_230' title='bbox 645 1495 750 1527; x_wconf 84' lang='lat' dir='ltr'><strong>brevia</strong></span> <span class='ocrx_word' id='word_1_231' title='bbox 773 1497 975 1527; x_wconf 89' lang='lat' dir='ltr'><strong>mortuorum.</strong></span> <span class='ocrx_word' id='word_1_232' title='bbox 1019 1495 1155 1528; x_wconf 88' lang='lat' dir='ltr'><strong>Fercbat</strong></span> <span class='ocrx_word' id='word_1_233' title='bbox 1177 1495 1276 1535; x_wconf 76' lang='lat' dir='ltr'><strong>iqitur</strong></span> <span class='ocrx_word' id='word_1_234' title='bbox 1307 1494 1380 1526; x_wconf 84' lang='lat' dir='ltr'><strong>inde</strong></span> <span class='ocrx_word' id='word_1_235' title='bbox 1402 1506 1423 1526; x_wconf 86' lang='lat' dir='ltr'><strong>a</strong></span> <span class='ocrx_word' id='word_1_236' title='bbox 1449 1495 1576 1535; x_wconf 86' lang='lat' dir='ltr'><strong>septimo</strong></span> <span class='ocrx_word' id='word_1_237' title='bbox 1598 1495 1720 1527; x_wconf 85' lang='lat' dir='ltr'><strong>saeculo</strong></span> <span class='ocrx_word' id='word_1_238' title='bbox 1742 1505 1813 1527; x_wconf 87' lang='lat' dir='ltr'><strong>con-</strong></span> 
     </span>
     <span class='ocr_line' id='line_1_27' title="bbox 169 1545 1815 1588; baseline -0.001 -9"><span class='ocrx_word' id='word_1_239' title='bbox 169 1547 307 1586; x_wconf 79' lang='lat' dir='ltr'><strong>suetudo,</strong></span> <span class='ocrx_word' id='word_1_240' title='bbox 327 1548 364 1578; x_wconf 92' lang='lat' dir='ltr'><strong>ut</strong></span> <span class='ocrx_word' id='word_1_241' title='bbox 382 1545 657 1588; x_wconf 77' lang='lat' dir='ltr'><strong>confraternitates</strong></span> <span class='ocrx_word' id='word_1_242' title='bbox 669 1547 801 1579; x_wconf 81' lang='lat' dir='ltr'><strong>invicem</strong></span> <span class='ocrx_word' id='word_1_243' title='bbox 815 1547 877 1579; x_wconf 83' lang='lat' dir='ltr'><strong>sibi</strong></span> <span class='ocrx_word' id='word_1_244' title='bbox 898 1547 935 1579; x_wconf 89' lang='lat' dir='ltr'><strong>de</strong></span> <span class='ocrx_word' id='word_1_245' title='bbox 957 1546 1157 1588; x_wconf 80' lang='lat' dir='ltr'><strong>confratrum</strong></span> <span class='ocrx_word' id='word_1_246' title='bbox 1171 1546 1256 1579; x_wconf 85' lang='lat' dir='ltr'><strong>obitu</strong></span> <span class='ocrx_word' id='word_1_247' title='bbox 1272 1547 1467 1584; x_wconf 81' lang='lat' dir='ltr'><strong>nuntiarent,</strong></span> <span class='ocrx_word' id='word_1_248' title='bbox 1491 1557 1622 1587; x_wconf 83' lang='lat' dir='ltr'><strong>quorum</strong></span> <span class='ocrx_word' id='word_1_249' title='bbox 1637 1548 1666 1579; x_wconf 91' lang='lat' dir='ltr'><strong>et</strong></span> <span class='ocrx_word' id='word_1_250' title='bbox 1687 1547 1815 1579; x_wconf 85' lang='lat' dir='ltr'><strong>nomina</strong></span> 
     </span>
     <span class='ocr_line' id='line_1_28' title="bbox 169 1597 1815 1639; baseline -0.001 -8"><span class='ocrx_word' id='word_1_251' title='bbox 169 1598 206 1631; x_wconf 84' lang='lat' dir='ltr'><strong>de</strong></span> <span class='ocrx_word' id='word_1_252' title='bbox 228 1599 309 1631; x_wconf 83' lang='lat' dir='ltr'><strong>libro</strong></span> <span class='ocrx_word' id='word_1_253' title='bbox 329 1598 411 1630; x_wconf 81' lang='lat' dir='ltr'><strong>vitae</strong></span> <span class='ocrx_word' id='word_1_254' title='bbox 433 1597 611 1630; x_wconf 86' lang='lat' dir='ltr'><strong>delerentur</strong></span> <span class='ocrx_word' id='word_1_255' title='bbox 636 1601 666 1630; x_wconf 90' lang='lat' dir='ltr'><strong>et</strong></span> <span class='ocrx_word' id='word_1_256' title='bbox 695 1598 843 1631; x_wconf 77' lang='lat' dir='ltr'><strong>laudibus</strong></span> <span class='ocrx_word' id='word_1_257' title='bbox 869 1598 1057 1638; x_wconf 85' lang='lat' dir='ltr'><strong>efferrentur</strong></span> <span class='ocrx_word' id='word_1_258' title='bbox 1087 1598 1211 1630; x_wconf 87' lang='lat' dir='ltr'><strong>merita.</strong></span> <span class='ocrx_word' id='word_1_259' title='bbox 1257 1598 1362 1639; x_wconf 76' lang='lat' dir='ltr'><strong>Lonye</strong></span> <span class='ocrx_word' id='word_1_260' title='bbox 1389 1600 1494 1634; x_wconf 87' lang='lat' dir='ltr'><strong>autem</strong></span> <span class='ocrx_word' id='word_1_261' title='bbox 1525 1609 1594 1630; x_wconf 87' lang='lat' dir='ltr'><strong>cum</strong></span> <span class='ocrx_word' id='word_1_262' title='bbox 1623 1599 1815 1631; x_wconf 85' lang='lat' dir='ltr'><strong>monasteria</strong></span> 
     </span>
     <span class='ocr_line' id='line_1_29' title="bbox 170 1649 1816 1691; baseline 0 -9"><span class='ocrx_word' id='word_1_263' title='bbox 170 1651 253 1684; x_wconf 81' lang='lat' dir='ltr'><strong>inter</strong></span> <span class='ocrx_word' id='word_1_264' title='bbox 280 1659 313 1682; x_wconf 86' lang='lat' dir='ltr'><strong>se</strong></span> <span class='ocrx_word' id='word_1_265' title='bbox 338 1649 493 1682; x_wconf 79' lang='lat' dir='ltr'><strong>distarent</strong></span> <span class='ocrx_word' id='word_1_266' title='bbox 515 1650 662 1691; x_wconf 76' lang='lat' dir='ltr'><strong>piqrique</strong></span> <span class='ocrx_word' id='word_1_267' title='bbox 692 1650 827 1682; x_wconf 82' lang='lat' dir='ltr'><strong>solerent</strong></span> <span class='ocrx_word' id='word_1_268' title='bbox 854 1659 934 1688; x_wconf 88' lang='lat' dir='ltr'><strong>esse,</strong></span> <span class='ocrx_word' id='word_1_269' title='bbox 963 1651 1019 1690; x_wconf 82' lang='lat' dir='ltr'><strong>qui</strong></span> <span class='ocrx_word' id='word_1_270' title='bbox 1048 1650 1265 1687; x_wconf 82' lang='lat' dir='ltr'><strong>mittebantur,</strong></span> <span class='ocrx_word' id='word_1_271' title='bbox 1296 1660 1367 1682; x_wconf 70' lang='lat' dir='ltr'><strong>moa:</strong></span> <span class='ocrx_word' id='word_1_272' title='bbox 1393 1652 1571 1682; x_wconf 86' lang='lat' dir='ltr'><strong>statuerunt</strong></span> <span class='ocrx_word' id='word_1_273' title='bbox 1599 1651 1724 1682; x_wconf 83' lang='lat' dir='ltr'><strong>nuntiis</strong></span> <span class='ocrx_word' id='word_1_274' title='bbox 1752 1661 1816 1682; x_wconf 87' lang='lat' dir='ltr'><strong>esse</strong></span> 
     </span>
     <span class='ocr_line' id='line_1_30' title="bbox 169 1701 1817 1744; baseline 0.001 -11"><span class='ocrx_word' id='word_1_275' title='bbox 169 1701 431 1740; x_wconf 81' lang='lat' dir='ltr'><strong>renuntiandum,</strong></span> <span class='ocrx_word' id='word_1_276' title='bbox 458 1701 540 1733; x_wconf 86' lang='lat' dir='ltr'><strong>unde</strong></span> <span class='ocrx_word' id='word_1_277' title='bbox 568 1704 668 1734; x_wconf 82' lang='lat' dir='ltr'><strong>essent</strong></span> <span class='ocrx_word' id='word_1_278' title='bbox 684 1701 838 1744; x_wconf 76' lang='lat' dir='ltr'><strong>profecti,</strong></span> <span class='ocrx_word' id='word_1_279' title='bbox 868 1704 960 1742; x_wconf 66' lang='lat' dir='ltr'><strong>atqiaee</strong></span> <span class='ocrx_word' id='word_1_280' title='bbox 983 1701 1163 1742; x_wconf 81' lang='lat' dir='ltr'><strong>referendos</strong></span> <span class='ocrx_word' id='word_1_281' title='bbox 1185 1702 1303 1734; x_wconf 86' lang='lat' dir='ltr'><strong>rotulos</strong></span> <span class='ocrx_word' id='word_1_282' title='bbox 1323 1702 1508 1742; x_wconf 80' lang='lat' dir='ltr'><strong>subscriptis</strong></span> <span class='ocrx_word' id='word_1_283' title='bbox 1531 1703 1743 1743; x_wconf 74' lang='lat' dir='ltr'><strong>sinyulorum,</strong></span> <span class='ocrx_word' id='word_1_284' title='bbox 1773 1702 1817 1735; x_wconf 86' lang='lat' dir='ltr'><strong>ad</strong></span> 
     </span>
     <span class='ocr_line' id='line_1_31' title="bbox 170 1752 1816 1795; baseline 0.001 -11"><span class='ocrx_word' id='word_1_285' title='bbox 170 1763 246 1794; x_wconf 78' lang='lat' dir='ltr'><strong>quos</strong></span> <span class='ocrx_word' id='word_1_286' title='bbox 267 1752 377 1785; x_wconf 80' lang='lat' dir='ltr'><strong>directi</strong></span> <span class='ocrx_word' id='word_1_287' title='bbox 396 1752 540 1792; x_wconf 80' lang='lat' dir='ltr'><strong>fuissent,</strong></span> <span class='ocrx_word' id='word_1_288' title='bbox 563 1753 752 1786; x_wconf 79' lang='lat' dir='ltr'><strong>nominibus.</strong></span> <span class='ocrx_word' id='word_1_289' title='bbox 793 1753 885 1786; x_wconf 85' lang='lat' dir='ltr'><strong>Tales</strong></span> <span class='ocrx_word' id='word_1_290' title='bbox 900 1753 1142 1795; x_wconf 80' lang='lat' dir='ltr'><strong>subscriptiones</strong></span> <span class='ocrx_word' id='word_1_291' title='bbox 1163 1754 1369 1794; x_wconf 84' lang='lat' dir='ltr'><strong>appellabant</strong></span> <span class='ocrx_word' id='word_1_292' title='bbox 1391 1754 1516 1793; x_wconf 87' lang='lat' dir='ltr'><strong>titulos,·</strong></span> <span class='ocrx_word' id='word_1_293' title='bbox 1537 1763 1618 1794; x_wconf 78' lang='lat' dir='ltr'><strong>quas</strong></span> <span class='ocrx_word' id='word_1_294' title='bbox 1639 1755 1698 1786; x_wconf 86' lang='lat' dir='ltr'><strong>etsi</strong></span> <span class='ocrx_word' id='word_1_295' title='bbox 1707 1754 1816 1794; x_wconf 81' lang='lat' dir='ltr'><strong>primo</strong></span> 
     </span>
     <span class='ocr_line' id='line_1_32' title="bbox 171 1804 1816 1846; baseline 0 -9"><span class='ocrx_word' id='word_1_296' title='bbox 171 1804 397 1846; x_wconf 75' lang='lat' dir='ltr'><strong>subiunyebant</strong></span> <span class='ocrx_word' id='word_1_297' title='bbox 411 1804 447 1835; x_wconf 89' lang='lat' dir='ltr'><strong>in</strong></span> <span class='ocrx_word' id='word_1_298' title='bbox 460 1804 639 1837; x_wconf 80' lang='lat' dir='ltr'><strong>nominibus</strong></span> <span class='ocrx_word' id='word_1_299' title='bbox 660 1804 814 1837; x_wconf 80' lang='lat' dir='ltr'><strong>addendis</strong></span> <span class='ocrx_word' id='word_1_300' title='bbox 836 1815 868 1836; x_wconf 87' lang='lat' dir='ltr'><strong>se</strong></span> <span class='ocrx_word' id='word_1_301' title='bbox 890 1805 1089 1843; x_wconf 87' lang='lat' dir='ltr'><strong>continentes,</strong></span> <span class='ocrx_word' id='word_1_302' title='bbox 1108 1807 1182 1845; x_wconf 84' lang='lat' dir='ltr'><strong>post</strong></span> <span class='ocrx_word' id='word_1_303' title='bbox 1204 1808 1316 1844; x_wconf 85' lang='lat' dir='ltr'><strong>tamen,</strong></span> <span class='ocrx_word' id='word_1_304' title='bbox 1340 1815 1408 1838; x_wconf 89' lang='lat' dir='ltr'><strong>cum</strong></span> <span class='ocrx_word' id='word_1_305' title='bbox 1430 1805 1660 1846; x_wconf 80' lang='lat' dir='ltr'><strong>epitaphiorum</strong></span> <span class='ocrx_word' id='word_1_306' title='bbox 1682 1816 1760 1838; x_wconf 88' lang='lat' dir='ltr'><strong>usus</strong></span> <span class='ocrx_word' id='word_1_307' title='bbox 1782 1816 1816 1838; x_wconf 88' lang='lat' dir='ltr'><strong>co</strong></span> 
     </span>
     <span class='ocr_line' id='line_1_33' title="bbox 170 1855 1817 1898; baseline 0.001 -9"><span class='ocrx_word' id='word_1_308' title='bbox 170 1857 407 1894; x_wconf 81' lang='lat' dir='ltr'><strong>immisceretur,</strong></span> <span class='ocrx_word' id='word_1_309' title='bbox 440 1855 599 1888; x_wconf 80' lang='lat' dir='ltr'><strong>addebant</strong></span> <span class='ocrx_word' id='word_1_310' title='bbox 627 1857 722 1888; x_wconf 81' lang='lat' dir='ltr'><strong>etiam</strong></span> <span class='ocrx_word' id='word_1_311' title='bbox 749 1866 858 1889; x_wconf 85' lang='lat' dir='ltr'><strong>versus</strong></span> <span class='ocrx_word' id='word_1_312' title='bbox 884 1867 974 1896; x_wconf 84' lang='lat' dir='ltr'><strong>saepe</strong></span> <span class='ocrx_word' id='word_1_313' title='bbox 1004 1857 1039 1888; x_wconf 86' lang='lat' dir='ltr'><strong>id</strong></span> <span class='ocrx_word' id='word_1_314' title='bbox 1066 1858 1169 1897; x_wconf 85' lang='lat' dir='ltr'><strong>ipsum</strong></span> <span class='ocrx_word' id='word_1_315' title='bbox 1196 1858 1231 1889; x_wconf 83' lang='lat' dir='ltr'><strong>in</strong></span> <span class='ocrx_word' id='word_1_316' title='bbox 1258 1857 1371 1889; x_wconf 82' lang='lat' dir='ltr'><strong>rotulis</strong></span> <span class='ocrx_word' id='word_1_317' title='bbox 1397 1858 1509 1898; x_wconf 77' lang='lat' dir='ltr'><strong>royati.</strong></span> <span class='ocrx_word' id='word_1_318' title='bbox 1560 1857 1648 1890; x_wconf 89' lang='lat' dir='ltr'><strong>Haec</strong></span> <span class='ocrx_word' id='word_1_319' title='bbox 1672 1860 1817 1898; x_wconf 83' lang='lat' dir='ltr'><strong>poemata</strong></span> 
     </span>
     <span class='ocr_line' id='line_1_34' title="bbox 170 1908 1816 1950; baseline 0.001 -10"><span class='ocrx_word' id='word_1_320' title='bbox 170 1918 186 1940; x_wconf 90' lang='lat' dir='ltr'><strong>e</strong></span> <span class='ocrx_word' id='word_1_321' title='bbox 207 1908 340 1940; x_wconf 84' lang='lat' dir='ltr'><strong>diversis</strong></span> <span class='ocrx_word' id='word_1_322' title='bbox 361 1908 559 1940; x_wconf 79' lang='lat' dir='ltr'><strong>nwnasteriis</strong></span> <span class='ocrx_word' id='word_1_323' title='bbox 580 1908 714 1947; x_wconf 85' lang='lat' dir='ltr'><strong>collecta,</strong></span> <span class='ocrx_word' id='word_1_324' title='bbox 737 1909 791 1941; x_wconf 87' lang='lat' dir='ltr'><strong>sed</strong></span> <span class='ocrx_word' id='word_1_325' title='bbox 805 1919 885 1949; x_wconf 78' lang='lat' dir='ltr'><strong>quae</strong></span> <span class='ocrx_word' id='word_1_326' title='bbox 900 1908 944 1941; x_wconf 90' lang='lat' dir='ltr'><strong>ad</strong></span> <span class='ocrx_word' id='word_1_327' title='bbox 957 1908 1080 1940; x_wconf 86' lang='lat' dir='ltr'><strong>easdem</strong></span> <span class='ocrx_word' id='word_1_328' title='bbox 1095 1909 1201 1940; x_wconf 87' lang='lat' dir='ltr'><strong>omnia</strong></span> <span class='ocrx_word' id='word_1_329' title='bbox 1216 1909 1382 1949; x_wconf 81' lang='lat' dir='ltr'><strong>referenda</strong></span> <span class='ocrx_word' id='word_1_330' title='bbox 1396 1911 1497 1941; x_wconf 88' lang='lat' dir='ltr'><strong>essent</strong></span> <span class='ocrx_word' id='word_1_331' title='bbox 1510 1910 1661 1949; x_wconf 80' lang='lat' dir='ltr'><strong>querelas,</strong></span> <span class='ocrx_word' id='word_1_332' title='bbox 1685 1910 1816 1950; x_wconf 84' lang='lat' dir='ltr'><strong>speeiem</strong></span> 
     </span>
     <span class='ocr_line' id='line_1_35' title="bbox 169 1959 1814 2001; baseline 0.001 -9"><span class='ocrx_word' id='word_1_333' title='bbox 169 1959 330 2001; x_wconf 79' lang='lat' dir='ltr'><strong>quandam</strong></span> <span class='ocrx_word' id='word_1_334' title='bbox 356 1959 511 1992; x_wconf 83' lang='lat' dir='ltr'><strong>amoebaei</strong></span> <span class='ocrx_word' id='word_1_335' title='bbox 538 1960 691 1992; x_wconf 81' lang='lat' dir='ltr'><strong>carminis</strong></span> <span class='ocrx_word' id='word_1_336' title='bbox 719 1970 779 1993; x_wconf 87' lang='lat' dir='ltr'><strong>sua</strong></span> <span class='ocrx_word' id='word_1_337' title='bbox 805 1963 914 2001; x_wconf 83' lang='lat' dir='ltr'><strong>sponte</strong></span> <span class='ocrx_word' id='word_1_338' title='bbox 937 1960 1122 2000; x_wconf 86' lang='lat' dir='ltr'><strong>prodebant.</strong></span> <span class='ocrx_word' id='word_1_339' title='bbox 1167 1961 1278 2001; x_wconf 80' lang='lat' dir='ltr'><strong>Itaque</strong></span> <span class='ocrx_word' id='word_1_340' title='bbox 1300 1960 1480 1993; x_wconf 87' lang='lat' dir='ltr'><strong>Radbertus</strong></span> <span class='ocrx_word' id='word_1_341' title='bbox 1508 1962 1612 2001; x_wconf 87' lang='lat' dir='ltr'><strong>ipsum</strong></span> <span class='ocrx_word' id='word_1_342' title='bbox 1640 1961 1814 1993; x_wconf 88' lang='lat' dir='ltr'><strong>rotulorum</strong></span> 
     </span>
     <span class='ocr_line' id='line_1_36' title="bbox 169 2011 1820 2054; baseline 0.001 -11"><span class='ocrx_word' id='word_1_343' title='bbox 169 2020 338 2044; x_wconf 82' lang='lat' dir='ltr'><strong>sermonem</strong></span> <span class='ocrx_word' id='word_1_344' title='bbox 359 2011 500 2044; x_wconf 83' lang='lat' dir='ltr'><strong>imitatus</strong></span> <span class='ocrx_word' id='word_1_345' title='bbox 521 2012 647 2052; x_wconf 77' lang='lat' dir='ltr'><strong>scripsit</strong></span> <span class='ocrx_word' id='word_1_346' title='bbox 671 2012 853 2045; x_wconf 76' lang='lat' dir='ltr'><strong>Adathardi</strong></span> <span class='ocrx_word' id='word_1_347' title='bbox 882 2012 1000 2053; x_wconf 77' lang='lat' dir='ltr'><strong>Vitam,</strong></span> <span class='ocrx_word' id='word_1_348' title='bbox 1030 2013 1137 2044; x_wconf 83' lang='lat' dir='ltr'><strong>titulos</strong></span> <span class='ocrx_word' id='word_1_349' title='bbox 1164 2013 1307 2045; x_wconf 84' lang='lat' dir='ltr'><strong>imitatus</strong></span> <span class='ocrx_word' id='word_1_350' title='bbox 1328 2013 1517 2045; x_wconf 77' lang='lat' dir='ltr'><strong>subnexuit⁵</strong></span> <span class='ocrx_word' id='word_1_351' title='bbox 1539 2013 1709 2054; x_wconf 72' lang='lat' dir='ltr'><strong>Eyloyam;</strong></span> <span class='ocrx_word' id='word_1_352' title='bbox 1738 2013 1820 2053; x_wconf 82' lang='lat' dir='ltr'><strong>quod</strong></span> 
     </span>
     <span class='ocr_line' id='line_1_37' title="bbox 170 2062 1347 2105; baseline 0.002 -10"><span class='ocrx_word' id='word_1_353' title='bbox 170 2062 246 2095; x_wconf 87' lang='lat' dir='ltr'><strong>adeo</strong></span> <span class='ocrx_word' id='word_1_354' title='bbox 266 2063 367 2096; x_wconf 82' lang='lat' dir='ltr'><strong>visum</strong></span> <span class='ocrx_word' id='word_1_355' title='bbox 389 2065 433 2095; x_wconf 87' lang='lat' dir='ltr'><strong>est</strong></span> <span class='ocrx_word' id='word_1_356' title='bbox 454 2063 545 2103; x_wconf 73' lang='lat' dir='ltr'><strong>Ayio,</strong></span> <span class='ocrx_word' id='word_1_357' title='bbox 568 2066 603 2096; x_wconf 89' lang='lat' dir='ltr'><strong>ut</strong></span> <span class='ocrx_word' id='word_1_358' title='bbox 624 2064 720 2096; x_wconf 86' lang='lat' dir='ltr'><strong>nollet</strong></span> <span class='ocrx_word' id='word_1_359' title='bbox 743 2065 838 2097; x_wconf 81' lang='lat' dir='ltr'><strong>aliter</strong></span> <span class='ocrx_word' id='word_1_360' title='bbox 862 2065 965 2105; x_wconf 72' lang='lat' dir='ltr'><strong>luqere</strong></span> <span class='ocrx_word' id='word_1_361' title='bbox 987 2074 1077 2096; x_wconf 88' lang='lat' dir='ltr'><strong>suam</strong></span> <span class='ocrx_word' id='word_1_362' title='bbox 1101 2064 1347 2097; x_wconf 78' lang='lat' dir='ltr'><strong>Hatbumodam.</strong></span> 
     </span>
    </p>
   </div>
   <div class='ocr_carea' id='block_1_8' title="bbox 1442 2135 1635 2138">
    <p class='ocr_par' dir='ltr' id='par_1_9' title="bbox 1442 2135 1635 2138">
     <span class='ocr_line' id='line_1_38' title="bbox 1442 2135 1635 2138; baseline 0 0"><span class='ocrx_word' id='word_1_363' title='bbox 1442 2135 1635 2138; x_wconf 95' lang='lat' dir='ltr'><strong> </strong></span> 
     </span>
    </p>
   </div>
   <div class='ocr_carea' id='block_1_9' title="bbox 170 2175 1818 2676">
    <p class='ocr_par' dir='ltr' id='par_1_10' title="bbox 170 2175 1818 2676">
     <span class='ocr_line' id='line_1_39' title="bbox 276 2175 1818 2210; baseline -0.001 -7"><span class='ocrx_word' id='word_1_364' title='bbox 276 2177 302 2209; x_wconf 87' lang='lat'><strong>1)</strong></span> <span class='ocrx_word' id='word_1_365' title='bbox 327 2175 397 2203; x_wconf 75' lang='lat' dir='ltr'><strong>Vm.</strong></span> <span class='ocrx_word' id='word_1_366' title='bbox 415 2179 464 2203; x_wconf 78' lang='lat'><strong>319</strong></span> <span class='ocrx_word' id='word_1_367' title='bbox 471 2183 509 2210; x_wconf 76' lang='lat' dir='ltr'><strong>eq.</strong></span> <span class='ocrx_word' id='word_1_368' title='bbox 596 2176 624 2210; x_wconf 73' lang='lat'><strong>2)</strong></span> <span class='ocrx_word' id='word_1_369' title='bbox 649 2175 675 2202; x_wconf 87' lang='lat' dir='ltr'><strong><em>V</em></strong></span> <span class='ocrx_word' id='word_1_370' title='bbox 687 2179 711 2209; x_wconf 76' lang='lat'><strong>2,</strong></span> <span class='ocrx_word' id='word_1_371' title='bbox 730 2179 752 2202; x_wconf 88' lang='lat'><strong>9.</strong></span> <span class='ocrx_word' id='word_1_372' title='bbox 843 2177 869 2208; x_wconf 89' lang='lat'><strong>3)</strong></span> <span class='ocrx_word' id='word_1_373' title='bbox 888 2176 936 2202; x_wconf 90' lang='lat' dir='ltr'><strong>IV</strong></span> <span class='ocrx_word' id='word_1_374' title='bbox 944 2179 985 2203; x_wconf 78' lang='lat'><strong>26.</strong></span> <span class='ocrx_word' id='word_1_375' title='bbox 1067 2176 1095 2208; x_wconf 82' lang='lat'><strong>4)</strong></span> <span class='ocrx_word' id='word_1_376' title='bbox 1120 2175 1215 2203; x_wconf 81' lang='lat' dir='ltr'><strong><em>V686.</em></strong></span> <span class='ocrx_word' id='word_1_377' title='bbox 1297 2176 1324 2210; x_wconf 78' lang='lat'><strong>5)</strong></span> <span class='ocrx_word' id='word_1_378' title='bbox 1343 2176 1456 2209; x_wconf 71' lang='lat' dir='ltr'><strong>Duplex</strong></span> <span class='ocrx_word' id='word_1_379' title='bbox 1472 2177 1567 2203; x_wconf 70' lang='lat' dir='ltr'><strong>limum</strong></span> <span class='ocrx_word' id='word_1_380' title='bbox 1585 2176 1713 2203; x_wconf 68' lang='lat' dir='ltr'><strong>libi-orum</strong></span> <span class='ocrx_word' id='word_1_381' title='bbox 1730 2175 1818 2208; x_wconf 79' lang='lat' dir='ltr'><strong>foma</strong></span> 
     </span>
     <span class='ocr_line' id='line_1_40' title="bbox 170 2226 1817 2262; baseline -0.001 -8"><span class='ocrx_word' id='word_1_382' title='bbox 170 2227 250 2255; x_wconf 63' lang='grc' dir='ltr'><strong>σείου·</strong></span> <span class='ocrx_word' id='word_1_383' title='bbox 274 2227 338 2254; x_wconf 81' lang='lat' dir='ltr'><strong>inde</strong></span> <span class='ocrx_word' id='word_1_384' title='bbox 363 2227 526 2261; x_wconf 54' lang='lat' dir='ltr'><strong>minatur,</strong></span> <span class='ocrx_word' id='word_1_385' title='bbox 552 2227 624 2261; x_wconf 73' lang='lat' dir='ltr'><strong>quod</strong></span> <span class='ocrx_word' id='word_1_386' title='bbox 650 2227 681 2254; x_wconf 79' lang='lat' dir='ltr'><strong>in</strong></span> <span class='ocrx_word' id='word_1_387' title='bbox 708 2227 758 2254; x_wconf 77' lang='lat' dir='ltr'><strong>tali</strong></span> <span class='ocrx_word' id='word_1_388' title='bbox 783 2235 858 2261; x_wconf 82' lang='lat' dir='ltr'><strong>opere</strong></span> <span class='ocrx_word' id='word_1_389' title='bbox 885 2227 1022 2254; x_wconf 74' lang='lat' dir='ltr'><strong>scn&#39;bendo</strong></span> <span class='ocrx_word' id='word_1_390' title='bbox 1045 2227 1195 2261; x_wconf 81' lang='lat' dir='ltr'><strong>praeiverat</strong></span> <span class='ocrx_word' id='word_1_391' title='bbox 1225 2227 1359 2255; x_wconf 81' lang='lat' dir='ltr'><strong>Sedulius.</strong></span> <span class='ocrx_word' id='word_1_392' title='bbox 1408 2228 1464 2262; x_wconf 79' lang='lat' dir='ltr'><strong>Gs&#39;r.</strong></span> <span class='ocrx_word' id='word_1_393' title='bbox 1496 2227 1624 2254; x_wconf 85' lang='lat' dir='ltr'><strong>Hrabani</strong></span> <span class='ocrx_word' id='word_1_394' title='bbox 1651 2227 1694 2254; x_wconf 91' lang='lat' dir='ltr'><strong>De</strong></span> <span class='ocrx_word' id='word_1_395' title='bbox 1720 2226 1817 2254; x_wconf 67' lang='lat' dir='ltr'><strong>laiulib.</strong></span> 
     </span>
     <span class='ocr_line' id='line_1_41' title="bbox 171 2278 1817 2314; baseline 0 -9"><span class='ocrx_word' id='word_1_396' title='bbox 171 2287 192 2307; x_wconf 80' lang='lat' dir='ltr'><strong>s.</strong></span> <span class='ocrx_word' id='word_1_397' title='bbox 209 2278 295 2306; x_wconf 77' lang='lat' dir='ltr'><strong>erucis</strong></span> <span class='ocrx_word' id='word_1_398' title='bbox 314 2279 353 2305; x_wconf 89' lang='grc' dir='ltr'><strong>ΙΙ</strong></span> <span class='ocrx_word' id='word_1_399' title='bbox 363 2279 468 2313; x_wconf 72' lang='lat' dir='ltr'><strong>praefi:</strong></span> <span class='ocrx_word' id='word_1_400' title='bbox 486 2279 546 2306; x_wconf 78' lang='lat' dir='ltr'><strong>Mos</strong></span> <span class='ocrx_word' id='word_1_401' title='bbox 564 2278 639 2314; x_wconf 75' lang='lat' dir='ltr'><strong>apud</strong></span> <span class='ocrx_word' id='word_1_402' title='bbox 658 2280 763 2306; x_wconf 77' lang='lat' dir='ltr'><strong>veteres</strong></span> <span class='ocrx_word' id='word_1_403' title='bbox 781 2279 847 2311; x_wconf 80' lang='lat' dir='ltr'><strong>fuit,</strong></span> <span class='ocrx_word' id='word_1_404' title='bbox 873 2281 903 2307; x_wconf 81' lang='lat' dir='ltr'><strong>ut</strong></span> <span class='ocrx_word' id='word_1_405' title='bbox 925 2279 1036 2314; x_wconf 85' lang='lat' dir='ltr'><strong>gemino</strong></span> <span class='ocrx_word' id='word_1_406' title='bbox 1055 2279 1120 2306; x_wconf 82' lang='lat' dir='ltr'><strong>stilo</strong></span> <span class='ocrx_word' id='word_1_407' title='bbox 1146 2279 1259 2314; x_wconf 80' lang='lat' dir='ltr'><strong>propria.</strong></span> <span class='ocrx_word' id='word_1_408' title='bbox 1277 2280 1429 2307; x_wconf 79' lang='lat' dir='ltr'><strong>conderent</strong></span> <span class='ocrx_word' id='word_1_409' title='bbox 1454 2288 1551 2314; x_wconf 82' lang='lat' dir='ltr'><strong>opera,</strong></span> <span class='ocrx_word' id='word_1_410' title='bbox 1580 2288 1635 2313; x_wconf 88' lang='lat' dir='ltr'><strong>quo</strong></span> <span class='ocrx_word' id='word_1_411' title='bbox 1654 2278 1817 2306; x_wconf 84' lang='lat' dir='ltr'><strong>iucundiora</strong></span> 
     </span>
     <span class='ocr_line' id='line_1_42' title="bbox 170 2330 1815 2366; baseline -0.001 -8"><span class='ocrx_word' id='word_1_412' title='bbox 170 2331 251 2359; x_wconf 77' lang='lat' dir='ltr'><strong>simul</strong></span> <span class='ocrx_word' id='word_1_413' title='bbox 270 2333 299 2358; x_wconf 86' lang='lat' dir='ltr'><strong>et</strong></span> <span class='ocrx_word' id='word_1_414' title='bbox 316 2331 430 2358; x_wconf 76' lang='lat' dir='ltr'><strong>utiliora</strong></span> <span class='ocrx_word' id='word_1_415' title='bbox 447 2339 498 2358; x_wconf 78' lang='lat' dir='ltr'><strong>sua</strong></span> <span class='ocrx_word' id='word_1_416' title='bbox 515 2330 674 2366; x_wconf 75' lang='lat' dir='ltr'><strong>legentibus</strong></span> <span class='ocrx_word' id='word_1_417' title='bbox 691 2330 784 2358; x_wconf 77' lang='lat' dir='ltr'><strong>forent</strong></span> <span class='ocrx_word' id='word_1_418' title='bbox 802 2331 925 2366; x_wconf 80' lang='lat' dir='ltr'><strong>ingenia.</strong></span> <span class='ocrx_word' id='word_1_419' title='bbox 952 2331 1030 2358; x_wconf 80' lang='lat' dir='ltr'><strong>Unde</strong></span> <span class='ocrx_word' id='word_1_420' title='bbox 1043 2332 1071 2358; x_wconf 87' lang='lat' dir='ltr'><strong>et</strong></span> <span class='ocrx_word' id='word_1_421' title='bbox 1089 2331 1164 2366; x_wconf 85' lang='lat' dir='ltr'><strong>apud</strong></span> <span class='ocrx_word' id='word_1_422' title='bbox 1177 2331 1332 2358; x_wconf 77' lang='lat' dir='ltr'><strong>saeculares</strong></span> <span class='ocrx_word' id='word_1_423' title='bbox 1345 2333 1373 2358; x_wconf 82' lang='lat' dir='ltr'><strong>et</strong></span> <span class='ocrx_word' id='word_1_424' title='bbox 1391 2331 1467 2366; x_wconf 87' lang='lat' dir='ltr'><strong>apud</strong></span> <span class='ocrx_word' id='word_1_425' title='bbox 1486 2331 1687 2359; x_wconf 76' lang='lat' dir='ltr'><strong>ecclesiasticos</strong></span> <span class='ocrx_word' id='word_1_426' title='bbox 1700 2330 1815 2365; x_wconf 79' lang='lat' dir='ltr'><strong>plurimi</strong></span> 
     </span>
     <span class='ocr_line' id='line_1_43' title="bbox 170 2382 1813 2418; baseline 0 -8"><span class='ocrx_word' id='word_1_427' title='bbox 170 2382 350 2410; x_wconf 82' lang='lat' dir='ltr'><strong>inveniuntur</strong></span> <span class='ocrx_word' id='word_1_428' title='bbox 367 2382 415 2417; x_wconf 88' lang='lat' dir='ltr'><strong>qui</strong></span> <span class='ocrx_word' id='word_1_429' title='bbox 433 2385 521 2410; x_wconf 86' lang='lat' dir='ltr'><strong>metro</strong></span> <span class='ocrx_word' id='word_1_430' title='bbox 543 2385 572 2410; x_wconf 82' lang='lat' dir='ltr'><strong>et</strong></span> <span class='ocrx_word' id='word_1_431' title='bbox 595 2391 678 2418; x_wconf 77' lang='lat' dir='ltr'><strong>prosa</strong></span> <span class='ocrx_word' id='word_1_432' title='bbox 701 2392 785 2410; x_wconf 88' lang='lat' dir='ltr'><strong>unam</strong></span> <span class='ocrx_word' id='word_1_433' title='bbox 807 2383 979 2417; x_wconf 77' lang='lat' dir='ltr'><strong>eandemque</strong></span> <span class='ocrx_word' id='word_1_434' title='bbox 998 2391 1055 2410; x_wconf 87' lang='lat' dir='ltr'><strong>rem</strong></span> <span class='ocrx_word' id='word_1_435' title='bbox 1073 2382 1286 2417; x_wconf 77' lang='lat' dir='ltr'><strong>descripserunt.</strong></span> <span class='ocrx_word' id='word_1_436' title='bbox 1323 2383 1362 2410; x_wconf 86' lang='lat' dir='ltr'><strong>Ut</strong></span> <span class='ocrx_word' id='word_1_437' title='bbox 1385 2383 1419 2410; x_wconf 87' lang='lat' dir='ltr'><strong>de</strong></span> <span class='ocrx_word' id='word_1_438' title='bbox 1444 2383 1542 2411; x_wconf 77' lang='lat' dir='ltr'><strong>ceteris</strong></span> <span class='ocrx_word' id='word_1_439' title='bbox 1565 2385 1674 2410; x_wconf 84' lang='lat' dir='ltr'><strong>taceam</strong></span> <span class='ocrx_word' id='word_1_440' title='bbox 1692 2399 1726 2402; x_wconf 97' lang='lat'><strong>—</strong></span> <span class='ocrx_word' id='word_1_441' title='bbox 1744 2383 1813 2418; x_wconf 88' lang='lat' dir='ltr'><strong>quid</strong></span> 
     </span>
     <span class='ocr_line' id='line_1_44' title="bbox 171 2433 1812 2470; baseline 0.001 -9"><span class='ocrx_word' id='word_1_442' title='bbox 171 2433 248 2461; x_wconf 83' lang='lat' dir='ltr'><strong>aliud</strong></span> <span class='ocrx_word' id='word_1_443' title='bbox 267 2434 384 2469; x_wconf 76' lang='lat' dir='ltr'><strong>Prosper</strong></span> <span class='ocrx_word' id='word_1_444' title='bbox 406 2442 439 2461; x_wconf 81' lang='lat' dir='ltr'><strong>ac</strong></span> <span class='ocrx_word' id='word_1_445' title='bbox 462 2435 635 2462; x_wconf 72' lang='lat' dir='ltr'><strong>venerandus</strong></span> <span class='ocrx_word' id='word_1_446' title='bbox 657 2435 699 2462; x_wconf 83' lang='lat' dir='ltr'><strong>vir</strong></span> <span class='ocrx_word' id='word_1_447' title='bbox 722 2435 849 2462; x_wconf 77' lang='lat' dir='ltr'><strong>Sedulius</strong></span> <span class='ocrx_word' id='word_1_448' title='bbox 874 2435 970 2462; x_wconf 78' lang='lat' dir='ltr'><strong>fecisse</strong></span> <span class='ocrx_word' id='word_1_449' title='bbox 995 2435 1165 2462; x_wconf 72' lang='lat' dir='ltr'><strong>cernuntur?</strong></span> <span class='ocrx_word' id='word_1_450' title='bbox 1202 2434 1301 2462; x_wconf 84' lang='lat' dir='ltr'><strong>Nonne</strong></span> <span class='ocrx_word' id='word_1_451' title='bbox 1325 2434 1360 2462; x_wconf 91' lang='lat' dir='ltr'><strong>ob</strong></span> <span class='ocrx_word' id='word_1_452' title='bbox 1384 2434 1412 2461; x_wconf 87' lang='lat' dir='ltr'><strong>id</strong></span> <span class='ocrx_word' id='word_1_453' title='bbox 1434 2435 1546 2470; x_wconf 83' lang='lat' dir='ltr'><strong>gemino</strong></span> <span class='ocrx_word' id='word_1_454' title='bbox 1569 2435 1627 2462; x_wconf 84' lang='lat' dir='ltr'><strong>stili</strong></span> <span class='ocrx_word' id='word_1_455' title='bbox 1651 2435 1812 2462; x_wconf 76' lang='lat' dir='ltr'><strong>charactere</strong></span> 
     </span>
     <span class='ocr_line' id='line_1_45' title="bbox 171 2485 1816 2521; baseline 0.001 -9"><span class='ocrx_word' id='word_1_456' title='bbox 171 2485 273 2520; x_wconf 81' lang='lat' dir='ltr'><strong>duplex</strong></span> <span class='ocrx_word' id='word_1_457' title='bbox 291 2494 361 2521; x_wconf 71' lang='lat' dir='ltr'><strong>opus</strong></span> <span class='ocrx_word' id='word_1_458' title='bbox 378 2495 459 2513; x_wconf 75' lang='lat' dir='ltr'><strong>suum</strong></span> <span class='ocrx_word' id='word_1_459' title='bbox 476 2485 570 2518; x_wconf 86' lang='lat' dir='ltr'><strong>edunt,</strong></span> <span class='ocrx_word' id='word_1_460' title='bbox 596 2487 628 2514; x_wconf 85' lang='lat' dir='ltr'><strong>ut</strong></span> <span class='ocrx_word' id='word_1_461' title='bbox 646 2486 766 2514; x_wconf 73' lang='lat' dir='ltr'><strong>varietas</strong></span> <span class='ocrx_word' id='word_1_462' title='bbox 791 2487 853 2521; x_wconf 80' lang='lat' dir='ltr'><strong>ipsa</strong></span> <span class='ocrx_word' id='word_1_463' title='bbox 870 2488 900 2514; x_wconf 84' lang='lat' dir='ltr'><strong>et</strong></span> <span class='ocrx_word' id='word_1_464' title='bbox 918 2486 1061 2513; x_wconf 83' lang='lat' dir='ltr'><strong>fastidium</strong></span> <span class='ocrx_word' id='word_1_465' title='bbox 1086 2485 1244 2520; x_wconf 77' lang='lat' dir='ltr'><strong>legentibus</strong></span> <span class='ocrx_word' id='word_1_466' title='bbox 1267 2486 1377 2513; x_wconf 80' lang='lat' dir='ltr'><strong>auferat</strong></span> <span class='ocrx_word' id='word_1_467' title='bbox 1400 2487 1442 2518; x_wconf 79' lang='lat' dir='ltr'><strong>et,</strong></span> <span class='ocrx_word' id='word_1_468' title='bbox 1469 2486 1491 2513; x_wconf 81' lang='lat' dir='ltr'><strong>si</strong></span> <span class='ocrx_word' id='word_1_469' title='bbox 1516 2486 1583 2520; x_wconf 86' lang='lat' dir='ltr'><strong>quid</strong></span> <span class='ocrx_word' id='word_1_470' title='bbox 1610 2487 1680 2514; x_wconf 74' lang='lat' dir='ltr'><strong>t&#39;orte</strong></span> <span class='ocrx_word' id='word_1_471' title='bbox 1707 2486 1735 2513; x_wconf 88' lang='lat' dir='ltr'><strong>in</strong></span> <span class='ocrx_word' id='word_1_472' title='bbox 1760 2486 1816 2514; x_wconf 87' lang='lat' dir='ltr'><strong>alio</strong></span> 
     </span>
     <span class='ocr_line' id='line_1_46' title="bbox 170 2537 1814 2573; baseline -0.001 -7"><span class='ocrx_word' id='word_1_473' title='bbox 170 2537 261 2566; x_wconf 76' lang='lat' dir='ltr'><strong>minua</strong></span> <span class='ocrx_word' id='word_1_474' title='bbox 278 2538 341 2573; x_wconf 72' lang='lat' dir='ltr'><strong>quis</strong></span> <span class='ocrx_word' id='word_1_475' title='bbox 358 2538 512 2573; x_wconf 71' lang='lat' dir='ltr'><strong>intelligat,</strong></span> <span class='ocrx_word' id='word_1_476' title='bbox 537 2538 566 2565; x_wconf 85' lang='lat' dir='ltr'><strong>in</strong></span> <span class='ocrx_word' id='word_1_477' title='bbox 585 2538 641 2566; x_wconf 80' lang='lat' dir='ltr'><strong>alio</strong></span> <span class='ocrx_word' id='word_1_478' title='bbox 664 2547 727 2566; x_wconf 86' lang='lat' dir='ltr'><strong>mox</strong></span> <span class='ocrx_word' id='word_1_479' title='bbox 751 2538 860 2573; x_wconf 77' lang='lat' dir='ltr'><strong>plenius</strong></span> <span class='ocrx_word' id='word_1_480' title='bbox 879 2538 1042 2565; x_wconf 78' lang='lat' dir='ltr'><strong>edissertum</strong></span> <span class='ocrx_word' id='word_1_481' title='bbox 1060 2539 1196 2573; x_wconf 76' lang='lat' dir='ltr'><strong>agnoscat</strong></span> <span class='ocrx_word' id='word_1_482' title='bbox 1220 2546 1271 2572; x_wconf 75' lang='lat' dir='ltr'><strong>eqs.</strong></span> <span class='ocrx_word' id='word_1_483' title='bbox 1292 2537 1431 2565; x_wconf 82' lang='lat' dir='ltr'><strong>Sedulium</strong></span> <span class='ocrx_word' id='word_1_484' title='bbox 1449 2540 1512 2564; x_wconf 83' lang='lat' dir='ltr'><strong>sunt</strong></span> <span class='ocrx_word' id='word_1_485' title='bbox 1529 2538 1629 2565; x_wconf 80' lang='lat' dir='ltr'><strong>imitati</strong></span> <span class='ocrx_word' id='word_1_486' title='bbox 1648 2538 1814 2572; x_wconf 76' lang='lat' dir='ltr'><strong>Ghilpericus</strong></span> 
     </span>
     <span class='ocr_line' id='line_1_47' title="bbox 171 2588 1817 2624; baseline 0.001 -8"><span class='ocrx_word' id='word_1_487' title='bbox 171 2589 232 2624; x_wconf 76' lang='lat' dir='ltr'><strong>(cfr.</strong></span> <span class='ocrx_word' id='word_1_488' title='bbox 253 2589 402 2618; x_wconf 64' lang='lat' dir='ltr'><strong>immitium</strong></span> <span class='ocrx_word' id='word_1_489' title='bbox 419 2589 495 2617; x_wconf 68' lang='lat' dir='ltr'><strong>Mun.</strong></span> <span class='ocrx_word' id='word_1_490' title='bbox 516 2589 603 2617; x_wconf 65' lang='lat' dir='ltr'><strong>moen.</strong></span> <span class='ocrx_word' id='word_1_491' title='bbox 623 2589 702 2617; x_wconf 84' lang='lat' dir='ltr'><strong>XLI</strong></span> <span class='ocrx_word' id='word_1_492' title='bbox 705 2589 729 2617; x_wconf 89' lang='lat' dir='ltr'><em>V</em></span> <span class='ocrx_word' id='word_1_493' title='bbox 736 2592 804 2624; x_wconf 82' lang='lat'><em>547),</em></span> <span class='ocrx_word' id='word_1_494' title='bbox 823 2589 985 2622; x_wconf 72' lang='lat' dir='ltr'><strong>Aldlaelmus,</strong></span> <span class='ocrx_word' id='word_1_495' title='bbox 1007 2588 1166 2616; x_wconf 75' lang='lat' dir='ltr'><strong>Hrabanus:</strong></span> <span class='ocrx_word' id='word_1_496' title='bbox 1197 2589 1241 2616; x_wconf 77' lang='lat' dir='ltr'><strong>ille</strong></span> <span class='ocrx_word' id='word_1_497' title='bbox 1258 2589 1288 2615; x_wconf 83' lang='lat' dir='ltr'><strong>in</strong></span> <span class='ocrx_word' id='word_1_498' title='bbox 1307 2589 1438 2623; x_wconf 62' lang='lat' dir='ltr'><strong>virginum</strong></span> <span class='ocrx_word' id='word_1_499' title='bbox 1455 2589 1591 2624; x_wconf 79' lang='lat' dir='ltr'><strong>laudibus,</strong></span> <span class='ocrx_word' id='word_1_500' title='bbox 1610 2589 1652 2617; x_wconf 86' lang='lat' dir='ltr'><strong>hic</strong></span> <span class='ocrx_word' id='word_1_501' title='bbox 1668 2590 1699 2616; x_wconf 84' lang='lat' dir='ltr'><strong>in</strong></span> <span class='ocrx_word' id='word_1_502' title='bbox 1717 2589 1817 2621; x_wconf 77' lang='lat' dir='ltr'><strong>crucis,-</strong></span> 
     </span>
     <span class='ocr_line' id='line_1_48' title="bbox 174 2640 958 2676; baseline -0.001 -8"><span class='ocrx_word' id='word_1_503' title='bbox 174 2640 334 2668; x_wconf 75' lang='lat' dir='ltr'><strong>Hrabanum</strong></span> <span class='ocrx_word' id='word_1_504' title='bbox 352 2641 453 2668; x_wconf 65' lang='lat' dir='ltr'><strong>imitari</strong></span> <span class='ocrx_word' id='word_1_505' title='bbox 472 2641 551 2668; x_wconf 66' lang='lat' dir='ltr'><strong>voluit</strong></span> <span class='ocrx_word' id='word_1_506' title='bbox 572 2641 713 2668; x_wconf 79' lang='lat' dir='ltr'><strong>Candidus</strong></span> <span class='ocrx_word' id='word_1_507' title='bbox 732 2642 761 2668; x_wconf 77' lang='lat' dir='ltr'><strong>in</strong></span> <span class='ocrx_word' id='word_1_508' title='bbox 780 2641 879 2676; x_wconf 68' lang='lat' dir='ltr'><strong>Eiyilis</strong></span> <span class='ocrx_word' id='word_1_509' title='bbox 899 2641 958 2667; x_wconf 73' lang='lat' dir='ltr'><strong>rita.</strong></span> 
     </span>
    </p>
   </div>
   <div class='ocr_carea' id='block_1_10' title="bbox 1555 2875 1609 2901">
    <p class='ocr_par' dir='ltr' id='par_1_11' title="bbox 1555 2875 1609 2901">
     <span class='ocr_line' id='line_1_49' title="bbox 1555 2875 1609 2901; baseline -0.019 0"><span class='ocrx_word' id='word_1_510' title='bbox 1555 2875 1609 2901; x_wconf 73' lang='lat'><strong>47*</strong></span> 
     </span>
    </p>
   </div>
  </div>
 </body>
</html>
