2138 3106
309 157 370 188 344

312 1418 337 1433 α.
356 1411 412 1434 864.

912 148 1054 177 CARMIN
1056 148 1080 174 A
1099 146 1361 174 CENTULENSIA.

1077 293 1196 327 CXIX.

910 359 1024 396 ITEM
1050 358 1099 395 IN
1126 356 1360 394 SESSIONE.

677 435 816 478 Saepius
841 435 902 467 hac
926 424 1224 469 residet'Christus
1249 433 1403 472 suceptus
1427 430 1461 461 in
1484 429 1581 466 aede3

720 487 874 519 Scemate
899 486 959 517 sub
982 484 1121 516 hominis
1146 482 1276 525 saepius
1300 481 1361 513 hac
1385 480 1518 512 residet.

675 540 747 571 Hoc
772 537 958 570 veneranda
982 536 1098 580 cohors
1121 535 1258 566 fratrum
1281 535 1477 565 veneranter
1501 531 1629 568 adorat;

718 591 836 633 Diligit
857 590 1061 632 amplectens
1086 588 1145 619 hoc
1170 585 1354 618 veneranda
1378 585 1504 617 cohors.

626 657 636 675 ε,
674 643 798 675 Ianitor
822 653 840 673 o
864 642 1036 679 miserans,
1060 640 1148 671 laeto
1172 637 1257 680 quod
1281 637 1410 679 suscipe
1435 636 1536 675 vultu,

720 694 878 736 Quaeque
901 697 1006 736 potes,
1030 692 1147 730 tribue,
1171 690 1289 722 ianitor
1313 700 1330 720 o
1356 689 1526 720 miserans.

751 786 1001 820 RESPONSIO
1026 785 1073 817 IN
1097 783 1305 817 PERSONA
1331 782 1526 815 CHRISTI.

677 851 747 882 Iam
771 849 848 891 quia
870 848 923 880 hic
949 846 1048 879 sedeo
1073 844 1224 877 Christus
1249 843 1310 875 sub
1333 842 1476 884 imagine
1501 842 1596 881 servi,

721 902 768 933 Ac
792 899 957 943 peregrini
983 897 1096 930 habitu
1119 897 1184 928 iam
1208 896 1284 938 quia
1305 895 1358 926 hic
1382 893 1490 931 sedeo,

679 954 727 986 Sit
749 952 922 985 benedicta
946 951 1062 982 cohors
1086 949 1221 980 fratrum
1245 947 1395 979 mihimet
1417 945 1619 982 famulando;

613 1020 637 1038 ιο
717 1005 783 1037 Hic
807 1008 840 1036 et
862 1004 896 1035 in
919 1006 1090 1035 aeternum
1114 1001 1156 1032 sit
1179 999 1356 1032 benedicta
1379 998 1508 1030 cohors.

678 1057 794 1089 Hostis
818 1060 914 1088 atrox
936 1054 1040 1097 fugiat
1062 1062 1230 1095 parvaque
1254 1050 1388 1083 recedat
1411 1050 1452 1082 ab
1476 1049 1574 1081 aede:

721 1109 792 1146 Quo
817 1119 883 1151 pax
907 1108 958 1139 hic
983 1108 1124 1144 maneat,
1147 1104 1250 1136 hostis
1275 1106 1370 1135 atrox
1393 1102 1507 1144 fugiat.

1087 1332 1190 1365 CXX.

922 1397 970 1434 IN
998 1396 1200 1441 QVODAM
1228 1395 1362 1432 VASE.

681 1474 754 1506 Hoc
778 1485 834 1506 vas
858 1483 1078 1505 marmoreum
1102 1475 1212 1504 custos
1236 1470 1401 1513 reparavit
1425 1469 1563 1501 Odulfus

682 1526 791 1569 Atque
815 1527 887 1558 loco
912 1525 1036 1564 statuit,
1060 1523 1151 1555 stetit
1174 1523 1208 1555 in
1231 1533 1295 1565 quo
1319 1522 1428 1564 dispar
1451 1521 1493 1553 ab
1515 1520 1580 1552 isto

683 1578 752 1610 Vas
775 1577 863 1610 aliud
887 1577 1025 1609 multum
1050 1575 1169 1618 speeie,
1192 1574 1317 1617 pariter
1339 1574 1524 1616 precioque.

682 1630 756 1662 Una
779 1636 888 1662 tamen
912 1629 1015 1661 virtus
1039 1630 1160 1667 manet,
1185 1637 1250 1658 una
1273 1626 1362 1658 salus
1385 1626 1418 1657 in
1442 1625 1600 1667 utrisque.

1082 1851 1202 1884 CXXI.

986 1914 1295 1953 EPITAPHIVM.

682 1993 754 2024 Hac
777 1992 896 2024 tellure
921 2002 981 2023 sua
1003 1990 1081 2022 Milo
1107 2001 1180 2022 cum
1204 1990 1343 2032 coniuge
1365 1992 1494 2032 pausat,

725 2044 814 2081 Quos
839 2044 942 2075 tenuit
965 2043 1117 2086 simplex,
1141 2045 1252 2075 castus
1276 2052 1368 2074 amor
1389 2042 1521 2084 pariter.

681 2097 775 2129 Unus
799 2096 987 2138 despiciens
1011 2095 1168 2127 mundum
1190 2095 1294 2126 finivit
1317 2094 1465 2134 honeste,

723 2147 839 2180 Altera
862 2150 992 2180 sacrata
1014 2151 1089 2190 post
1113 2147 1258 2189 obiitque
1283 2145 1355 2178 deo.

632 2214 643 2233 x»
681 2200 766 2232 Nam
789 2200 901 2243 quinto
919 2200 1069 2242 Augusti
1093 2199 1218 2231 decimo
1241 2198 1385 2240 Miloque
1409 2197 1578 2229 Kalendas

722 2252 878 2284 Decessit
901 2252 1017 2284 summi
1039 2252 1157 2294 plenus
1182 2261 1291 2283 amore
1315 2250 1379 2282 dci.

680 2304 759 2336 Idus
783 2304 841 2336 sed
865 2304 965 2336 ternis
990 2304 1070 2335 obiit
1093 2303 1262 2335 Wenrada
1284 2302 1494 2338 Decembris;

726 2357 798 2398 Cui,
822 2357 936 2396 lector,
960 2357 1089 2389 veniam
1113 2367 1212 2399 posce
1236 2355 1317 2388 deus
1341 2354 1472 2386 tribuat.

419 2506 530 2540 [CXIX]
550 2506 582 2532 12
600 2507 690 2539 fugeat
708 2506 733 2530 Β

419 2549 534 2584 [CXXI]
554 2550 567 2575 1
587 2551 644 2586 Hqc
662 2549 688 2574 Β
740 2558 821 2582 pausa
839 2549 864 2574 B

421 2643 537 2678 [CXIX]
557 2644 606 2676 cfr.
625 2651 646 2669 c.
666 2642 875 2669 LXXXVIII.
979 2643 996 2668 3
1014 2643 1064 2674 cfr.
1082 2649 1103 2668 c.
1123 2640 1211 2674 CXL,
1224 2640 1266 2667 24.

420 2694 675 2729 [CXX.—CLVII.]
705 2695 815 2722 Tertia
844 2695 945 2721 series
970 2694 1150 2721 carminum
1167 2693 1186 2721 i.
1204 2701 1223 2719 c.
1244 2692 1325 2719 ab'a.
1344 2693 1492 2719 864—866
1510 2701 1529 2718 a
1550 2691 1759 2725 Frcdiyardo
1785 2693 1812 2717 et
1842 2689 1970 2722 Odulfo

315 2747 518 2774 conditorum
535 2747 581 2779 cfr.
599 2755 685 2781 suqrra
700 2755 727 2780 p.
746 2747 805 2774 274.

421 2799 524 2834 [CXX]
543 2800 592 2831 cfr.
611 2807 696 2832 supra
710 2808 739 2833 p.
759 2800 817 2825 267.
