2060 3074
277 215 339 246 626
931 210 1082 238 MILONIS
1101 209 1277 237 CARMINAo.

642 300 716 330 Iura
738 298 912 340 pudicitiae
937 297 1063 329 socialis
1087 297 1191 328 amica
1213 299 1389 336 retentans,

559 364 596 382 335
641 351 803 392 Tempore
826 360 890 380 non
912 349 978 380 ullo
1002 349 1126 380 violans
1149 348 1269 379 ieiunia
1292 348 1411 379 mansit

641 402 789 441 Pulchra,
813 403 958 440 venusta,
983 399 1113 440 decens,
1137 399 1276 431 viduatis
1298 409 1411 431 norma
1434 399 1586 436 salubris:

642 453 739 484 Cuius
763 457 850 484 terra
874 453 951 484 satis
976 452 1119 483 districto
1143 462 1275 484 vomere
1299 454 1390 483 arata

642 505 816 547 Sexagena
838 505 946 536 ferens
970 514 1071 546 grana
1095 503 1136 535 ad
1160 503 1314 535 caelestia
1335 503 1432 534 misit.

642 557 708 588 Sed
733 557 883 599 quoniam
906 548 1040 598 longum
1064 558 1114 587 est
1136 555 1230 587 huius
1253 565 1442 597 percurrere
1465 555 1589 595 laudes,

559 621 596 639 3⁴0
642 609 813 651 Supprimo
836 609 930 650 plura
952 610 1064 639 tacens
1087 607 1261 649 praeconia
1285 607 1384 649 digna
1405 607 1519 639 relatu.

641 660 735 691 Haec
759 659 868 691 oblata
892 659 966 690 duci
989 659 1168 690 castissima
1191 659 1312 690 femina
1334 659 1484 699 moecho,

640 712 714 743 Non
738 712 865 754 captiva
889 711 1030 753 quidem,
1054 711 1206 753 quoniam
1228 711 1354 742 virtutis
1376 711 1409 742 in
1432 721 1506 742 arce

642 763 791 794 Liberior
813 763 920 795 stabat
943 763 1052 805 plures
1075 763 1225 794 habitura
1248 763 1436 806 triumphos.

642 814 701 845 Ille
725 824 842 856 graves
865 815 976 846 oculos
1000 817 1033 846 et
1055 814 1177 845 lumina
1199 817 1293 846 torva
1315 815 1486 846 reflectens

557 878 594 897 345
638 865 812 898 Femineos
835 867 941 898 vultus
965 866 1172 908 speciemque
1197 869 1306 898 tuetur
1327 866 1498 898 honestam
1522 885 1563 889 —

642 917 790 960 Totaque
815 918 962 950 concussi
983 921 1185 950 tremuerunt
1206 918 1320 950 intima
1343 918 1449 950 cordis
1471 936 1515 941 —-

642 1021 739 1054 Cuius
761 1033 821 1065 per
842 1023 969 1065 patulas
993 1022 1063 1054 fera
1086 1033 1172 1054 mors
1194 1023 1343 1065 ingressa
1365 1022 1525 1054 fenestras

641 1075 711 1106 Iam
735 1075 854 1107 victum
878 1075 1001 1107 domuit
1024 1078 1219 1118 captumque
1243 1075 1286 1107 ad
1307 1075 1435 1107 vincula
1458 1076 1567 1108 traxit.

559 1140 598 1158 350
641 1126 805 1159 Historica
826 1128 951 1159 ratione
975 1138 1073 1159 vocor
1095 1128 1283 1170 perquirere
1306 1138 1412 1168 versu,
1529 1129 1532 1132 “

641 1178 735 1211 Haec
757 1182 905 1211 matrona
929 1180 1058 1211 thorum
1079 1180 1125 1211 sic
1148 1183 1321 1222 aspernata
1343 1180 1469 1212 virilem

642 1230 822 1273 Pomposas
845 1234 954 1263 vestes
977 1231 1020 1263 ad
1044 1242 1124 1273 quos
1147 1232 1325 1263 servaverit
1346 1242 1433 1263 usus.

644 1282 750 1314 Credo
775 1283 936 1325 equidem,
959 1294 1020 1315 nec
1043 1294 1128 1315 vana
1150 1275 1244 1315 tides:
1270 1293 1354 1326 quae
1378 1284 1439 1315 rite
1463 1284 1570 1315 futura

642 1335 798 1366 Praesciit
821 1335 1035 1377 omnipotens,
1059 1335 1142 1367 haec
1166 1335 1278 1367 ordine
1302 1335 1421 1377 digerit
1443 1338 1531 1377 apto,

559 1399 596 1418 ³⁵⁵
642 1386 819 1419 Consilium
841 1387 931 1419 vario
955 1388 1058 1419 variat
1081 1388 1136 1430 qui
1160 1390 1307 1430 tempore
1330 1398 1515 1430 numquam.

643 1438 831 1481 Omnigenis
854 1439 939 1471 vitiis
963 1439 1039 1480 dux,
1062 1440 1164 1471 milite
1189 1439 1287 1472 fultus
1311 1442 1344 1471 et
1367 1440 1454 1471 omni

642 1490 781 1522 Sederat
803 1490 846 1522 ad
868 1501 997 1522 mensas
1021 1491 1131 1533 spoliis
1154 1492 1346 1534 pompisque
1370 1491 1538 1534 superbus,

642 1541 772 1574 Praedo
796 1542 890 1574 ferox
913 1542 1033 1584 mundi,
1056 1542 1174 1575 viduae
1197 1543 1263 1575 iam
1285 1542 1410 1585 praeda
1434 1543 1575 1577 futurus:

642 1594 787 1636 Impiger
809 1595 952 1626 intrabat
973 1595 1111 1627 meritae
1135 1595 1274 1627 confinia
1296 1595 1418 1636 mortis,

559 1658 597 1677 360
642 1646 769 1689 Quique
792 1647 886 1678 nimis
909 1650 1071 1689 sumptum
1095 1647 1171 1679 dum
1195 1647 1282 1679 ducit
1304 1647 1347 1678 ad
1370 1657 1426 1679 ora
1448 1647 1596 1687 Liaeum,

641 1697 809 1739 Procurat,
832 1698 937 1730 minus
960 1701 995 1730 ut
1018 1699 1200 1741 geminatos
1223 1698 1342 1730 sentiat
1364 1698 1457 1730 ictus.

640 1750 749 1782 Iudith
773 1753 862 1782 casta
885 1761 978 1782 suum
1001 1751 1110 1782 celans
1134 1751 1335 1782 simulamine
1359 1751 1484 1783 vultum

641 1802 751 1845 Atque
775 1805 890 1845 tegens
913 1803 1055 1834 animum
1078 1803 1229 1835 muliebri
1250 1803 1283 1834 in
1305 1805 1396 1835 veste
1419 1803 1546 1834 virilem

642 1854 716 1886 Non
738 1857 838 1896 negat
859 1854 1028 1897 Assyrium
1052 1865 1087 1886 se
1110 1855 1195 1887 velle
1217 1855 1337 1886 intrare
1361 1855 1477 1896 cubile,

560 1918 598 1938 ³⁶5
642 1905 750 1937 Texta
772 1906 947 1947 topaziacis
969 1906 1025 1937 ubi
1048 1906 1184 1949 pulchra
1207 1907 1323 1938 aulaea
1346 1907 1465 1949 lapillis

641 1957 844 1997 Pendebant,
868 1957 977 1990 mixtis
1000 1959 1143 2000 pretiosa
1166 1969 1311 2001 canopea
1334 1959 1483 2001 gemmis,

642 2009 788 2051 Regifico
811 2009 891 2040 luxu
914 2009 965 2040 cui
987 2009 1143 2051 plurimus
1165 2010 1220 2041 ille
1242 2013 1375 2052 paratus

642 2061 807 2093 Deliciosa
829 2061 924 2092 nimis
948 2062 1094 2093 convivia
1117 2062 1204 2094 ferre
1227 2062 1363 2103 solebat,

643 2112 748 2144 Omne
770 2113 843 2154 hoc,
866 2113 1039 2155 pompiferi
1062 2113 1149 2156 quod
1171 2113 1275 2156 gignit
1297 2113 1448 2145 machina
1470 2113 1591 2146 mundi.

561 2178 599 2196 370
642 2165 758 2196 Inclita
781 2165 934 2196 bellatrix
957 2166 1107 2197 semotim
1130 2166 1324 2198 accumbere
1346 2166 1433 2197 iussa

643 2215 842 2248 Multimodis
863 2217 990 2258 pollens
1012 2218 1184 2250 virtutibus
1208 2217 1385 2249 associatis.

645 2268 802 2300 Certatim
825 2271 938 2300 curant
961 2279 1059 2301 caeco
1083 2269 1280 2314 contendere
1303 2269 1407 2301 bello:

644 2319 783 2351 Foetida
806 2320 953 2352 decertat
976 2324 1119 2353 torrente
1144 2322 1259 2353 ardore
1282 2321 1393 2361 libido,

382 2433 432 2458 364
450 2434 569 2458 assirium
588 2434 634 2458 hoc
653 2434 708 2458 loco
723 2432 745 2457 Α
799 2434 885 2466 cupile
898 2433 922 2458 A

382 2501 433 2528 338
451 2500 548 2527 Isidem
566 2500 747 2527 Namerorum
765 2501 805 2527 W).
819 2501 852 2528 25
871 2501 978 2535 (Miyne
994 2502 1036 2533 83,
1051 2502 1112 2536 199)
1130 2501 1160 2528 hi
1179 2502 1245 2528 sunt
1263 2502 1366 2535 quibus
1385 2503 1415 2529 et
1432 2502 1481 2529 ille
1499 2502 1529 2529 in
1549 2502 1697 2537 euangelio
1716 2502 1828 2536 (Mami.
1848 2503 1888 2534 13,
1901 2502 1931 2536 8)

281 2553 468 2586 sexagesimus
487 2554 592 2579 fructus
611 2553 793 2587 permittitur,
813 2553 861 2587 qui
881 2553 984 2580 divinis
1003 2554 1143 2580 mandatis
1157 2554 1274 2588 perfecti
1289 2563 1407 2589 agonem
1421 2554 1554 2581 adversus
1572 2554 1663 2581 carnis
1676 2553 1931 2589 concupiscentiam

281 2606 389 2637 gerunt,
409 2605 455 2630 sed
474 2604 576 2630 ideirco
595 2605 807 2639 sexagenarium
825 2605 986 2639 percipiunt
1004 2605 1139 2637 fructum,
1165 2605 1233 2639 quia
1251 2605 1287 2632 ad
1306 2605 1378 2632 hanc
1398 2614 1486 2640 usque
1503 2606 1627 2632 aetatem
1645 2605 1803 2640 congressio
1822 2605 1932 2632 exultat

282 2655 444 2686 libidinum;
473 2655 688 2682 Pseudo-Melit«)
711 2655 826 2683 Numer.
844 2656 878 2682 22
903 2656 995 2689 (Plora
1017 2656 1109 2690 Spa-il.
1128 2657 1233 2683 Solesm.
1253 2657 1377 2691 111288)
1401 2657 1550 2692 sexaginta
1573 2657 1608 2684 ad
1631 2657 1752 2683 fructum
1776 2656 1868 2684 viduis
1886 2657 1932 2684 vel

282 2706 436 2739 virginibus
465 2707 589 2732 debitum
609 2710 652 2733 ele.
745 2708 796 2734 348
823 2707 915 2734 Ierem.
934 2708 958 2739 9,
971 2708 1003 2734 21
1028 2707 1096 2741 quia
1118 2707 1244 2734 ascendit
1266 2716 1339 2735 mors
1365 2717 1414 2742 per
1435 2708 1570 2735 fenestras
1593 2709 1714 2740 nostras,
1737 2708 1864 2742 ingressa
1890 2709 1933 2734 est

282 2757 376 2783 domos
395 2759 508 2784 nostras.
598 2759 649 2785 353
668 2759 755 2785 Credo
775 2759 904 2792 equidem
923 2767 974 2785 nec
993 2767 1066 2786 vana
1085 2759 1152 2786 fides
1170 2760 1237 2786 Aen.
1258 2759 1305 2786 IV
1317 2760 1355 2786 12.
1443 2761 1495 2787 364
1521 2759 1606 2786 Prwd.
1625 2759 1670 2787 st.
1689 2760 1724 2786 60
1743 2759 1885 2793 Assyrium
1906 2780 1912 2786 .
1925 2779 1932 2786 .

281 2808 443 2835 thalamum.
532 2810 582 2836 3⁴35
602 2810 658 2842 Cfr.
679 2810 796 2837 Fortun.
817 2811 844 2838 C.
865 2811 943 2838 VIII
951 2812 975 2843 3,
988 2811 1048 2839 273.
1135 2812 1186 2839 367
1212 2812 1335 2846 Regifieo
1355 2812 1422 2839 luxu
1441 2813 1508 2840 Aen.
1527 2812 1635 2839 V1805.
1722 2812 1774 2838 369
1797 2811 1927 2839 machina

282 2860 377 2886 mundi
396 2868 414 2886 e.
425 2869 450 2894 51.
469 2861 597 2887 Alclhelm.
618 2862 707 2890 Laud.
727 2863 791 2897 iar-(1.
808 2864 866 2889 198.
1870 2854 1895 2886 ’ἶ
