2040 2996
590 112 724 140 TITULI.
759 113 808 139 AD
826 113 1054 141 FRANCONEM
1072 113 1284 141 EPISCOPUM.
1703 117 1763 148 199

481 199 648 231 Laudibus
672 199 801 231 eximiis
824 199 951 231 modius
974 199 1147 232 laudabilis
1169 203 1270 240 extat,

527 250 639 282 Talem
662 260 850 282 mensuram
873 261 947 282 nam
972 250 1053 282 deus
1076 251 1223 282 instituit.

398 308 423 326 ³³
481 302 548 334 Sex
570 301 688 334 fratres
710 301 854 333 modium
878 305 1021 333 sumant:
1048 313 1123 334 nam
1147 307 1326 345 grammate
1351 316 1428 337 seno

526 353 644 386 Nobile
667 353 887 396 conscriptum
910 363 1030 386 nomen
1054 354 1155 386 habet
1177 355 1313 389 modius.

479 405 541 437 Ast
562 405 693 448 simpli
714 405 831 437 fratres
855 408 968 447 potent
991 406 1135 438 sextaria
1159 406 1292 449 dupla,

526 456 758 499 Unusquisque
781 456 880 488 bibax
902 456 1046 488 iambica
1067 460 1173 489 metra
1196 462 1298 490 sonet.

479 508 651 540 Senarium
674 518 804 540 versum
827 518 887 540 sex
909 519 975 540 una
997 519 1079 541 voce
1103 513 1260 542 canentes

399 567 424 586 ⁴⁰
528 559 642 592 Mundi
664 560 765 592 totius
789 570 933 602 senaque
957 560 1044 593 facta
1067 565 1192 593 sonent.

478 611 560 644 Fors
583 611 665 643 deus
688 611 882 643 altithronus
905 611 987 644 haec
1009 615 1077 644 tam
1101 613 1292 645 sollemnica
1314 617 1390 646 vota

527 663 707 706 Respiciet,
732 674 854 707 supera
875 664 930 706 qui
954 664 1048 696 sedet
1071 675 1146 697 arce
1170 666 1248 708 poli.

479 715 546 747 Sed
569 725 639 755 nos,
663 715 776 747 eximii
798 714 928 754 fratres,
952 715 1114 747 laetemur
1136 717 1168 748 in
1191 727 1302 757 unum,

525 766 564 799 In
585 766 782 810 dominoque
805 766 868 799 deo
892 766 1014 810 gaudia
1037 770 1146 800 nostra
1169 769 1289 801 cluant.

884 899 993 921 xxxul.

752 948 815 981 AD
839 948 1128 981 FRANCONEM.

479 1004 631 1036 Floridus
655 1005 809 1038 adveniat
832 1004 927 1037 nobis
949 1005 981 1036 in
1004 1005 1126 1046 gaudia
1147 1005 1274 1047 palmes

527 1056 654 1089 Franco
677 1056 778 1088 decus
801 1057 965 1096 iuvenum,
990 1056 1114 1098 fulgida
1137 1067 1278 1098 spesque
1302 1067 1428 1088 senum.

479 1107 568 1140 Ecce
590 1109 669 1140 serit
691 1108 843 1140 lacrimas
867 1109 1037 1150 Augustus
1061 1107 1183 1140 mensis
1206 1108 1332 1150 opimas

526 1159 712 1202 Exquirens
735 1151 870 1200 vultum,
894 1159 1021 1192 Franco
1045 1163 1192 1199 venuste,
1216 1163 1323 1196 tuum;

413 1218 425 1235 ⁵
483 1211 677 1254 September
699 1211 791 1244 vobis
815 1211 967 1253 gravidos
990 1214 1086 1254 parat
1108 1221 1185 1243 ecce
1208 1210 1378 1250 corimbos,

525 1262 635 1295 Nutrit
659 1262 718 1305 (et)
743 1262 883 1306 Apulico
906 1263 1035 1295 roscida
1058 1263 1134 1295 vina
1155 1273 1250 1296 novo·

482 1314 629 1347 Sabbata
651 1318 728 1347 tunc
752 1315 846 1347 nobis
871 1318 1006 1358 septeno
1029 1326 1141 1348 mense
1165 1315 1339 1347 nitescent:

524 1366 575 1398 Tu
597 1367 840 1410 scenophegiae
862 1367 984 1408 gaudia
1006 1367 1093 1399 festa
1116 1367 1223 1404 dabis;

479 1419 540 1459 Tu,
563 1418 714 1451 dextrum
739 1418 829 1451 sidus
853 1418 993 1451 dextrali
1017 1419 1146 1451 climate
1170 1419 1308 1461 fulgens,

400 1478 424 1496 ¹⁰
529 1470 604 1502 Non
627 1470 814 1513 dedigneris
838 1470 898 1503 has
922 1470 1050 1503 radiare
1073 1471 1200 1513 plagas.

477 1522 592 1554 Defleo
616 1521 779 1562 Sedulius,
803 1522 904 1554 veluti
928 1522 990 1555 scit
1013 1523 1145 1554 conscia
1167 1521 1273 1561 Musa,

524 1573 620 1611 Quod
643 1585 703 1606 nec
727 1573 931 1607 Franconem
954 1585 1041 1606 nunc
1064 1573 1158 1606 video
1182 1573 1362 1606 dominum:

477 1625 572 1658 Hanc
595 1625 725 1669 culpam
748 1625 840 1658 vobis
864 1625 1043 1669 indulgeat,
1068 1626 1214 1664 obsecro,
1239 1624 1400 1663 Christus,

524 1675 618 1713 Quod
639 1680 766 1710 maesto
790 1678 856 1709 vati
879 1688 944 1710 non
968 1678 1033 1710 cito
1057 1678 1148 1710 fertis
1173 1687 1279 1720 opem.

399 1735 422 1754 ιδ
479 1728 584 1768 Mitte,
608 1729 758 1770 Mosella,
781 1730 886 1761 virum
909 1730 1003 1762 nobis
1027 1730 1090 1762 huc
1115 1729 1206 1761 mitte
1231 1729 1374 1768 beatum,

527 1779 704 1812 Pulchrum
725 1779 907 1813 Karoliden
931 1792 1090 1824 spemque
1113 1780 1279 1822 decusque
1303 1780 1402 1823 pium.

480 1830 637 1864 Gaudens
659 1831 823 1874 gaudebo,
847 1836 983 1865 cantans
1007 1833 1146 1865 cantabo
1171 1831 1343 1871 Camenas,

526 1883 647 1916 Vincet
668 1886 823 1927 septenos
847 1887 923 1917 tunc
947 1895 1021 1918 mea
1044 1884 1140 1916 Musa
1163 1884 1284 1916 cicnos.
1309 1902 1347 1906 —

481 1934 652 1971 Quomodo
675 1935 893 1978 glaucicomas
918 1947 1035 1969 cervus
1059 1935 1222 1968 desiderat
1246 1935 1361 1975 undas,

398 1993 424 2012 ²⁰
528 1986 582 2019 Sic
604 1987 700 2031 cupio
723 1988 859 2029 vultum,
883 1989 1015 2032 praesul
1039 1987 1187 2029 amande,
1212 1990 1315 2019 tuum.

0 1948 14 2181 qw—rv-Vm-<5v
0 1924 5 1932 -
0 1882 5 1910 --
0 1830 3 1865 -,-,
0 1785 3 1804 .,
0 1701 10 1720 Ι,
3 1662 6 1664 ,
0 1622 2 1626 ,

887 2118 996 2141 XXXIV.

770 2167 884 2200 IDEM
907 2167 970 2200 AD
995 2167 1118 2199 SUOS.

484 2222 646 2265 Egregios
669 2223 799 2263 fratres,
822 2223 965 2265 Fergum
988 2222 1215 2264 Blandumque
1238 2221 1354 2261 saluta,

526 2273 685 2314 Marcum,
708 2273 936 2314 Beuchellem,
959 2273 1094 2312 cartula,
1118 2272 1212 2304 dulce
1237 2282 1366 2304 sonans.

486 2325 632 2363 Quorum
654 2325 761 2358 forma
783 2325 905 2358 decens
928 2328 964 2357 ut
986 2327 1098 2356 nostro
1121 2326 1254 2367 pectore
1277 2323 1381 2362 floret,

529 2376 584 2409 Sic
606 2377 712 2419 magis
734 2379 832 2419 atque
856 2377 961 2419 magis
984 2375 1092 2418 gliscit
1115 2378 1150 2407 et
1172 2374 1276 2406 almus
1300 2384 1404 2406 amor:

220 2489 255 2515 35
273 2498 334 2516 sene
348 2491 371 2516 0
384 2499 452 2516 coo-r.
465 2490 558 2524 Haupt
643 2489 678 2515 42
695 2498 788 2523 supero
802 2489 825 2515 Ο
841 2497 908 2515 corr.
929 2489 1023 2514 Groue
1144 2486 1254 2520 [xxxin]
1273 2486 1312 2512 ed.
1335 2486 1427 2512 Graue
1442 2495 1469 2519 p.
1485 2485 1517 2511 16
1599 2486 1615 2511 6
1633 2484 1674 2511 *et
1686 2494 1734 2511 om.
1749 2486 1771 2511 Ο

119 2532 206 2558 Nutrit
217 2533 355 2567 spo-tulino
371 2534 465 2559 Graue
476 2533 561 2568 :plico
573 2533 642 2566 quod
654 2533 727 2559 habet
738 2533 761 2558 0
769 2537 901 2565 utrumque
913 2536 949 2558 ent
1066 2529 1177 2564 [xxxiv]
1195 2530 1234 2555 ecl.
1246 2529 1394 2555 Duemmler
1406 2529 1507 2555 Sedula
1524 2529 1642 2554 carmina
1649 2537 1678 2561 p.
1690 2527 1723 2553 18
1731 2537 1768 2560 eq.

220 2600 254 2627 39
273 2600 364 2629 Suana.
381 2609 402 2628 c.
416 2610 446 2635 p.
463 2601 491 2635 Ι,
508 2601 560 2629 359
578 2601 705 2633 Quatuor
723 2621 729 2627 .
747 2620 754 2626 .
774 2619 780 2626 .
800 2620 806 2626 .
824 2607 881 2626 una
904 2600 933 2625 te
956 2607 1022 2626 voce
1047 2598 1186 2625 canentes.
1315 2596 1426 2631 [xxxin]
1452 2597 1485 2623 16
1503 2595 1654 2623 Karoliden
1671 2595 1719 2628 cfr.
1737 2595 1768 2621 de

121 2650 217 2679 fleme
233 2652 248 2679 l.
262 2660 283 2679 c.
375 2653 408 2679 19
429 2652 527 2679 Ρεαῑηι.
544 2652 588 2684 41,
605 2653 631 2679 2.
757 2651 870 2686 [xxxiv]
895 2651 939 2678 De
959 2650 1001 2677 his
1024 2649 1100 2677 aza-iis
1123 2649 1171 2682 cfr.
1193 2648 1347 2675 Duemmler
1368 2647 1456 2675 Sedul.
1481 2655 1562 2675 ccmn.
1580 2655 1608 2681 p.
1626 2648 1644 2673 2
1661 2654 1713 2680 sq„⁸
1737 2646 1769 2673 de

121 2701 202 2737 Favi
227 2703 333 2731 mne
363 2703 420 2731 vido
439 2706 579 2739 μυιάων-ω
605 2703 720 2738 Niqmm
744 2703 853 2737 reliquie
882 2702 990 2730 Oenidae
1012 2702 1041 2736 Ι,
1070 2702 1113 2733 12,
1146 2700 1178 2729 dc
1203 2700 1302 2727 Marco
1326 2699 1441 2735 quodam
1468 2699 1620 2733 Scottiqem
1652 2699 1768 2733 episcopo

119 2754 455 2785 Ekkohm.IV.oas.S.
477 2756 547 2785 Gau.
566 2755 604 2785 od.
625 2755 875 2792 Meyerp.8adn.
894 2756 935 2782 33.
