2138 3106
296 177 356 206 346
901 174 1068 200 CARMINA
1088 173 1349 200 CENTULENSIA.

612 275 623 291 ,τι
662 262 724 298 Qui
748 271 843 303 reges
867 271 1019 303 proceres
1044 260 1139 299 altos,
1163 259 1303 292 humiles
1326 261 1566 302 monachosque

707 313 736 344 A
762 316 847 344 statu
871 312 1003 354 proprio
1028 315 1157 343 vertere
1180 312 1250 343 vult
1273 311 1389 344 subito.

661 365 746 396 Nam
772 365 891 396 multos
916 364 1021 406 ipsum
1045 363 1194 405 legimus,
1219 364 1340 404 mundi,
1365 364 1524 407 tetigisse,

715 416 780 448 Sed
805 419 909 447 tactos
933 415 1044 458 opifex
1067 415 1196 447 vincere
1220 426 1316 458 posse
1339 415 1439 448 dedit.

664 468 716 499 Ad
741 468 767 499 si
791 478 849 499 nos
873 467 1037 509 quondam
1061 464 1178 508 tetigit,
1202 466 1375 499 redeamus
1399 467 1440 499 ad
1464 468 1564 506 illum,

597 534 621 551 ιο
703 520 742 551 111
768 531 803 552 se
829 519 884 562 qui
908 520 977 551 fisis
1001 519 1058 551 dat
1081 519 1211 550 veniam
1234 519 1370 551 miseris.

705 623 803 656 Haud
829 624 929 656 debet
953 623 1037 655 eollo
1062 623 1192 655 solvere
1216 633 1356 665 namque
1381 622 1503 665 iugum,

662 677 746 713 Quin
772 687 866 718 mage
891 675 988 707 corde
1013 675 1099 707 bono
1123 675 1251 707 stabilis
1274 685 1468 717 semperque
1493 687 1624 708 manere

706 728 847 760 Sedulus
871 728 904 759 in
928 730 1041 759 sancto
1067 727 1266 769 servitioque
1289 737 1358 765 suo,

597 793 620 812 1⁵
659 780 771 812 ‘Cuius
795 790 875 811 onus
899 779 996 811 facile
1023 782 1083 819 est,
1107 779 1199 810 cuius
1223 779 1300 821 iuga
1322 778 1406 810 ferre
1432 789 1532 811 suave
1556 778 1626 819 est’‚

705 832 769 864 Ore
793 834 883 863 tonat
906 831 1017 874 patulo
1046 830 1200 863 Sedulius
1226 831 1337 862 veluti.

663 883 864 922 Plebeieam,
890 883 999 921 miror,
1024 893 1082 914 cur
1103 882 1205 914 mavis
1229 881 1348 914 ducere
1372 882 1481 922 vitam,

705 935 811 972 Quam
834 935 905 966 fieri
929 934 1118 974 monachus,
1143 934 1247 966 dulcis
1270 933 1388 974 adelfo,
1412 934 1528 966 bonus.

664 988 727 1019 Illa
753 987 854 1019 trahit
877 987 1039 1019 hominem
1065 987 1185 1029 Stigias
1210 986 1347 1019 Caronis
1371 986 1411 1018 ad
1434 986 1552 1025 undas:

596 1054 622 1072 20
703 1039 756 1071 Ad
779 1039 953 1071 Benedicti
977 1039 1054 1071 almi
1077 1039 1145 1071 vita
1167 1038 1272 1071 inhiat
1295 1050 1456 1082 superam.

660 1092 821 1124 Demonis
846 1091 911 1123 heu
939 1092 1048 1123 nescis
1072 1093 1194 1133 quanta
1217 1094 1267 1122 est
1291 1090 1437 1123 seductio
1461 1092 1565 1134 pravi:

705 1143 852 1175 Mentem
876 1143 1045 1182 subvertit,
1070 1153 1125 1175 cor
1148 1143 1334 1186 pariterque
1358 1143 1456 1186 rapit;

668 1195 813 1227 Crimina
837 1195 995 1238 pestifera
1018 1194 1209 1237 superaddit
1233 1194 1336 1226 cordis
1359 1194 1392 1226 in
1416 1197 1519 1235 antra,

704 1248 845 1290 Insuper
873 1248 1024 1287 inlicitat‚
1048 1247 1202 1290 quiequid
1225 1250 1259 1279 et
1280 1247 1350 1289 ipse
1373 1247 1471 1279 valet.

596 1314 620 1332 25
659 1300 764 1337 Quam
789 1300 871 1332 felix
894 1300 1030 1338 nimium
1054 1299 1152 1332 fuerit
1174 1310 1234 1342 per
1257 1299 1389 1331 saecula
1412 1302 1514 1339 tensa,

708 1352 870 1394 Effugerit
893 1352 975 1384 haec
999 1352 1053 1394 qui
1076 1351 1274 1394 propitiante
1297 1351 1370 1383 deo.
1387 1370 1426 1374 —

661 1404 713 1436 Ad
738 1405 836 1436 finem
859 1404 977 1446 rogito:
1001 1406 1146 1435 nostrum
1170 1413 1299 1446 quoque
1325 1414 1456 1435 carmen
1480 1404 1626 1446 ineptum

704 1456 843 1498 Perlege
867 1459 967 1498 tuque
993 1455 1068 1494 cito,
1092 1465 1241 1498 quaeque
1265 1458 1388 1495 monet,
1412 1455 1522 1487 facito.

661 1508 753 1540 Tunc
776 1508 899 1550 poteris
923 1507 1089 1548 dominum
1113 1510 1323 1549 nostrumque
1346 1507 1477 1549 placare
1501 1510 1686 1550 patronum,

596 1573 621 1592 (ιο
702 1560 763 1592 Cui
787 1560 916 1602 genitor
939 1559 1081 1601 genitrix
1105 1562 1203 1601 teque
1226 1559 1346 1591 dedere
1371 1559 1428 1591 tui.

670 1612 822 1644 Dextera
846 1622 925 1654 quos
950 1611 1070 1643 Christi
1095 1621 1225 1654 semper
1246 1613 1379 1643 tueatur
1400 1610 1521 1653 ubique

716 1664 766 1696 Ac
791 1664 886 1696 simul
909 1664 1043 1704 exaltet,
1067 1666 1219 1706 protegat
1241 1667 1338 1706 atque
1362 1666 1466 1705 regat.

294 1969 318 1984 a.
340 1961 397 1985 861.
1057 1956 1191 1989 CXXV.

979 2021 1265 2057 EPYTAFIVM.

474 2098 570 2129 Anno
594 2097 776 2129 dominicae
800 2097 1033 2128 incarnationis
1057 2095 1255 2128 DCCCLXI
1279 2096 1360 2127 obiit
1383 2095 1594 2128 Hrothardus
1618 2106 1699 2138 puer
1722 2095 1772 2126 vel

1025 2149 1216 2180 inmaturus.

662 2241 1372 2250 ··············

702 2269 856 2312 Effigiem
881 2270 1019 2313 sumpsit
1043 2270 1145 2313 ipsius
1169 2269 1254 2301 unde
1279 2280 1362 2301 caro.

658 2321 731 2353 Hoc
755 2321 913 2363 relegens,
937 2322 1053 2362 lector,
1077 2322 1204 2362 solium,
1229 2321 1291 2361 die,
1317 2321 1454 2353 scandat
1477 2324 1514 2353 ut
1537 2321 1637 2352 altum

700 2373 744 2405 Et
767 2374 898 2416 requies
924 2374 1111 2416 (s)ibi(met)
1137 2374 1180 2406 sit
1202 2374 1273 2406 sine
1297 2373 1360 2406 fine
1384 2373 1472 2405 inibi.

400 2537 430 2563 ll
450 2539 526 2564 nulla
545 2539 640 2564 lacuna
659 2539 686 2563 in
698 2538 724 2563 B
829 2538 861 2564 15
879 2538 958 2572 *iuga
976 2539 1041 2563 ferre
1060 2547 1091 2563 ex
1110 2536 1181 2570 Sed]
1201 2538 1318 2570 iugalare
1331 2538 1422 2570 priore
1441 2546 1457 2563 a
1475 2546 1506 2563 esc
1523 2546 1589 2563 corr.
1610 2537 1666 2569 (uti)
1679 2537 1704 2562 B
1808 2536 1840 2562 16
1858 2538 1909 2562 Oro
1921 2536 1947 2561 B

294 2591 360 2607 corr.
381 2581 479 2607 Betlmn.
585 2580 616 2606 17
635 2591 671 2606 an
688 2581 853 2607 *l'lebeiam‘ss
956 2580 990 2606 24
1008 2581 1072 2607 uelit
1090 2590 1157 2606 corr.
1176 2580 1201 2606 B
1304 2579 1337 2606 27
1356 2579 1408 2613 Ad]
1427 2581 1443 2605 d
1461 2589 1491 2606 ex
1509 2590 1575 2606 corr.
1594 2581 1618 2606 B

400 2623 520 2658 [CXXV]
545 2623 640 2654 hrothd
662 2625 688 2650 B
758 2625 831 2658 puer}
850 2625 875 2650 B
898 2625 1022 2658 puerulus
1044 2624 1113 2657 qaod
1133 2628 1214 2657 potest
1237 2633 1290 2650 cese
1306 2632 1394 2651 uerum
1414 2623 1510 2649 Batiam.
1634 2623 1647 2649 l
1667 2625 1743 2650 nulla
1762 2624 1858 2649 lacuna
1876 2623 1903 2648 in
1920 2623 1945 2648 B

294 2667 310 2692 4
329 2667 380 2693 *ibi
400 2667 424 2692 B

1539 2717 1556 2726 l

401 2760 544 2795 [CXXIV]
566 2762 598 2788 15
616 2761 702 2788 Sedul.
721 2770 741 2788 c.
756 2770 785 2795 p.
805 2762 828 2795 I,
842 2763 894 2789 290
911 2761 994 2789 Cuius
1013 2770 1082 2788 onus
1100 2761 1160 2788 leve
1180 2761 1233 2792 est,
1261 2759 1338 2787 ouius
1361 2759 1428 2795 iuga
1446 2760 1516 2787 ferre
1539 2769 1623 2788 suave
1641 2761 1696 2787 est:
1722 2759 1752 2786 v'n
1769 2768 1822 2794 quo
1839 2759 1944 2786 hiatum

294 2813 410 2839 sustulit.
516 2814 549 2840 25
567 2813 617 2846 cfr.
636 2821 656 2839 c.
675 2813 805 2846 LXXII,
822 2815 860 2840 15.
966 2816 1000 2841 28
1018 2814 1068 2847 cfr.
1088 2822 1110 2840 c.
1129 2812 1287 2846 LXXXV,
1299 2813 1323 2839 2.
1428 2814 1462 2840 25
1479 2813 1528 2846 cfr.
1548 2812 1670 2839 LXXX
1677 2812 1707 2846 V,
1721 2812 1759 2838 17.
