2138 3106
301 146 362 176 342

600 345 624 363 15

599 602 626 622 ‘20

601 862 625 881 25

900 141 1068 168 CARMINA
1087 140 1348 168 CENTULENSIA.

667 228 719 270 (In
743 238 805 270 quo
829 230 918 259 certa
942 231 1051 259 manet
1074 227 1167 259 nobis
1192 238 1268 270 spes
1291 227 1475 270 fiduciaque

665 281 749 312 Prae
774 280 898 311 eunctis
923 279 1125 319 mortalibus,
1149 279 1230 311 haec
1254 280 1307 321 qui
1332 280 1462 312 nomina
1484 284 1624 322 gestant.

662 331 725 367 Qui
750 332 878 374 populis
903 331 1002 363 etiam
1025 331 1102 363 fidei
1125 331 1178 373 pia
1202 331 1326 363 semina
1350 331 1532 373 spargunt),

664 383 851 425 Explanare
877 393 960 425 queo
984 383 1126 422 minime,
1151 382 1298 414 iubilatio
1324 383 1430 415 cordis

665 434 794 470 Quanta
817 434 902 466 foret
924 435 1038 473 nostri,
1063 445 1124 466 ceu
1147 434 1290 468 mestitia
1313 445 1441 477 quoque
1466 446 1550 467 nunc
1575 438 1653 467 stat:

666 485 771 518 Corde
795 487 908 528 loquor
932 486 1022 525 sudo,
1049 486 1215 518 dominum
1237 490 1404 529 testorque
1427 490 1604 529 potentem,

666 538 785 570 Omnia
808 538 861 580 qui
886 541 1023 580 spectat,
1048 538 1199 580 quicquid
1225 538 1285 570 sub
1309 540 1452 581 eorporis
1476 539 1591 571 umbra

663 590 832 622 Versatur.
880 589 1031 629 Demum,
1057 590 1165 622 valeat
1190 591 1361 632 vigeatque
1386 602 1444 633 per
1467 602 1583 623 aevum

666 642 718 673 Ad
741 642 842 674 decus
868 642 1040 680 ecclesiae,
1064 644 1260 681 nostrorum,
1284 641 1411 684 dicque,
1435 643 1583 676 salutem,

665 694 807 730 Fistula;
831 696 899 725 tum
923 693 1063 735 geminis
1087 693 1226 736 pedibus
1250 697 1286 726 tu
1309 694 1403 726 basia
1426 694 1499 737 fige.

667 745 822 787 Corporis
847 755 890 777 ex
914 745 1006 776 cuius
1030 744 1210 776 valitudine
1234 744 1372 777 reddere
1397 749 1521 778 certum

666 797 720 829 Me
745 797 889 837 studeas,
913 796 954 828 de
978 807 1042 838 qua
1065 800 1238 839 suspectus
1262 808 1391 829 marceo
1416 808 1566 840 prorsus:

663 849 784 891 Ipsum,
809 859 884 880 nam
908 852 1018 881 metuo
1043 859 1182 891 semper,
1207 860 1293 881 mors
1321 852 1356 881 ut
1378 849 1554 882 furibunda

666 901 809 933 Tensum
832 901 937 933 obiter
960 901 1023 933 cito
1048 901 1216 943 subripiat,
1240 901 1323 944 quod
1349 912 1448 944 saepe
1471 902 1669 944 frequentat.

1067 1116 1190 1148 CXIII.

666 1177 844 1209 Confirmat
867 1177 1008 1208 hominis
1033 1187 1149 1219 corpus
1173 1177 1255 1209 haec
1278 1178 1418 1210 formula
1440 1179 1544 1221 panis,

708 1229 808 1260 Artos
833 1228 891 1260 sed
914 1228 1008 1260 vivus
1033 1231 1099 1260 stat
1122 1228 1317 1271 animaeque
1342 1229 1457 1271 cybus:

663 1281 757 1312 Unus
783 1281 869 1313 enim
893 1280 1000 1323 pascit
1022 1281 1172 1312 mortalia
1196 1291 1333 1323 corpora
1356 1284 1492 1319 tantum,

707 1333 803 1365 Alter
825 1332 882 1364 alit
905 1335 1021 1364 ventos
1045 1333 1193 1374 gratifice
1218 1333 1337 1364 varios.

614 1398 625 1415 s
664 1385 779 1417 Gratia
802 1384 860 1416 sed
884 1383 1005 1416 Christi
1031 1385 1157 1416 eunetis
1181 1385 1355 1417 referenda
1378 1386 1410 1417 in
1433 1386 1592 1428 utrisque,

708 1436 802 1468 Talia
825 1436 879 1479 qui
902 1436 1004 1468 servis
1029 1436 1114 1468 dona
1136 1437 1204 1468 suis
1227 1436 1354 1469 tribuit.

1069 1668 1190 1701 CXIV.

844 1732 893 1769 IN
920 1731 1124 1777 QVADAM
1152 1731 1256 1768 MAN
1257 1732 1406 1769 SIONE.

666 1808 761 1840 Haec
784 1818 865 1850 opus
888 1808 930 1840 ad
953 1808 1089 1840 fratrum
1112 1806 1249 1839 fundata
1272 1807 1467 1839 domuncula
1490 1811 1628 1846 constat,

669 1860 808 1902 Spiritus
833 1863 1000 1892 extremos
1025 1860 1157 1892 valeant
1180 1870 1245 1902 qua
1268 1853 1405 1891 reddere
1430 1858 1567 1892 Christo.

666 1912 815 1954 Angelus
838 1912 968 1944 illorum
992 1911 1049 1944 sed
1074 1914 1185 1944 custos
1209 1914 1303 1943 nocte
1327 1911 1445 1954 dieque

666 1964 801 1996 Gabriel
825 1967 903 2004 esto,
927 1967 1043 2006 petant
1065 1964 1171 1996 donec
1194 1964 1351 1995 caelestia
1375 1974 1487 2006 regna,

665 2015 735 2052 Quo
759 2015 906 2047 resident
929 2016 1111 2047 animarum
1134 2025 1300 2047 messores
1325 2015 1467 2058 clypeati

666 2067 832 2099 Demonas
856 2067 1026 2107 adversus,
1051 2066 1183 2099 obstant
1206 2067 1260 2109 qui
1284 2067 1410 2110 plasma
1433 2067 1585 2099 tonantis.

1078 2283 1179 2316 CXV.

953 2346 1107 2383 SVPER
1132 2346 1298 2383 LECTO.

663 2421 728 2453 Hic
752 2422 913 2454 recubans
938 2422 1061 2464 iugiter
1084 2431 1174 2463 spem
1197 2420 1310 2453 tendat
1333 2420 1374 2452 ad
1397 2420 1530 2452 aethera
1547 2420 1667 2452 Christi

707 2474 750 2506 Et
773 2477 906 2514 reseret,
931 2474 1045 2506 clausa
1067 2483 1215 2516 quaeque
1239 2473 1344 2504 latent
1366 2473 1487 2509 animo,

662 2526 734 2563 Quo
759 2527 852 2558 viciis
875 2526 985 2559 valeat
1008 2529 1116 2557 tersus
1139 2525 1280 2557 transire
1305 2535 1447 2568 superna

707 2579 756 2611 Ae
781 2579 844 2611 sibi
866 2578 1063 2621 promissum
1087 2577 1253 2620 suscipere
1277 2577 1435 2609 bravium.

402 2741 436 2767 23
453 2742 562 2775 certum]
583 2751 625 2768 cer
643 2743 668 2767 in
688 2743 703 2767 I.
723 2752 746 2768 r.
765 2743 791 2767 B
893 2741 928 2767 25
945 2750 981 2774 sq.
1000 2750 1035 2766 tm
1053 2741 1121 2775 *Ipsi
1139 2761 1144 2766 .
1159 2761 1164 2766 .
1178 2761 1184 2766 .
1203 2741 1334 2768 Pensum?

402 2784 498 2818 [cxv.]
517 2779 605 2811 LEcff*
623 2786 648 2810 B
