2040 2996
196 106 258 135 242
593 100 919 127 BIBLIOTHECARUM
938 100 985 127 ΕΤ
1006 99 1289 126 PSAL'I'ERIORUM
1310 98 1456 126 VERSUS.

169 222 170 225 Ἰ
198 189 306 219 (lescle.
338 189 368 220 d.
396 189 542 220 Dcutscle.
567 188 704 219 Illalerei
732 188 837 219 Bcrol.
867 190 947 218 1880
971 199 1006 227 p.
1030 189 1072 218 35)
1100 189 1142 217 40
1171 187 1244 218 adn
1274 186 1428 217 Frimmel
1457 186 1507 217 die
1533 184 1732 225 Apokalypse
1766 184 1787 215 i.
1817 183 1847 215 d.

195 241 369 272 Bildcrless.
394 241 423 271 d.
448 240 492 270 M
495 240 534 270 A.
565 240 693 271 Vindob.
718 240 801 270 1885
826 250 861 279 p.
885 242 926 270 53
953 240 1026 270 adn.
1050 240 1095 276 4),
1126 238 1183 277 qui
1211 249 1288 277 quos
1310 237 1444 269 Alcuini
1470 237 1606 268 continet
1632 247 1741 267 versus
1761 236 1850 275 apud

195 293 431 324 Dacmmlerum
453 292 598 331 lcquntur
614 293 697 330 poet.
722 291 833 322 Karol.
858 292 885 322 I.
903 302 938 330 p.
958 292 1038 322 284:
1062 293 1109 320 IV
1128 294 1147 319 Ι
1152 294 1187 320 Va
1204 301 1238 329 p.
1259 292 1341 321 283.-
1363 289 1468 321 LXV
1482 293 1500 319 1
1517 300 1552 328 p.
1571 289 1652 321 285:
1674 292 1707 318 Ιῑι
1729 287 1786 319 vol.
1810 287 1854 318 II

188 356 223 384 p.
249 346 312 375 (592
333 343 507 383 reliquique
539 343 572 374 in
594 343 695 374 musei
717 343 905 374 Britannici
927 342 1056 382 cataloq.
1081 342 1125 373 II
1142 341 1280 373 Londin.
1306 343 1389 372 1884
1408 352 1444 381 p.
1467 343 1488 372 3
1510 351 1592 380 sqq.‚·
1621 340 1675 371 sed
1697 339 1849 370 Parisino

195 396 294 427 codici
318 398 414 435 pocta
436 395 568 435 quidam
596 405 689 426 novos
708 405 771 434 pro
798 388 957 426 occasione
986 395 1147 425 inmutata
1169 403 1277 424 versus
1299 393 1436 424 addidit.
1479 392 1548 424 Hos
1569 392 1610 433 (I
1633 391 1684 424 VI
1702 391 1739 422 X
1761 391 1849 432 XII)

195 448 293 478 edidit
316 446 476 478 Balneius
503 446 673 485 capitular.
703 456 809 486 ‘requm
832 445 988 477 Francor.
1012 446 1056 476 II
1073 445 1171 476 Paris
1194 446 1287 483 1667,
1315 444 1451 484 reliquos
1480 444 1622 483 interque
1645 454 1694 474 eos
1716 441 1850 473 Aleuini

195 499 315 530 Barbet
345 499 382 529 de
398 499 486 538 'Iouy
510 498 529 529 l.
552 509 577 529 c.
601 508 637 537 p.
660 499 702 529 21
724 508 787 537 sqq.
816 500 845 528 et
868 497 1044 536 Leopoldus
1067 496 1185 528 Delisle
1212 495 1231 527 l.
1253 507 1294 534 c.,
1325 506 1430 527 omncs
1452 495 1590 527 conlatos
1611 494 1789 534 accepimus
1810 493 1850 524 ab

196 551 340 590 Anqusto
356 549 518 581 DIolinier.
544 549 728 589 Scripturae
744 550 897 589 imaqines
913 550 1046 589 optimae
1061 549 1150 588 apud
1165 547 1283 579 Delisle
1303 547 1365 579 tab.
1384 547 1462 586 XX,
1480 547 1630 587 picturae
1645 546 1851 586 plenissimae

195 602 284 641 apud
306 602 452 632 Rastard
480 602 573 633 cuius
600 601 775 633 collectione
803 602 854 633 liic
882 612 1025 633 caremus
1054 601 1126 641 (cfr.
1151 599 1304 632 Frimmel
1326 599 1345 630 l.
1367 611 1392 631 c.
1415 610 1452 639 p.
1476 600 1518 630 53
1545 599 1619 630 adn.
1639 600 1657 629 1
1679 600 1709 629 et
1730 597 1851 630 Barbet

196 654 232 684 de
255 654 336 694 Iouy
363 653 382 684 l.
406 654 456 694 c.).

299 706 360 737 IV.
391 706 486 737 codesc
516 709 562 737 est
595 695 829 746 euanqel‘iorum
852 705 1058 737 Monacensis
1082 706 1186 734 14000
1217 704 1274 744 qui
1306 706 1437 743 propter
1469 702 1635 743 splendida
1667 703 1852 733 ornamenta

195 758 284 798 ralqo
307 768 426 789 aureus
449 760 665 797 nuncupatur,
689 758 828 796 scriptus
849 757 890 797 (o.
908 756 966 788 IV
984 759 1035 786 XI
1054 758 1071 786 1
1087 757 1167 795 sqq.)
1190 766 1275 786 anno
1290 757 1354 786 870
1375 766 1396 786 (ι
1411 754 1604 795 Berinqario
1625 756 1654 785 et
1673 753 1852 784 Liuthardo

195 810 418 841 sacerdotibus.
467 810 530 850 Qui
563 820 644 849 quas
676 809 826 849 fortunae
859 809 940 840 vices
972 809 1118 840 subiisset
1152 819 1190 839 ea:
1222 818 1283 847 quo
1313 818 1329 838 c
1358 807 1391 839 S.
1415 806 1553 846 Dionysi
1579 816 1680 846 prope
1707 804 1854 836 Parisios

196 862 384 893 monasterio
422 862 478 893 ubi
511 862 698 892 adsereatus
732 863 800 892 erat
835 860 1044 892 Ratisbonam
1070 862 1254 899 asportatus
1286 861 1332 890 est
1358 858 1534 898 eapositum
1570 860 1616 889 est
1645 857 1734 897 apud
1767 856 1853 888 Cole-

196 924 349 945 mannum
373 913 480 952 Sanftl
511 913 544 943 in
567 913 796 944 ‘dissertatione
818 913 854 943 ‘in
875 923 1010 943 aureum
1032 923 1071 943 ae
1091 914 1306 951 pervetustum
1325 922 1366 942 ss.
1390 910 1618 950 evangeliorum
1640 909 1774 940 codicem
1796 918 1853 939 ms.

196 965 380 996 momcsterii
416 976 441 996 s.
471 965 679 996 Emmerami'
714 964 908 995 Ratisbonae
937 964 1037 1002 1780,
1075 963 1268 994 Ratisbonae
1302 962 1453 1003 quomodo
1487 962 1620 993 Henrici
1647 961 1694 992 II.
1732 959 1856 992 missali

197 1016 332 1055 eoecneplo
355 1016 524 1047 coestitissct
545 1026 649 1055 nuper
670 1015 778 1055 fusius
800 1015 894 1046 Riehl
917 1015 1141 1046 demonstravit
1161 1025 1221 1046 eur
1242 1014 1344 1055 Bayr.
1367 1013 1574 1054 Kunstqcsch.
1598 1013 1626 1044 I.
1649 1011 1754 1044 Berol.
1771 1011 1855 1043 1885

193 1080 225 1108 p.
252 1070 292 1099 13
314 1079 388 1107 sqq..
434 1067 665 1099 Aleuinianam
687 1068 896 1098 recensionem
924 1078 995 1098 eum
1023 1078 1144 1106 quoque
1173 1067 1263 1106 sequi
1290 1067 1355 1097 iam
1387 1066 1461 1097 imle
1489 1067 1622 1105 apparet
1643 1064 1728 1104 quod
1748 1074 1856 1095 versus

197 1119 343 1151 nonnulli
376 1120 432 1159 qui
463 1120 498 1150 in
527 1118 662 1150 Alcuini
688 1118 824 1157 evemplo
850 1129 936 1150 nunc
966 1118 1124 1157 deperdito
1155 1118 1321 1149 exstabant
1348 1118 1392 1149 ad
1417 1118 1542 1149 verbum
1568 1117 1634 1156 fere
1660 1117 1856 1158 repetuntur,

199 1172 349 1211 imaqincs
379 1182 499 1211 quoque
522 1170 738 1201 Alcuinianae
763 1169 835 1209 (cfr.
860 1169 1059 1200 Ianitschcch
1082 1169 1303 1209 Strassburqer
1323 1169 1491 1209 Festqruss
1507 1180 1542 1208 p.
1565 1169 1607 1200 25
1630 1166 1785 1199 Frimmel
1805 1166 1856 1198 die

198 1223 395 1263 Apohalyspse
412 1234 446 1262 p.
475 1223 531 1260 55)
554 1222 778 1261 exprimuntur
810 1222 868 1252 etsi
883 1221 986 1261 paulo
1014 1232 1103 1253 secus
1125 1221 1312 1260 dispositae:
1340 1220 1437 1252 veluti
1463 1231 1545 1260 quae
1574 1221 1610 1251 in
1636 1220 1739 1251 codice
1760 1229 1857 1250 aureo

196 1276 220 1315 f.
243 1278 275 1306 θ’
301 1275 425 1306 videtur
447 1273 586 1305 Alcuino
614 1274 647 1304 in
677 1274 784 1305 fronte
814 1273 935 1305 codicis
965 1275 1042 1310 erat..
1088 1273 1194 1312 Atque
1223 1283 1284 1313 quo
1307 1273 1504 1304 adulationis
1526 1272 1647 1304 Karolo
1673 1271 1766 1303 Calvo
1788 1279 1857 1310 reqe

198 1327 342 1358 mancia
348 1326 552 1366 processisset
567 1326 641 1356 inde
656 1335 677 1356 a
690 1325 807 1356 Karoli
818 1324 936 1365 Maqni
949 1325 1105 1365 qravitate
1120 1325 1224 1356 satius
1230 1325 1472 1364 perspiceretur,
1487 1324 1517 1355 si
1531 1324 1588 1364 qui
1597 1323 1720 1355 saeculo
1732 1322 1796 1354 IX.
1809 1332 1856 1353 ecc.

198 1379 373 1410 Aleuinum
393 1378 545 1417 excerpsit
560 1377 633 1417 (cfr.
651 1376 761 1409 Siclcel.
779 1377 987 1417 Se'teunqsber.
1003 1377 1032 1408 d.
1055 1377 1155 1409 Wien.
1172 1377 1233 1408 Alc.
1251 1376 1415 1414 LXXIX,
1433 1376 1511 1415 512)
1527 1375 1629 1415 plura
1644 1373 1858 1406 transtulisset

198 1443 236 1462 mc
259 1430 362 1462 bibliis
393 1430 425 1461 in
455 1430 589 1461 codicem
611 1429 801 1460 Parisinum
830 1430 924 1460 5577.
974 1428 1039 1468 Cfir.
1068 1428 1264 1460 Duemmleri
1279 1431 1362 1468 poet.
1391 1427 1504 1460 Karol.
1529 1428 1553 1459 I
1563 1438 1599 1467 p.
1622 1427 1688 1458 292
1714 1436 1775 1466 sq..·
1803 1426 1859 1458 ubi

199 1486 303 1514 tamen
335 1485 480 1522 exempta
504 1482 659 1512 Parisina
679 1484 854 1521 praeeunte
877 1481 1020 1512 Frobeno
1048 1481 1188 1512 versibus
1216 1492 1254 1511 ea:
1280 1481 1349 1520 ipso
1379 1480 1482 1511 codice
1509 1490 1606 1510 aureo
1626 1478 1738 1518 petitis
1761 1477 1858 1509 inter-

193 1535 357 1575 polantur.
383 1553 423 1558 —
447 1535 490 1565 In
511 1534 614 1565 codice
629 1533 819 1565 Monacensi
841 1533 897 1573 qui
913 1533 1061 1573 lequntur
1076 1543 1184 1564 versus
1203 1533 1269 1563 ium
1279 1532 1408 1571 pridem
1422 1531 1499 1563 editi
1513 1533 1606 1563 erant
1628 1541 1650 1561 a
1670 1529 1858 1562 Colomawno

200 1586 307 1626 Sanf'tl
323 1586 341 1617 l.
358 1598 394 1617 e..
437 1585 564 1617 Contuli
587 1596 638 1625 eqo
661 1596 732 1616 cum
748 1584 893 1624 exemplo,
916 1595 980 1615 non
1002 1584 1070 1616 sine
1093 1584 1197 1615 labore
1211 1583 1333 1615 volvens
1347 1586 1522 1615 monstrum
1534 1582 1612 1622 plus
1626 1592 1723 1622 quam
1737 1581 1858 1627 sesqui-

192 1638 306 1679 pedale
329 1649 427 1678 neque
450 1640 555 1669 tamen
576 1637 645 1668 sine
663 1636 790 1678 fructu.
808 1637 1006 1668 Litterarum
1021 1636 1142 1676 formae
1157 1638 1436 1676 repraesentantur
1450 1645 1471 1665 a
1487 1634 1642 1675 Sanftelio
1657 1637 1687 1666 et
1702 1633 1856 1666 Silvestre.

311 1690 344 1722 V.
368 1689 469 1720 altera
493 1688 610 1720 Karoli
636 1688 727 1720 Calvi
751 1688 848 1720 biblia
870 1689 965 1719 codesc
987 1687 1061 1719 olim
1085 1687 1116 1719 S.
1141 1687 1279 1728 Dionysi
1304 1698 1390 1719 nunc
1412 1687 1554 1718 Parisiis
1581 1687 1617 1718 in
1639 1686 1708 1718 bibl.
1736 1688 1803 1717 nat.
1826 1687 1857 1724 2,

200 1747 230 1773 ‘a
255 1741 405 1773 Parisino
430 1741 457 1771 1⁷
482 1742 597 1781 (supra
613 1751 648 1779 p.
672 1742 752 1781 241)
783 1743 900 1780 ‘qenere
934 1742 963 1770 et
997 1739 1174 1771 initialium
1208 1741 1236 1770 et
1269 1739 1448 1778 scripturae
1477 1737 1680 1778 aliquantum
1709 1738 1859 1769 diversus’

200 1794 254 1834 (P.
275 1793 406 1825 Corssen
433 1803 478 1832 ep.
506 1792 550 1822 ad
575 1791 682 1823 Galat.
706 1802 742 1832 p.
760 1794 830 1830 10),
858 1792 946 1823 intra
969 1793 1033 1823 871
1055 1794 1084 1823 et
1106 1791 1190 1823 873ι
1213 1790 1404 1831 conpositus.
1452 1790 1518 1830 Cfr.
1541 1790 1661 1822 Delisle
1687 1789 1715 1821 le
1737 1789 1860 1821 cabinet

200 1847 267 1884 ΙΙΙ,
290 1846 354 1877 259
377 1845 439 1875 tab.
459 1843 630 1881 XXVIII,
651 1845 670 1874 1
693 1846 722 1874 et
737 1846 821 1883 poet.
845 1843 957 1875 Karol.
981 1843 1009 1881 I,
1033 1843 1120 1882 440).
1160 1842 1295 1875 Carmen
1316 1845 1362 1874 est
1382 1842 1407 1883 f.
1425 1843 1525 1873 1¹—3
1547 1842 1631 1882 quod
1652 1852 1724 1873 cum
1739 1841 1860 1873 Baluei

201 1898 336 1929 editione
358 1895 489 1935 capitul.
512 1906 573 1936 req.
597 1896 753 1927 Francor.
778 1896 825 1934 II,
848 1896 933 1927 1566
954 1906 1019 1936 sqq.
1043 1895 1197 1927 Molinier
1219 1895 1298 1926 mihi
1319 1894 1460 1926 contulit.

311 1948 368 1980 VI.
391 1948 524 1987 denique
546 1958 617 1979 cum
639 1947 757 1979 Karoli
784 1947 875 1980 Calvi
897 1947 988 1979 libris
1010 1950 1083 1987 apte
1106 1948 1310 1988 eoniunqitur
1332 1946 1514 1978 bibliotheca
1538 1945 1686 1977 Romam-
1711 1945 1748 1976 in
1769 1955 1860 1977 sacro

202 2001 233 2034 S.
258 1999 357 2032 Pauli
383 2000 500 2031 scrinio
526 1999 607 2038 foris
633 1999 799 2030 custodita.
846 1998 896 2030 De
922 2009 986 2039 qua
1010 2010 1081 2030 cum
1103 1999 1186 2030 artis
1205 1998 1476 2038 palaeoqraphiae
1497 1997 1648 2029 historiae
1669 1997 1860 2036 scriptorum

202 2053 364 2092 opiniones
378 2051 554 2091 lonqissime
574 2051 657 2082 inter
677 2061 710 2082 se
725 2051 889 2082 discedant
911 2050 984 2091 (cfr.
1002 2050 1180 2082 Blanchini
1199 2049 1451 2090 euanqeliarium
1466 2048 1666 2089 quadruplex
1687 2049 1732 2079 II
1741 2048 1861 2080 Romae

203 2105 286 2135 1749
313 2114 346 2143 p.
371 2102 535 2135 DXOIH
560 2105 589 2134 et
616 2102 806 2134 Duemmler.
837 2103 879 2134 N.
903 2103 944 2135 A.
972 2102 1034 2141 IV,
1065 2103 1142 2143 536)
1173 2102 1258 2134 doleo
1288 2102 1430 2142 equidem
1461 2101 1546 2141 quod
1574 2101 1641 2141 ipse
1669 2100 1861 2140 inspiciendi

202 2156 393 2188 occasionem
413 2154 634 2195 praetermisi:
667 2165 743 2186 nam
764 2165 872 2186 versus
893 2155 977 2195 quod
997 2155 1099 2186 denuo
1121 2165 1192 2186 cum
1207 2153 1410 2194 Marqherini
1431 2153 1566 2185 editione
1586 2163 1683 2193 quam
1701 2153 1862 2184 continent

204 2207 434 2247 ‘inscriptiones
456 2207 608 2246 antiquae
631 2206 780 2238 basilicae
802 2207 833 2239 S.
851 2206 952 2238 Pauli
974 2206 1018 2238 ad
1038 2207 1123 2238 viam
1143 2205 1323 2238 Ostiensem’
1347 2205 1466 2237 Romae
1488 2205 1573 2236 1654
1592 2215 1628 2244 p.
1645 2204 1780 2236 XXIII
1795 2215 1859 2244 sqq.

203 2260 320 2292 conlati
348 2261 438 2297 sunt,
472 2259 508 2290 id
530 2258 675 2299 Auqusto
703 2259 789 2290 Mau
821 2259 956 2291 debetur.
1007 2258 1086 2291 Oum
1109 2258 1234 2290 Perteio
1268 2261 1373 2289 tamen
1403 2257 1588 2288 crediderim
1610 2255 1770 2288 Karolum
1791 2256 1860 2288 III.

203 2323 267 2343 csse
289 2322 350 2351 quo
371 2313 499 2342 auctore
521 2311 616 2342 codex
637 2310 776 2350 scriptus
800 2313 845 2342 est
867 2311 888 2342 i.
912 2322 936 2342 e.
966 2311 1054 2342 intra
1076 2311 1140 2341 880
1162 2313 1191 2341 et
1210 2311 1273 2347 88,·
1294 2319 1370 2341 nam
1393 2309 1430 2340 de
1453 2307 1574 2340 Karolo
1593 2308 1715 2348 Maqno
1729 2310 1863 2348 propter

203 2363 380 2402 scripturae
407 2373 506 2402 qenus
534 2362 571 2393 de
593 2362 814 2394 Karlomanno
837 2365 971 2402 propter
996 2372 1109 2394 nomen
1137 2362 1174 2393 de
1198 2360 1324 2393 Karolo
1352 2359 1446 2392 Calvo
1469 2362 1601 2400 prqpter
1627 2359 1862 2391 coniunctivum

204 2415 237 2453 Ι,
263 2417 303 2445 14
330 2414 463 2454 eoqitari
489 2414 599 2454 nequit
627 2413 684 2453 cfr.
709 2413 839 2447 Archiv.
863 2413 894 2445 V
910 2414 1007 2452 457;2
1037 2412 1213 2444 similitudo
1235 2415 1342 2444 autem
1365 2414 1469 2444 textus
1490 2411 1669 2451 scripturae
1692 2410 1795 2450 (epist.
1818 2410 1864 2442 ad

311 2510 335 2541 1)
355 2508 413 2534 Hos
431 2508 598 2541 anqustiores
615 2509 682 2541 fines
699 2508 838 2535 constitui.-
856 2515 946 2541 nernpe
963 2515 1037 2534 amno
1057 2510 1106 2534 873
1123 2514 1175 2540 quo
1192 2514 1266 2532 armo
1279 2506 1486 2532 Karlomannns
1498 2505 1598 2532 Karoli
1614 2505 1692 2532 iussu
1710 2507 1862 2532 occaecatus

205 2564 240 2588 cst
257 2561 423 2594 (Duemmler
437 2560 524 2586 Gesch.
539 2560 565 2587 d.
577 2560 656 2593 Ostsr.
669 2561 704 2587 R.
717 2561 740 2594 Ι,
755 2562 810 2594 796)
828 2559 936 2587 madum
947 2559 1089 2593 quisquam
1101 2559 1200 2585 Karoli
1212 2558 1371 2585 clementiam
1385 2557 1542 2592 fflaedicare
1554 2559 1648 2591 potest.
1735 2557 1762 2590 2)
1775 2555 1863 2583 Haud

204 2612 256 2638 scio
273 2621 312 2638 an
330 2612 391 2638 haec
409 2612 473 2638 dum
492 2612 570 2638 Pertz
588 2615 610 2638 et
630 2612 766 2639 Schnaase
785 2612 876 2638 Gesch.
895 2611 919 2638 d.
938 2611 997 2638 hild.
1017 2611 1135 2638 Kuenste
1155 2613 1165 2628 ²
1182 2611 1248 2644 III,
1266 2614 1318 2637 640
1335 2610 1400 2636 adn.
1416 2613 1432 2636 2
1454 2610 1519 2636 mihi
1535 2610 1672 2643 inponunt
1689 2607 1864 2642 confidentius

202 2663 440 2697 pronuntiarem-im.
476 2663 550 2689 Nam
567 2663 638 2696 quod
656 2663 791 2690 Sehnaase
815 2663 848 2689 de
865 2663 980 2697 imagine
997 2662 1130 2696 imperiali
1147 2664 1279 2689 stemmate
1297 2665 1399 2696 compta
1417 2661 1542 2695 adfirmat
1561 2663 1646 2695 potest
1662 2668 1766 2693 mare;
1792 2659 1863 2694 quod

206 2718 296 2741 autem
317 2723 364 2741 ret
387 2715 467 2741 orbus
491 2715 591 2742 dicitur
614 2718 709 2743 contra
735 2715 831 2744 suadet
854 2718 884 2742 ut
905 2715 937 2743 de
955 2715 1059 2743 Karolo
1079 2714 1158 2742 Calvo
1175 2714 1312 2751 coyitemus
1335 2714 1386 2750 cfr.
1405 2714 1558 2740 Duemmler
1577 2712 1666 2742 (ἴσαῆ.
1689 2712 1714 2739 d.
1733 2712 1806 2748 ostfr.
1826 2711 1862 2740 R.

206 2768 227 2795 Ι
243 2771 292 2794 589
309 2776 346 2802 sq.
365 2770 388 2793 et
409 2771 463 2796 758.
