2060 3074
443 850 483 870 ³10

445 1111 483 1132 ³15

733 175 823 202 VITA
841 175 866 203 S.
878 175 1032 204 AMANDI.
1063 176 1171 203 LIBER
1188 177 1237 204 IV.

525 259 565 291 In
588 260 702 293 frontis
723 262 834 294 medio
857 263 989 304 gemina
1011 263 1095 295 inter
1117 266 1266 306 tempora
1289 265 1418 307 sculpit:

525 311 603 344 Mox
626 324 755 356 quoque
779 315 968 357 conspicuus
993 314 1119 346 delatus
1143 316 1278 348 caelitus
1299 317 1383 358 ignis

526 363 697 407 Splenduit
719 368 753 397 et
775 366 904 398 clausae
927 369 1063 409 patuere
1085 367 1119 399 in
1141 367 1245 400 fronte
1269 368 1443 402 fenestrae.

526 416 581 448 Sic
603 417 789 449 veneranda
810 422 924 450 manus
946 418 1039 450 iubar
1060 419 1157 451 infert
1180 423 1278 462 atque
1300 421 1454 463 relinquit

524 467 600 500 Nox
623 469 733 500 oculos
755 470 897 512 exulque
921 469 990 502 dies
1012 470 1172 502 illuminat
1196 471 1291 503 orbes

525 518 575 551 Ac
597 519 712 551 mediis
734 521 878 553 tenebris
900 531 1017 553 aurora
1039 523 1227 565 crepuscula
1250 523 1401 556 fundens:

524 570 661 603 Miratur
681 571 789 604 radios
811 572 900 604 frons
921 573 1079 605 illustrata
1101 584 1243 606 serenos.

527 622 633 659 Quam
655 626 766 656 tamen
787 624 975 657 instructam
997 628 1126 657 veteres
1151 629 1359 659 contemnere
1383 628 1503 670 culpas,

525 673 634 707 Noxia
655 676 726 718 quis
748 676 875 719 pridem
898 680 1069 709 creverunt
1091 678 1226 710 vulnera
1247 679 1281 721 in
1303 679 1369 719 illa,

525 725 725 760 Incolumem
747 728 895 771 linquens
916 729 1058 771 reliquos
1080 730 1204 762 visin-us
1227 731 1348 762 amicos

525 778 656 811 Dimisit
678 783 816 821 sanctus,
839 781 920 813 tanti
942 781 1077 824 largitor
1097 781 1238 814 honoris.

568 839 628 871 IX.
650 839 814 872 Historiae
836 840 1008 873 manifesta
1030 840 1122 882 fides,
1145 841 1204 874 sed
1225 842 1378 885 mysticus
1399 844 1446 875 illi

525 891 715 923 Intellectus
735 892 822 924 inest
843 892 931 925 silvis
952 893 1119 925 umbratus
1142 894 1261 936 opacis,

525 941 631 979 Quem
654 943 823 986 temptabo
845 944 982 987 loquens
1004 945 1122 977 festino
1145 955 1290 988 pangere
1313 957 1420 987 versu,

526 994 572 1027 Ut
594 1005 748 1027 resonans
771 996 903 1038 antiqua
923 1006 1008 1028 novo
1031 997 1214 1040 simphonia
1237 998 1315 1030 flatu

525 1047 667 1090 Impleat
689 1050 820 1080 arentes
842 1058 961 1091 supero
985 1049 1160 1092 spiramine
1182 1059 1306 1082 versus.

526 1098 635 1131 Arbor
656 1100 762 1142 prisca
784 1099 854 1140 fuit,
878 1110 942 1143 qua
965 1101 1066 1132 vitam
1087 1100 1230 1144 perdidit
1253 1101 1334 1140 Eva,

526 1150 654 1183 Nomen
676 1151 800 1184 habens
822 1152 920 1192 vitae,
944 1153 971 1184 si
994 1153 1097 1196 culpis
1120 1153 1338 1186 abstinuisset.

526 1203 592 1235 Pro
615 1203 720 1236 dolor!
745 1205 884 1247 anguino
906 1205 1039 1238 nimium
1063 1205 1202 1249 decepta
1225 1217 1322 1239 suasu

527 1255 567 1288 In
589 1256 711 1288 loetum
733 1257 826 1300 lapsa
849 1260 909 1298 est,
934 1258 1069 1290 vetitum
1092 1258 1168 1290 dum
1191 1259 1329 1302 sumpsit
1352 1259 1524 1301 edendum,

528 1307 582 1340 Ad
605 1311 728 1340 certum
751 1318 811 1351 per
832 1309 922 1342 lucra
944 1320 1040 1342 ruens
1063 1311 1149 1342 male
1173 1310 1306 1343 credula
1329 1304 1492 1345 damnum.

529 1359 596 1392 Sed
620 1360 722 1392 crucis
744 1361 777 1392 in
800 1361 888 1403 ligno
911 1361 978 1393 vita
1000 1362 1160 1394 moriente
1183 1362 1263 1405 piati

529 1411 612 1444 Sunt
634 1412 794 1444 scelerum
816 1413 921 1445 morbi
945 1416 978 1445 et
1000 1414 1092 1446 vetiti
1114 1407 1328 1456 transgressso
1352 1415 1450 1458 pomi.

529 1463 656 1506 Aspicis
679 1464 845 1506 antiquam
867 1465 1031 1507 praesenti
1053 1465 1087 1497 in
1109 1465 1219 1508 stipite
1243 1466 1395 1498 formam:

526 1514 680 1558 Auguriis
702 1516 818 1548 mulier
840 1516 891 1548 cui
914 1516 991 1548 dum
1013 1517 1189 1549 famulatur
1210 1517 1329 1560 ineptis

529 1567 619 1599 Scire
642 1567 749 1599 futura
770 1567 892 1608 volens,
916 1568 1014 1600 etiam
1036 1568 1221 1611 praesentia
1244 1568 1352 1611 perdit

528 1618 579 1651 Ac
600 1619 734 1651 meritas
756 1622 890 1651 caecata
912 1620 1000 1662 capit
1022 1630 1080 1663 pro
1104 1618 1176 1652 luce'
1200 1620 1363 1652 tenebras.

529 1669 598 1703 Sed
619 1674 748 1703 sanctus
770 1671 903 1704 veniens
925 1682 1052 1704 errores
1075 1671 1207 1715 dispulit
1229 1675 1326 1713 atros,

526 1722 663 1755 Arboris
685 1725 720 1755 et
742 1722 852 1756 docuit
873 1723 978 1756 flexus
1000 1723 1166 1756 succidere
1189 1724 1285 1756 ferro.

527 1773 580 1807 De
603 1785 668 1818 quo
690 1775 882 1817 magnificus
904 1775 1020 1808 cecinit
1042 1775 1192 1818 Baptista
1214 1775 1378 1808 Iohannes

529 1826 664 1859 Arboris
686 1827 839 1859 eximiam
866 1827 967 1859 radici
989 1827 1110 1859 instare
1133 1827 1281 1866 securim,

527 1879 682 1921 Fulgenti
704 1889 826 1911 nocuos
849 1888 933 1922 quae
957 1882 1084 1911 truncat
1103 1879 1251 1911 acumine
1273 1889 1368 1910 sucos

527 1930 571 1963 Et
593 1933 724 1973 reparat
745 1931 886 1963 celerem
908 1931 962 1974 pia
985 1941 1044 1973 per
1066 1930 1189 1962 colliria
1212 1930 1329 1961 visum:

528 1982 688 2025 Unguifer
709 1985 743 2014 et
764 1982 908 2014 medicus
930 1982 976 2014 sic
998 1982 1119 2014 lumina
1140 1980 1248 2013 reddit
1269 1980 1448 2013 Amandus.

570 2042 613 2074 X.
637 2041 786 2085 Hocque,
808 2042 895 2085 quod
917 2042 1121 2074 accumulans
1143 2041 1275 2073 laudum
1296 2042 1470 2084 praeconia
1492 2043 1594 2074 iustus

527 2094 707 2137 Magnificis
729 2094 830 2136 gestis
853 2094 1036 2136 complevit,
1060 2094 1120 2125 rite
1144 2103 1307 2125 canamus.

528 2147 567 2178 In
589 2156 692 2188 grege
715 2146 892 2188 multiplici,
916 2145 1038 2177 domini
1060 2155 1157 2188 quem
1180 2145 1258 2176 fecit
1279 2145 1426 2176 alumnus

528 2198 681 2230 Divinum
704 2201 834 2241 portare
857 2198 978 2239 iugum,
1001 2197 1122 2229 servire
1145 2197 1279 2237 tonanti,

529 2250 620 2282 Unus
642 2253 714 2282 erat
732 2250 866 2292 reliquis
889 2250 1052 2292 praelatus
1074 2249 1196 2280 honore
1221 2248 1369 2288 catervis,

530 2302 576 2334 Ut
598 2302 717 2334 victum
740 2301 835 2334 sociis
859 2305 892 2333 et
915 2311 1058 2343 congrua
1080 2304 1195 2333 cuncta
1217 2303 1358 2343 pararet.

529 2354 593 2391 Qui
615 2353 692 2386 dum
714 2356 823 2385 mente
846 2356 974 2385 tumens
995 2353 1088 2384 iussis
1111 2363 1226 2394 parere
1250 2351 1396 2394 magistri

528 2405 677 2448 Despicit
699 2409 733 2437 et
755 2405 863 2437 vinum
886 2405 1036 2447 plaustris
1059 2404 1262 2447 portantibus
1285 2406 1380 2435 utens

530 2457 584 2490 Ad
607 2458 723 2490 fratres
746 2456 875 2488 deferre
899 2467 974 2488 suos
997 2459 1174 2498 sanctoque
1197 2466 1329 2497 negare,

530 2509 626 2546 Quod
648 2509 778 2541 sibimet
800 2508 951 2540 deessent
974 2508 1121 2550 quaesita
1143 2507 1302 2546 vehicula,
1327 2506 1444 2549 pergit,

532 2561 692 2594 Sternitur
714 2560 827 2593 infelix
849 2559 945 2591 subiti
969 2559 1150 2591 discrimine
1173 2558 1277 2590 morbi

269 2715 321 2743 299
338 2717 447 2750 „alp-ie
458 2717 482 2742 A

569 2716 622 2743 303
639 2716 715 2742 orbos
733 2716 779 2750 (ef.
797 2716 872 2749 infra
889 2716 921 2742 de
938 2715 1006 2742 mbr.
1027 2714 1116 2747 1526)
1128 2714 1192 2748 Neff
1273 2711 1326 2739 310
1342 2712 1472 2738 Historiae
1490 2716 1530 2738 est
1548 2721 1581 2738 m.
1595 2711 1653 2737 AV

269 2802 322 2828 316
339 2801 495 2837 Hiaeonyn.
513 2802 531 2829 1.
540 2810 561 2828 c.
576 2809 639 2835 paq.
652 2802 676 2835 5,
692 2803 724 2829 16
742 2801 800 2829 Eva
818 2801 963 2829 calamitas
981 2802 1032 2828 aut
1051 2809 1102 2826 vae
1120 2799 1164 2826 vel
1182 2799 1250 2826 vita.
1337 2799 1389 2825 328
1406 2797 1504 2824 Mam».
1523 2798 1547 2830 3,
1563 2798 1601 2824 10.

270 2852 374 2879 Pon-ru
391 2861 476 2880 unni
494 2861 553 2880 uvi
569 2853 696 2881 Ulmorum
714 2853 763 2885 111,
775 2853 800 2879 2.
1582 2848 1614 2875 77

1746 182 1809 212 605
