2060 3074
260 153 322 184 598
915 148 1067 176 MILONIS
1086 148 1262 176 CARMINA.

626 238 745 269 Noster
769 237 892 268 honore
916 235 969 266 dei
993 235 1171 275 claudatur,
1195 244 1305 277 posco,
1329 234 1468 267 libellus.

625 289 713 320 Laus
737 288 836 319 decus
858 287 1029 329 imperium
1051 286 1236 318 benedictio
1261 286 1365 328 gloria
1387 287 1498 328 palma

626 340 780 372 Maiestas
803 342 836 371 et
858 339 961 370 honor
983 339 1149 371 veneratio
1173 338 1278 381 gratia
1299 338 1399 370 virtus

544 406 583 424 4³0
628 392 676 423 Sit
699 391 783 433 patri
807 393 840 422 et
862 391 974 432 genito
997 401 1069 422 cum
1091 391 1221 422 flamine
1243 389 1426 422 vivificante

627 443 670 475 Et
692 452 776 474 nunc
798 452 838 474 ac
860 452 999 484 semper,
1023 435 1099 474 dum
1123 442 1231 474 saecla
1254 442 1362 473 futura
1383 441 1570 482 manebunt,

626 495 691 526 Pro
714 494 838 526 meritis
862 497 1010 525 sanctum
1033 494 1088 536 qui
1110 493 1302 536 glorificavit
1325 493 1521 525 Amandum.

627 546 722 578 Clare
746 557 866 586 comes,
891 556 999 578 caram
1023 546 1169 578 claustris
1193 545 1376 578 concludito
1401 556 1554 577 cannam:

628 598 686 630 Sat
709 599 820 630 sitiens
844 598 964 630 etenim
987 598 1129 641 potavit;
1153 598 1256 629 tollito
1280 608 1401 634 rorem;

544 663 582 683 435
626 651 761 682 Flebilis
786 653 819 683 et
843 661 885 683 ne
907 651 972 682 iam
995 653 1163 693 rumpatur
1185 650 1356 690 anhelitus,
1379 649 1473 681 istinc

626 702 708 744 Fige
732 702 882 744 gradum;
907 702 1026 744 digitos
1050 701 1126 734 dum
1148 701 1258 742 tendo,
1283 701 1414 744 quiesce
1436 711 1620 743 parumper.

570 770 738 798 EXPLICIT
757 771 865 797 LIBER
884 770 1048 797 TERTIUS.
1087 769 1213 797 HABET
1233 769 1372 796 VERSUS
1392 769 1605 797 ccccxxxvl.

681 890 914 923 INCIPIUNT
937 891 1090 923 TITULI
1113 890 1284 928 QUARTI
1306 889 1495 923 LIBELLI.

261 955 279 978 l.
300 954 447 986 Soripturus
466 958 547 985 vates,
567 962 618 986 quo
637 954 688 978 fine
706 957 812 979 sauctus
830 957 899 979 astra
917 954 1044 987 petiverit,
1062 954 1200 979 admodum
1218 953 1397 978 contremescit
1414 961 1526 985 suosque
1545 952 1645 978 libellos
1663 954 1786 984 quattuor
1807 959 1918 984 euange-

260 998 353 1022 liorum
372 997 444 1022 libris
469 997 582 1022 subdens
610 996 642 1021 ad
667 997 745 1022 finem
765 997 847 1021 saneti
866 997 977 1022 Amandi
1001 997 1094 1029 suique
1117 997 1200 1030 operis
1224 1000 1250 1022 et
1272 1005 1346 1029 prece
1369 997 1451 1022 tendit
1468 1000 1494 1021 et
1514 996 1634 1021 carmine.
1657 1009 1692 1013 —
1714 996 1747 1020 II.
1766 995 1884 1026 Qualiter
1901 1003 1918 1020 a

264 1041 436 1065 Wasconibus
449 1041 556 1065 verbum
575 1040 617 1065 dei
634 1040 784 1072 praedicans
802 1043 907 1065 sanctus
924 1040 1043 1073 repulsus
1062 1041 1095 1066 sit
1113 1044 1138 1066 et
1156 1041 1187 1065 de
1205 1040 1336 1073 mimilogo
1354 1048 1370 1065 a
1388 1040 1512 1065 daemone
1529 1042 1637 1072 armpto.
1661 1052 1694 1056 -
1720 1039 1765 1063 111.
1784 1039 1823 1063 De
1840 1046 1918 1064 caeco

261 1093 292 1110 ex
310 1092 387 1116 aqua,
407 1084 433 1108 in
452 1092 505 1116 qua
517 1084 557 1108 vir
574 1083 615 1109 dei
633 1091 727 1108 manus
745 1083 818 1114 lavit,
837 1083 990 1109 illuminato.
1010 1097 1043 1101 -—-
1062 1084 1105 1108 IV.
1125 1084 1163 1108 De
1182 1083 1268 1108 reditu
1286 1083 1367 1116 ipsius
1386 1083 1413 1107 iu
1425 1082 1524 1108 Gallias
1541 1085 1567 1107 et
1584 1082 1707 1108 coenobio
1725 1082 1867 1107 aedificato.
1884 1094 1919 1100 —

262 1128 293 1152 V.
316 1127 448 1158 Quomodo
473 1135 518 1159 pro
541 1135 583 1158 eo,
611 1126 680 1159 quod
707 1126 876 1159 municipium
900 1127 986 1152 Nanto
1010 1135 1026 1151 a
1049 1134 1110 1159 rege
1133 1126 1324 1159 impetraverit,
1348 1125 1510 1151 Mummulus
1533 1125 1641 1150 insidias
1664 1125 1703 1150 illi
1725 1125 1861 1158 paraverit.
1886 1138 1918 1142 —

261 1171 305 1195 VI.
324 1170 456 1202 Quomodo
475 1170 642 1195 carnificibus
661 1170 786 1195 divinitus
805 1170 914 1195 caecatis
932 1170 973 1194 vir
990 1170 1031 1194 dei
1049 1172 1157 1195 mortem
1180 1169 1298 1194 evaserit.
1323 1182 1355 1186 —
1375 1169 1432 1194 VII.
1450 1169 1590 1194 Conversio
1611 1168 1696 1194 laudis
1719 1176 1765 1201 per
1787 1168 1919 1201 energiam

260 1215 292 1239 ad
310 1216 437 1238 sanctum.
456 1227 490 1230 —
509 1214 579 1238 VIII.
598 1213 637 1238 De
655 1212 762 1238 muliere
781 1221 859 1238 caeca
878 1213 1031 1238 illuminata.
1051 1226 1082 1230 —
1102 1213 1147 1238 IX.
1166 1212 1312 1246 Allegorice
1330 1212 1419 1238 eadem
1432 1221 1472 1238 ree
1485 1212 1615 1245 repetitur.
1636 1212 1720 1239 —.X.
1737 1213 1777 1237 De
1794 1212 1920 1237 monacho

261 1266 306 1290 pro
324 1256 515 1282 inoboedientia
533 1256 638 1288 paralisi
649 1255 775 1281 dissoluto
788 1259 814 1281 et
826 1256 904 1281 verbo
923 1256 1007 1281 sancti
1019 1259 1119 1281 sanato.
1137 1270 1171 1273 —
1189 1257 1234 1281 XI.
1253 1257 1293 1281 De
1311 1256 1384 1282 obitu
1402 1256 1444 1281 vel
1462 1255 1597 1289 sepultura
1613 1255 1702 1288 ipsius.
1720 1269 1753 1273 —
1772 1255 1832 1280 ΧΠ.
1849 1256 1921 1280 Laus

260 1300 309 1325 loci
328 1303 353 1325 et
370 1300 402 1325 de
420 1300 562 1325 elevatione
585 1300 697 1332 corporis
720 1299 810 1332 ipsius.
835 1303 878 1316 —'
892 1300 963 1324 XIII.
987 1299 1075 1324 Oratio
1099 1299 1212 1325 auctoris
1234 1299 1312 1324 huius
1335 1299 1427 1332 operis.
1453 1312 1485 1317 -
1508 1299 1578 1325 XIV.
1603 1298 1726 1324 Clausula
1749 1298 1835 1323 finalis
1859 1307 1919 1324 cum

795 1351 870 1375 prece
889 1342 1039 1375 completur.
1058 1356 1091 1360 —
1110 1343 1253 1368 FINIUNT
1271 1343 1396 1368 TITULI.

784 1438 960 1475 INCIPIT
987 1439 1132 1476 LIBER
1160 1438 1404 1484 QUARTUS.

671 1514 698 1545 I.
722 1513 889 1546 Hactenus
914 1514 1052 1546 eximios
1081 1514 1183 1545 sancti
1207 1516 1354 1545 versatus
1378 1514 1411 1545 in
1434 1516 1524 1545 actus

630 1566 796 1597 Praesulis
822 1568 864 1606 et,
889 1576 1073 1608 quanquam
1095 1565 1181 1608 pede
1206 1565 1332 1605 claudo,
1356 1576 1483 1597 currere
1508 1566 1610 1608 quivi3

631 1618 698 1650 Sed
719 1628 814 1649 nunc,
831 1628 884 1649 res
906 1617 1085 1649 metuenda
1107 1618 1213 1658 nimis,
1238 1617 1407 1649 tractanda
1429 1627 1490 1649 neo
1513 1618 1586 1650 ullis

631 1670 763 1702 Viribus
787 1670 943 1702 evolitare
967 1670 1045 1701 facit
1068 1680 1166 1712 super
1188 1672 1288 1701 astra:
1312 1669 1491 1712 petendum
1517 1673 1577 1710 est,

575 1734 587 1753 5
632 1721 677 1753 Ut
700 1731 850 1753 sermone
874 1732 1001 1764 sequar,
1025 1732 1088 1764 quo
1114 1732 1179 1753 non
1201 1721 1278 1753 licet
1299 1722 1347 1753 ire
1370 1721 1567 1764 pedestrem.

632 1773 734 1804 Primi
756 1783 897 1815 namque
920 1773 986 1805 mei
1009 1775 1186 1816 properant
1208 1773 1270 1804 hac
1291 1773 1367 1815 lege
1390 1773 1501 1814 libelli,

632 1825 678 1857 Ut
700 1825 794 1856 labor
817 1827 850 1856 et
872 1825 1023 1856 meritum
1047 1825 1149 1857 sancti
1172 1823 1323 1856 noscatur
1346 1824 1502 1862 Amandi3

634 1877 774 1913 Quartus
796 1876 849 1908 hic
873 1879 932 1917 est,
954 1887 1038 1908 nunc
1063 1877 1117 1919 qui
1139 1877 1172 1908 in
1194 1876 1342 1908 manibus
1366 1876 1531 1908 cudendus
1553 1876 1706 1908 habetur:

634 1929 723 1965 Quos
747 1929 925 1970 euangeliis
947 1929 1071 1960 subieci
1093 1929 1154 1960 rite
1178 1929 1351 1971 quaternis.

562 1994 586 2013 ιο
630 1981 797 2012 Mattheus
821 1980 936 2012 effudit
959 1979 1097 2012 donatus
1120 1991 1254 2012 munere
1277 1981 1400 2023 primus

635 2032 741 2064 Carne
766 2032 864 2064 deum
886 2035 1007 2073 natum,
1032 2033 1086 2075 qui
1108 2033 1241 2075 virginis
1263 2032 1366 2064 ubera
1391 2033 1490 2064 suxit:

632 2084 696 2116 Hic
720 2095 851 2127 quoque
876 2084 952 2116 dum
977 2087 1107 2116 nostrae
1131 2085 1275 2127 penitrat
1298 2084 1488 2127 praecordia
1510 2085 1636 2125 mentis,

633 2138 753 2180 Scripsi
775 2138 941 2170 hominem
965 2139 1121 2181 genitum,
1147 2138 1201 2180 qui
1223 2138 1335 2170 matris
1359 2141 1393 2169 et
1415 2134 1518 2169 ubera
1539 2137 1644 2177 linxit,

632 2189 821 2221 Perfectum
845 2200 962 2232 purum
984 2190 1103 2221 iustum
1128 2189 1259 2231 dignum
1282 2189 1524 2221 inmaculatum.

561 2255 585 2273 ιε,
629 2241 852 2284 Excelsusque
875 2241 992 2274 dehinc
1014 2241 1158 2273 mandati
1182 2241 1302 2273 famine
1326 2241 1453 2272 Marcus

635 2294 720 2325 ‘Vox
744 2293 922 2325 clamantis'
946 2294 992 2325 ait
1016 2293 1157 2325 ‘deserta
1179 2303 1239 2335 per
1261 2303 1340 2324 arva
1362 2292 1466 2324 leonis

634 2344 791 2385 Insonuit,
816 2345 870 2387 qui
892 2345 925 2376 in
947 2347 1052 2376 morte
1077 2344 1177 2376 oculis
1201 2343 1355 2376 dormivit
1378 2342 1522 2386 apertis':

635 2395 796 2438 Huncque
823 2407 972 2439 sequens,
997 2399 1153 2439 quantum
1176 2396 1274 2436 valui,
1299 2396 1359 2427 sub
1383 2395 1523 2427 carmine
1548 2394 1615 2427 dixi

637 2447 860 2484 Quadrifidum
883 2449 1016 2480 verbum
1041 2451 1188 2480 sanctum
1215 2448 1371 2491 sparsisse
1394 2458 1454 2490 per
1477 2447 1599 2478 orbem.

565 2513 590 2531 ’.ιο
635 2499 905 2542 Oonsurgensque
930 2500 1056 2540 dehinc,
1082 2499 1169 2542 quod
1203 2500 1310 2542 signat
1331 2499 1472 2539 nomine,
1494 2499 1600 2530 Lucas

637 2551 713 2583 Iura
736 2551 908 2584 sacerdotii
931 2553 1051 2584 veteris
1075 2552 1283 2583 sermonibus
1307 2551 1410 2591 effert,

376 2663 428 2697 has,
447 2671 473 2698 ῖι.
493 2673 706 2698 ccccxxxvi
724 2672 759 2706 B]
779 2682 828 2699 om.
841 2673 899 2698 KV
982 2675 1002 2698 1.
1021 2677 1133 2706 quatuor
1146 2672 1171 2698 A
1257 2671 1267 2705 ιι
1284 2671 1316 2697 21
1336 2673 1413 2697 infert
1425 2671 1450 2696 A

375 2748 476 2774 10—27
498 2749 554 2781 cfr.
574 2749 663 2775 Sedul.
684 2749 848 2777 1355—358
866 2751 889 2776 a
906 2749 1130 2784 euanqezistarum
1147 2748 1258 2775 nomina
1282 2748 1316 2774 ab
1333 2747 1499 2783 Hmnymo
1523 2747 1660 2782 micam
1677 2747 1782 2782 (onom.
1801 2754 1870 2776 m.
1887 2745 1927 2775 oa.

270 2799 399 2833 Layarde
422 2800 462 2833 70,
477 2801 505 2833 1³
525 2801 566 2833 70,
579 2802 610 2831 6;
630 2801 671 2834 77,
687 2801 731 2834 143
750 2801 858 2834 69,16).

1873 2852 1895 2882 *ἴ
