2060 3074
206 188 267 218 508

493 490 531 509 270

491 748 529 767 275

491 1009 530 1028 280

491 1269 529 1288 285

489 1530 527 1550 290

491 1791 529 1810 295

488 2051 526 2070 ³0⁰

485 2312 523 2331 305

489 2573 526 2592 310

1034 144 1043 157 d

865 184 999 211 Hfflfflcl
1019 184 1195 211 GARMINA.

610 271 755 302 Venerat
778 271 833 302 ille
858 271 987 313 quidem
1012 271 1223 313 poscentibus
1246 272 1467 304 Armoricanis
1598 284 1630 309 Ut
1663 294 1767 310 caueam
1800 286 1850 311 Ar.

569 323 727 354 Pacturus
752 324 880 355 veniam
905 333 1043 354 scaevae
1067 333 1125 365 pro
1150 323 1284 354 crimine
1309 324 1426 365 gentis.
1594 329 1785 354 vmricanorum
1814 330 1850 354 ad

568 373 676 406 Cessit
699 385 752 406 res
776 375 876 406 votis:
903 385 979 406 mox
1003 374 1117 406 annuit
1140 374 1359 417 induperator.
1591 380 1715 404 praesem
1750 373 1848 404 quidem

570 426 713 457 Arbitrio
737 426 838 468 patris
862 429 1053 457 constarunt
1077 429 1195 458 cuncta
1218 427 1304 458 beati
1650 416 1790 440 ⁰¹¹‘i⁷¹”⁹⁷'⁶⁷‘'

568 477 611 509 Et
633 478 717 509 foret
741 478 797 509 illa
819 477 949 520 quidem
973 478 1158 510 firmissima
1182 479 1289 510 cautio
1312 479 1415 521 pacis:

569 529 701 561 Mobilis
725 533 759 561 at
782 530 910 572 priscae
935 540 1107 562 revomens
1132 531 1281 572 contagia
1303 530 1427 562 fraudis

568 581 666 613 Natio
690 582 883 624 pestiferum
909 582 1003 614 solito
1027 582 1184 614 meditata
1207 583 1350 615 duellum

569 634 660 665 Ausa
683 637 733 665 est
757 634 924 666 Romanas
947 634 980 665 in
1005 645 1078 666 sese
1103 645 1229 666 armare
1254 645 1396 667 secures.

570 685 642 717 Hoc
666 688 699 717 et
722 686 886 728 pontificis
910 686 972 717 fuit
995 687 1187 718 intercessio
1211 697 1313 725 cassa,

567 736 620 775 Et,
645 737 671 768 si
695 737 771 779 quid
796 738 908 769 feritas
933 738 1131 780 praefixerat
1154 738 1342 780 imperialis,

570 789 756 821 Conflatum
781 790 813 821 in
836 790 975 822 miseros
999 790 1101 822 atroci
1126 794 1211 822 sorte
1235 791 1402 833 pependit.

611 841 698 873 Dum
722 852 782 884 per
805 842 955 874 mirificos
979 842 1134 874 Germani
1158 842 1316 874 volvimur
1338 846 1441 882 actus,
1605 848 1778 880 Praeparatio
1789 850 1837 882 su-

568 893 655 925 Dum
680 894 770 925 iuvat
794 894 940 936 insignes
965 894 1089 926 calamo
1114 894 1242 936 signare
1263 894 1404 933 labores,
1593 896 1667 917 ‘urae
1690 892 1851 941 narrationie

569 945 728 988 Quodque
746 949 797 978 est
812 946 1028 984 innumerum,
1045 956 1179 978 numero
1196 946 1485 989 comprehendere,
1504 950 1667 989 tamquam
1702 940 1851 960 montran-

570 1017 610 1020 —
634 997 755 1030 Dicere
781 998 866 1040 quod
891 998 1000 1030 scelus
1024 1001 1075 1030 est
1097 1017 1139 1021 —
1163 999 1208 1030 sic
1230 1009 1304 1030 rara
1327 999 1492 1041 peregerit
1516 999 1582 1039 ille,

570 1049 616 1081 Ut
638 1050 760 1081 nostris
784 1050 899 1082 merito
923 1050 1050 1092 possint
1073 1050 1286 1082 succumbere
1310 1050 1437 1082 verbis:

567 1101 650 1134 Pars
675 1113 783 1134 rerum
807 1103 923 1134 melior
947 1101 1050 1134 densa
1073 1102 1212 1144 caligine
1237 1105 1344 1145 torpet

567 1154 750 1186 Perniciem
775 1154 903 1196 trepido
927 1157 1015 1186 certe
1040 1154 1145 1186 latura
1168 1157 1297 1197 poetae.

567 1205 611 1237 Et
634 1209 667 1238 te
691 1206 861 1248 permagni
885 1205 1069 1237 fraudatum
1093 1216 1227 1238 munere
1251 1206 1375 1238 fructus

567 1256 760 1300 Questuque
786 1261 818 1289 et
842 1258 984 1290 lacrimis
1009 1258 1172 1300 quondam
1197 1258 1386 1298 causabere,
1411 1258 1523 1291 lector.

567 1309 601 1340 Si
626 1321 786 1342 summam
811 1314 928 1353 coepto
952 1310 1113 1342 detrectet
1136 1310 1231 1342 Musa
1253 1310 1356 1342 labori

563 1361 766 1404 Imposuisse
790 1373 932 1402 manum,
958 1373 1031 1394 cum
1056 1363 1099 1394 sit
1122 1362 1203 1394 haec
1228 1373 1354 1394 summa
1376 1362 1507 1402 laborm,

566 1413 716 1450 Qualiter
739 1415 780 1447 ad
805 1415 904 1447 vitam
929 1426 988 1457 per
1011 1415 1125 1446 mortis
1149 1415 1262 1446 limina
1285 1415 1388 1446 victor

566 1466 749 1499 Germanus
774 1467 883 1506 subiit,
907 1467 1031 1509 liquida-
1053 1477 1246 1510 percurrere
1269 1477 1384 1498 canna.

565 1518 660 1554 Esto;
685 1519 837 1551 funereos
863 1519 922 1551 sed
945 1529 1038 1550 mens
1062 1529 1223 1561 praesaga
1247 1518 1368 1550 doloris

564 1570 688 1602 Horret
710 1571 791 1603 inire
815 1571 938 1602 modos.
985 1570 1013 1603 Ο
1037 1582 1091 1603 res
1115 1570 1275 1613 condigna
1297 1570 1409 1603 taceri.

564 1622 771 1665 Pugnantem
794 1623 922 1666 placido
947 1623 1027 1655 iuvit
1051 1624 1252 1655 committere
1275 1624 1414 1666 plectro:

564 1675 734 1707 Victorem
758 1675 880 1717 refugis
904 1675 1000 1706 rutilo
1025 1685 1179 1717 pompare
1203 1674 1388 1718 triumpho?

566 1726 653 1758 Exul
677 1729 790 1769 gratus
815 1730 900 1759 erat:
925 1737 1067 1769 regnans
1091 1737 1155 1758 non
1179 1727 1304 1768 gratior
1326 1729 1437 1758 extet?

569 1779 689 1811 Dicere
713 1779 739 1810 si
763 1779 882 1810 metuis
905 1778 1035 1810 mortali
1059 1789 1194 1821 corpore
1218 1778 1376 1818 functum,

564 1831 626 1862 Ast
648 1831 855 1863 inmortalem
878 1831 1040 1862 comulata
1063 1830 1160 1862 laude
1183 1831 1366 1873 frequenta.

564 1882 654 1915 Vere
678 1883 870 1922 inmortalis,
894 1893 972 1915 vere
996 1893 1056 1925 per
1080 1883 1213 1914 saecula
1235 1883 1325 1923 vivit,

562 1935 654 1967 Vivit
677 1938 711 1967 et
734 1935 897 1978 empyrias
920 1938 1021 1977 auget
1045 1934 1218 1977 splendore
1243 1934 1394 1966 cohortes

563 1986 766 2019 Coniunctus
790 1986 934 2026 domino,
959 1986 1132 2018 conformis
1156 1986 1298 2029 denique
1323 1985 1466 2023 Christo,

565 2038 726 2081 Quodque
750 2039 854 2081 magis
878 2042 1030 2081 stupeas:
1054 2039 1164 2070 unitus
1188 2042 1221 2071 et
1243 2038 1416 2070 unificatus

564 2090 669 2133 Inque
693 2091 791 2123 deum
813 2091 1000 2123 transfusus
1025 2091 1122 2122 homo
1146 2091 1317 2133 factusque
1345 2091 1514 2123 ΘΕΩΣΙΣ.

609 2143 760 2175 Solverat
782 2143 978 2185 umbrivaga
1000 2153 1125 2175 mersas
1149 2143 1290 2185 caligine
1314 2146 1420 2175 terras
1597 2151 1629 2176 Πι
1646 2161 1747 2177 merum
1762 2156 1847 2177 tram-

567 2196 811 2228 ΦΟΣΦΟΡΟΣ
830 2195 1007 2237 ingenuum
1030 2195 1129 2227 rebus
1153 2205 1307 2238 reparare
1331 2195 1473 2226 colorem
1589 2195 1651 2220 imm
1661 2195 1845 2221 mumc'hrcseo

563 2247 693 2280 Gnarus
717 2251 750 2279 et
772 2248 943 2290 ignigenas
968 2248 1058 2279 caelo
1082 2246 1265 2279 subducere
1290 2246 1419 2278 stellas:
1590 2239 1718 2263 '‘ww“
1735 2239 1847 2287 ,praedi-

561 2299 811 2342 Germanusque
835 2302 930 2342 pater
954 2299 1125 2341 sollempni
1148 2298 1245 2331 laude
1269 2301 1414 2341 peracta,
1684 2287 1758 2307 πρηὺ

564 2351 657 2388 Quae
682 2352 859 2383 matutinos
883 2355 1016 2384 exercet
1040 2351 1182 2383 carmine
1206 2361 1346 2389 somnos,

563 2403 678 2435 Mutua
701 2404 908 2446 praesulibus
933 2403 973 2436 de
996 2403 1168 2446 relligione
1192 2403 1298 2435 beatis

563 2455 675 2487 Verba
699 2455 798 2487 dabat
821 2455 924 2487 nitido
949 2455 1062 2487 doctor
1086 2451 1286 2487 clarissimus
1310 2464 1376 2486 ore.

563 2508 710 2540 Auribus
734 2508 910 2550 explicitis,
934 2508 1078 2540 collectis
1102 2507 1255 2540 sensibus
1279 2517 1393 2538 omnes

564 2559 728 2592 Indebant
752 2560 859 2592 animo
883 2559 993 2592 felicia
1016 2559 1103 2591 dicta
1127 2559 1250 2602 capaci.

1706 979 1770 1003 situ»
1786 979 1848 1004 εἰπε.

301 2663 406 2688 Scholia
432 2677 461 2680 —
487 2664 533 2689 :301
560 2664 598 2697 hh]
618 2665 699 2690 deitas
803 2664 854 2690 303
878 2663 919 2697 dn]
944 2665 1035 2690 lucifer
1088 2662 1239 2697 ingenuum]
1264 2663 1407 2688 naturalem
1461 2662 1580 2695 colorem]
1606 2663 1770 2695 qualitatem:
1794 2672 1845 2688 uox

197 2715 247 2730 non
262 2707 338 2731 habet
351 2707 459 2731 colorem

196 2750 270 2782 baut]
290 2751 482 2775 committebant

540 2707 591 2732 304
610 2706 724 2739 Gnarus]
738 2708 808 2732 scius
854 2706 999 2740 ignigenas]
1014 2707 1098 2739 ignem
1111 2710 1265 2739 generantes
1344 2705 1396 2730 308
1408 2706 1575 2731 Pleonasmus
1592 2712 1630 2731 est
1709 2706 1761 2732 310
1773 2707 1847 2737 Iude7

300 2835 349 2860 ‘271
371 2845 504 2861 revomens
524 2836 659 2870 Bonclzius]
679 2846 806 2862 reuoucns
825 2837 851 2862 P
952 2836 1003 2862 294
1023 2845 1116 2870 regnas
1135 2845 1201 2861 corr.
1221 2836 1247 2860 P
