2138 3106
302 189 363 218 304

416 2443 448 2469 15
467 2444 616 2468 malasanus
634 2449 701 2466 corr.
720 2439 745 2464 Β
851 2437 883 2464 17
901 2439 1035 2463 PLANVS
1053 2439 1080 2463 in
1101 2447 1184 2471 mary.
1203 2438 1228 2463 B
1333 2437 1368 2463 ‘20
1386 2438 1498 2463 Aethera
1516 2437 1541 2462 B
1559 2446 1626 2463 corr.
1645 2437 1744 2463 Bethm.

903 183 1071 210 CARMINA
1091 181 1354 210 CENTULENSIA.

607 279 630 298 1⁵
667 272 748 304 Post
770 272 959 303 malesanus
985 271 1071 302 enim
1095 270 1158 301 ficu
1182 280 1217 301 se
1243 269 1377 300 sustulit
1400 269 1467 300 alta

608 537 634 557 20

613 1360 637 1378 10

615 1621 638 1640 15

613 1882 639 1901 20

714 323 879 355 Faucibus
904 322 1041 354 adnexis
1067 333 1182 353 suasus
1206 321 1249 353 ab
1271 321 1366 353 hoste
1390 321 1482 352 truci.

671 375 725 407 Sic
749 375 865 417 planus
889 378 985 416 atque
1010 375 1112 416 fugax
1136 374 1236 405 vitam
1260 373 1364 404 finivit
1387 383 1542 410 amaram,

714 427 854 458 Oai-cere
879 427 933 468 qui
957 429 1042 458 tetro
1066 436 1152 457 nunc
1176 425 1300 456 residet
1323 424 1452 456 merito.

672 479 745 510 Pax
769 478 839 517 tibi,
864 469 1068 520 praeceptor,
1091 481 1234 516 maneat,
1258 477 1334 508 dum
1358 476 1501 508 vesceris
1524 486 1605 507 aura

712 531 895 566 Aetherea;
920 530 1037 562 deinde
1064 530 1114 568 sit,
1140 539 1264 571 precor,
1288 529 1376 560 alma
1400 528 1494 570 quies

671 583 816 615 Caelesti
839 582 872 614 in
895 593 1006 624 regno,
1031 592 1093 623 quo
1117 592 1183 623 pax
1207 581 1276 612 sine
1301 580 1364 612 fine
1389 579 1534 612 renidet:

713 634 787 666 Hoc
810 634 908 666 faciat
931 644 1038 665 rerum
1063 632 1222 671 conditor,
1246 643 1312 670 oro,
1337 631 1425 664 deus.

1080 821 1191 854 XXII.

673 885 772 916 Sume
796 884 855 916 tibi
879 884 1040 916 calamum
1064 883 1230 914 craxantis
1255 893 1344 914 more
1369 882 1546 924 sophistae,

671 937 809 977 Fistula,
834 940 908 979 post
931 947 1056 979 paucos
1081 946 1206 967 summo
1231 939 1325 967 tenus
1350 935 1457 977 arripe
1482 945 1608 973 versus,

674 988 717 1020 Ut
741 989 854 1030 paucis
878 988 989 1020 valeas
1015 998 1143 1020 mecum
1166 987 1387 1030 perstringere
1412 986 1531 1023 verbis,

674 1039 847 1076 Quomodo
872 1040 1099 1082 cunctipotens
1124 1040 1206 1071 caeli
1230 1038 1400 1071 deseendit
1424 1038 1465 1070 ab
1491 1049 1566 1074 axe‚

675 1092 795 1124 Hostia
818 1103 875 1135 pro
899 1092 995 1124 nobis
1019 1092 1150 1123 humilis
1174 1095 1211 1123 ut
1234 1092 1328 1123 fieret
1351 1091 1423 1134 ipse

673 1144 722 1175 Ac
747 1145 843 1176 simul
868 1148 901 1176 et
924 1155 1044 1176 nomen
1068 1143 1279 1175 maledictum
1302 1146 1458 1185 tergeret,
1482 1161 1522 1165 —
1547 1153 1589 1174 ex
1614 1152 1679 1183 quo

672 1195 767 1228 Eheu
791 1196 970 1227 contumuit
993 1196 1128 1227 nimium
1152 1195 1308 1238 deceptus
1332 1194 1372 1227 ab
1397 1195 1491 1226 hoste
1517 1213 1555 1216 —

673 1247 804 1279 Primus
828 1247 935 1279 Adam
960 1248 1089 1289 genitor
1113 1247 1199 1289 quod
1223 1247 1318 1278 nobis
1343 1246 1459 1278 detulit
1483 1246 1558 1278 olim

674 1300 782 1342 Atque
806 1300 1002 1342 propinavit,
1025 1300 1145 1331 misero
1170 1299 1229 1331 sed
1252 1299 1379 1342 depulit
1401 1299 1484 1331 alter

674 1352 785 1384 Gratis
808 1352 951 1384 humano
967 1352 1089 1394 ‘generi
1113 1352 1298 1394 affectuque
1321 1357 1469 1393 paterno.

674 1404 738 1436 Pro
762 1415 824 1446 quo
849 1404 1003 1436 sustinuit
1027 1404 1170 1446 supplex
1194 1404 1350 1446 colaphos
1374 1404 1565 1446 alapmque,

675 1457 840 1488 Innocuus
865 1459 990 1488 tantum
1015 1456 1069 1498 qui
1094 1459 1198 1488 semet
1222 1455 1356 1488 tradidit
1378 1456 1464 1487 ultro

677 1508 864 1551 Consputus
889 1509 984 1540 simul
1009 1519 1047 1540 ae
1071 1508 1151 1540 duro
1175 1511 1308 1551 potatus
1332 1511 1438 1545 acetm

676 1561 817 1603 Insuper
840 1563 873 1592 et
895 1561 972 1592 diris
996 1560 1164 1592 confectus
1188 1561 1330 1602 pessime
1354 1560 1475 1602 flagris.

675 1614 756 1645 Post
781 1624 876 1645 cruce
901 1624 936 1645 se
960 1613 1015 1654 figi
1039 1613 1151 1653 voluit,
1177 1623 1239 1655 quo
1266 1616 1415 1654 surgeret
1439 1612 1526 1644 Orco

677 1666 774 1698 Mane
799 1665 852 1697 die
877 1666 980 1697 victor
1003 1668 1099 1697 terna
1122 1665 1187 1696 iam
1210 1665 1304 1696 hoste
1329 1664 1476 1696 revincto

676 1717 786 1759 Atque
811 1717 891 1749 chao
917 1717 1056 1759 spoliato
1081 1716 1160 1748 inibi
1183 1716 1331 1759 Iudaque
1355 1716 1481 1754 relicto,

677 1769 819 1801 Prodere
844 1770 899 1811 qui
923 1769 1088 1801 dominum
1113 1768 1237 1800 studuit
1261 1779 1333 1800 cum
1357 1768 1471 1800 fraude
1495 1768 1639 1810 maligna

677 1821 811 1853 Mittens
834 1821 909 1852 ficte
935 1820 1015 1852 Cain
1040 1821 1169 1862 signum
1193 1831 1251 1863 pro
1275 1831 1410 1852 munere
1435 1823 1560 1862 captus,

674 1874 831 1912 Venerat,
855 1873 912 1912 illi,
938 1873 992 1915 qui
1016 1874 1117 1915 gratis
1141 1883 1257 1915 pacem
1282 1872 1490 1905 dare‘iustis.

677 1927 886 1969 Quapropter
909 1925 1006 1958 hodie
1029 1926 1150 1958 festum
1175 1925 1380 1957 celebremus
1405 1928 1540 1957 ovantes

678 1979 744 2011 Olli
766 1978 932 2021 paschale,
957 1978 1050 2020 pueri
1073 1978 1274 2019 iuvenesque
1299 1987 1476 2020 senesque;

678 2029 858 2061 Davidicas
883 2028 964 2060 odas
987 2028 1165 2060 iubilemus
1191 2028 1289 2060 corde
1313 2029 1466 2071 benigno,

677 2081 723 2114 Ut
745 2081 866 2113 nostris
891 2083 1026 2112 cunctus
1051 2081 1167 2113 reboet
1191 2081 1401 2123 clangoribus
1426 2081 1530 2113 orbis:

681 2134 784 2166 ‘Haec
810 2137 861 2165 est
883 2133 940 2164 illa
964 2132 1033 2165 dies
1057 2133 1179 2165 domini
1202 2151 1243 2156 —
1267 2133 1428 2165 laetemur
1451 2133 1484 2165 in
1508 2144 1547 2165 ea
1572 2152 1611 2156 —

677 2186 856 2218 Primatum
881 2185 1026 2217 retinens
1050 2195 1110 2216 nec
1134 2195 1199 2216 non
1223 2185 1412 2217 venerabile
1435 2183 1564 2217 nomen’

677 2238 727 2270 Ac
750 2237 872 2280 pariter
894 2246 1101 2268 resonemus:
1127 2236 1188 2269 ‘Sit
1210 2237 1271 2269 tibi
1294 2237 1409 2279 gloria,
1434 2240 1521 2277 nate,

678 2289 754 2322 Una
778 2300 850 2321 cum
875 2289 1023 2331 genitore
1047 2291 1114 2328 tuo,
1139 2289 1172 2320 in
1197 2299 1259 2332 quo
1283 2292 1333 2321 est
1357 2287 1461 2331 †parti
1484 2291 1648 2331 potestas:

416 2485 520 2519 [XXII]
541 2485 555 2511 7
574 2484 649 2510 *cum
667 2483 763 2509 tumuit
781 2481 806 2506 B
895 2481 927 2507 15
945 2480 1016 2507 *orto
1029 2482 1054 2506 B
1140 2481 1174 2507 25
1193 2482 1236 2506 ille
1253 2481 1278 2506 B
1294 2471 1297 2473 .
1330 2490 1360 2507 eo
1379 2481 1404 2506 B
1496 2480 1530 2505 ‘28
1548 2489 1584 2505 an
1602 2479 1663 2514 *par
1681 2481 1845 2514 tripotestas?

416 2580 526 2614 [XXII]
548 2580 578 2605 11
602 2578 675 2604 Mico
693 2577 724 2603 in
742 2583 815 2610 tmere
829 2575 988 2609 prosodiam
1003 2575 1023 2608 s.
1039 2576 1071 2602 15
1090 2575 1186 2602 Renuo
1206 2583 1256 2609 per
1282 2584 1367 2602 unum
1386 2584 1413 2602 n.
1427 2574 1500 2602 Cur?
1524 2574 1591 2608 quia
1614 2574 1791 2609 componitur
1813 2583 1847 2602 ex
1859 2595 1866 2601 .
1878 2583 1907 2602 re
1920 2594 1926 2601 .
1941 2576 1969 2601 et

311 2653 317 2659 .
329 2641 392 2660 nuo.
429 2631 502 2659 Audi
521 2630 679 2664 exemplum
698 2628 839 2663 (Prospert
856 2628 894 2654 ad
911 2636 989 2654 uxor.
1002 2627 1062 2662 81):

314 2778 430 2804 Miconis
450 2785 549 2804 versam
563 2778 641 2810 poeta
660 2775 759 2802 Ecbas.
771 2774 869 2808 captivi
886 2774 1009 2801 imitatur
1029 2783 1049 2802 υ,
1064 2775 1124 2808 900,
1142 2783 1218 2808 quem
1238 2774 1338 2809 Peiper
1356 2782 1422 2801 cumn
1436 2774 1505 2800 Am.
1516 2774 1536 2807 f.
1549 2773 1574 2800 d.
1587 2773 1620 2799 A.
1634 2773 1674 2807 ΙΙ,
1686 2773 1744 2799 103.

315 2831 370 2863 117,
383 2830 425 2856 24.

726 2679 834 2714 Flagris
853 2680 941 2711 dorsa,
961 2680 1052 2714 alapis
1070 2679 1214 2706 maxillam
1233 2681 1319 2713 atque
1338 2688 1386 2706 ora
1404 2678 1500 2706 saliuis

759 2722 893 2750 Praebuit
912 2723 941 2749 et
959 2722 1007 2757 figi
1026 2732 1055 2750 se
1074 2731 1154 2750 cruce
1173 2732 1230 2750 non
1248 2722 1348 2750 renuit.

1814 2774 1848 2800 25
1868 2772 1969 2799 Psalm.
