2060 3074
213 237 273 265 504
867 232 1004 259 HEIRICI
1024 232 1200 259 CARMINA.

510 333 535 350 nu
574 319 725 350 Carceris
750 319 881 350 inmites
905 318 1025 350 blanda
1049 318 1172 360 pietate
1196 318 1363 350 ministros

575 371 738 407 Advocat;
763 371 929 402 abducunt
954 371 1057 402 sancti
1082 382 1117 402 se
1141 370 1264 402 visibus
1288 371 1344 409 illi,

576 422 710 454 Solvere
735 422 821 464 quod
845 423 933 454 nulla
956 425 1108 464 poterant
1132 423 1257 454 ratione
1282 426 1447 461 nocentes,

575 474 665 510 Quos
690 475 783 506 aulae
808 485 960 517 proceres
985 466 1168 506 horrendae
1191 484 1340 516 mergere
1365 475 1460 506 morti

577 527 718 558 Decreto
743 527 895 558 tulerant.
942 525 1014 562 Quo
1039 530 1070 558 te
1095 537 1180 558 nune
1204 530 1334 559 vertere
1362 527 1502 567 demum,

511 592 536 610 {¹5
574 578 645 614 Quo
668 579 788 620 poteris
813 579 939 621 pietas?
984 578 1121 618 Vereor,
1145 579 1324 621 persistere
1349 582 1466 621 coepto

576 630 626 662 Ne
649 641 714 662 non
739 630 882 662 sufficias
907 633 972 669 aut,
997 630 1024 662 si
1047 630 1223 672 persistere
1247 641 1340 662 mens
1365 634 1426 670 est,

577 682 769 714 Indecorem
794 682 914 714 subeas
938 686 1099 725 temptata
1123 686 1210 714 sorte
1235 683 1409 725 repulsam.

578 734 628 765 En
653 735 765 766 feritas
790 734 976 776 refugitque
999 745 1114 776 preces
1139 735 1326 777 spernitque
1350 737 1554 776 precantem:

577 786 729 818 Praestat
752 787 896 818 divinum
921 787 1023 828 magis
1048 787 1221 829 explorare
1246 787 1405 827 favorem,

504 852 540 870 ιυυ
577 838 737 880 Quodque
761 842 884 880 negant
907 839 1069 877 homines,
1094 849 1113 870 a
1137 839 1311 870 maiestate
1335 838 1479 880 precari;

580 890 698 922 Cetera
722 891 766 922 sic
791 891 963 933 quondam,
988 890 1033 922 sie
1058 894 1092 922 tu
1117 900 1273 933 superare
1298 890 1438 922 solebas.

579 942 713 974 Praesul
738 943 893 985 poenales
918 953 1067 984 gressum
1092 941 1237 974 deflectit
1261 943 1293 974 in
1318 943 1428 982 aedes,

579 994 726 1026 Membra
749 995 817 1026 solo
842 995 967 1033 sternit,
992 994 1148 1026 deitatem
1173 1005 1315 1026 cernuus
1339 999 1420 1026 orat.

580 1046 649 1078 Nec
673 1047 778 1088 pietas
801 1047 957 1078 frustrata
980 1046 1102 1078 virum:
1127 1047 1298 1089 patuitque
1323 1050 1459 1090 repente

506 1111 543 1130 105
581 1097 705 1138 Gratia,
729 1109 793 1140 qua
817 1101 946 1140 gratum
972 1097 1122 1130 Christus
1147 1099 1301 1141 perflarat
1324 1099 1502 1130 alumnum.

581 1150 658 1182 Mox
681 1150 899 1182 fundamentis
924 1161 1036 1182 carcer
1059 1161 1237 1182 concussus
1261 1151 1302 1182 ab
1327 1151 1400 1182 imis

582 1202 724 1234 Solvitur
747 1205 780 1234 et
802 1202 897 1245 rigidi
922 1203 1126 1234 summittunt
1151 1203 1280 1234 vincula
1302 1206 1428 1245 postes;

581 1254 703 1286 Ferrea
725 1255 843 1286 laxatis
867 1254 989 1285 inmani
1013 1254 1159 1296 pondere
1185 1255 1335 1286 claustris
1385 1244 1391 1252 ⁸

581 1306 680 1337 Porta
702 1309 807 1348 patet;
831 1305 929 1338 duros
952 1306 1069 1337 mirum
1093 1307 1309 1348 languescere
1333 1317 1438 1339 nexus

507 1371 543 1390 110
582 1357 623 1389 Et
646 1358 790 1400 triplices
814 1357 926 1390 videas
949 1368 1045 1389 usum
1069 1358 1238 1390 abiurasse
1263 1361 1406 1390 catenas.

581 1409 770 1441 Exonerata
792 1410 885 1451 gravi
909 1409 1095 1441 relevantur
1118 1410 1262 1452 pondere
1287 1410 1380 1449 colla,

583 1461 675 1493 Colla
699 1472 890 1503 manusque,
917 1461 1018 1503 pedes
1046 1464 1079 1493 et
1103 1461 1255 1503 quiequid
1278 1462 1327 1493 vis
1350 1462 1533 1494 truculenta

582 1514 715 1545 Artarat
738 1513 842 1556 rigido
866 1513 1057 1545 miserorum
1081 1514 1115 1545 in
1139 1524 1274 1556 corpore
1299 1513 1401 1545 ferro:

582 1565 731 1597 Absolvit
754 1565 870 1608 pietas,
895 1565 1003 1597 rabies
1027 1565 1113 1608 quod
1137 1566 1288 1597 vinxerat
1310 1568 1392 1598 atra.

510 1631 546 1651 115
584 1618 611 1650 O
637 1628 766 1660 semper
788 1617 924 1649 robusta
943 1617 1034 1657 fides,
1060 1618 1111 1649 cui
1135 1617 1283 1649 subiacet
1307 1628 1414 1652 omne.

584 1669 677 1706 Quod
700 1672 817 1701 natura
839 1672 947 1711 negat.
995 1668 1101 1701 Certis
1126 1680 1222 1711 quam
1245 1669 1371 1711 legibus
1397 1669 1444 1700 uti

584 1721 798 1763 Omnipotens
822 1721 983 1763 prohibet,
1007 1721 1078 1753 fieri
1102 1721 1129 1752 si
1153 1721 1283 1763 quando
1308 1724 1473 1764 perurget,

585 1774 668 1805 Esse
692 1773 779 1815 quod
801 1773 969 1804 insolitum
991 1776 1109 1804 natura
1132 1776 1218 1805 teste
1243 1773 1411 1816 probatur.

584 1826 718 1858 Proruit
744 1826 904 1867 exemptis
927 1825 1120 1857 miserorum
1145 1826 1254 1857 contio
1281 1826 1397 1857 vinclis

510 1892 547 1911 120
584 1877 741 1920 Squalida
764 1877 856 1920 pigra
879 1877 1014 1908 horrens
1039 1877 1237 1909 miserabilis
1261 1876 1393 1919 hispida
1417 1887 1567 1909 marcens

584 1931 732 1973 Praeque
756 1930 864 1962 ferens
889 1939 1009 1961 vacuos
1033 1929 1121 1960 facili
1143 1929 1327 1971 gestamine
1351 1939 1467 1968 nexus,

586 1984 666 2020 Quis
690 1983 780 2025 prius
803 1982 967 2024 inplicitos
992 1982 1104 2013 feritas
1129 1981 1312 2013 obduxerat
1335 1984 1435 2014 artus.

586 2035 759 2077 Linquitur
781 2034 938 2065 innocuus
962 2033 1093 2065 tandem
1117 2037 1192 2076 post
1215 2037 1364 2076 tempora
1389 2044 1502 2066 carcer

585 2088 832 2129 Immunemque
857 2086 947 2118 necis
971 2085 1086 2128 pandit
1109 2085 1325 2118 subeuntibus
1350 2086 1470 2118 aulam.

511 2153 547 2172 125
586 2139 756 2172 Ecclesiae
781 2138 904 2181 gremio
929 2138 1018 2180 pacis
1042 2141 1222 2180 praeeunte
1245 2137 1409 2180 triumpho

586 2192 769 2224 Germanus
794 2190 946 2222 reducem
970 2190 1050 2221 mira
1073 2190 1196 2232 pietate
1220 2189 1389 2220 eohortem

585 2244 718 2280 Inserit;
741 2243 797 2275 illa
819 2253 902 2274 novo
925 2242 1111 2284 persultans
1136 2242 1278 2278 carmine
1303 2240 1442 2284 plaudit.

628 2296 702 2328 Ibat
724 2296 757 2327 in
779 2296 962 2326 inmensum
986 2294 1110 2326 meritis
1134 2294 1292 2325 instructa
1316 2293 1421 2325 beatis
1610 2296 1812 2323 Deincrememo
1822 2297 1871 2329 eiq-

585 2347 687 2378 Fama
709 2346 811 2389 patris
834 2345 955 2388 magni,
979 2345 1143 2387 signorum
1167 2345 1272 2387 gloria
1296 2355 1354 2376 nec
1378 2355 1443 2376 non
1611 2349 1704 2366 norum
1727 2345 1751 2390 ξι
1771 2340 1872 2373 ylarius

512 2414 549 2432 1³0
587 2399 682 2431 Clara
706 2409 814 2430 eomes
838 2398 975 2440 populos
999 2397 1041 2428 ad
1063 2397 1217 2439 dogmata
1241 2399 1352 2428 sancta
1376 2396 1484 2428 ciebat
1709 2392 1770 2409 Μ’·

588 2452 614 2483 Ε
639 2451 764 2483 cunetis
789 2460 966 2492 properare
989 2450 1082 2489 locis,
1106 2449 1222 2491 quibus
1245 2448 1348 2480 ardua
1371 2449 1472 2480 virtus

586 2503 656 2535 Iam
679 2502 800 2534 dudum
825 2504 993 2544 comperta
1016 2501 1108 2533 foret.
1153 2500 1322 2532 Facundia
1345 2510 1531 2542 quanquam

585 2555 679 2587 Nune
704 2554 801 2586 michi
825 2556 1025 2597 suppeteret,
1050 2553 1136 2585 soliti
1161 2563 1257 2595 quam
1281 2552 1424 2584 carmine
1448 2555 1540 2583 vates

328 2677 433 2702 ,Scholia
451 2691 484 2695 —
502 2676 535 2701 92
553 2676 630 2709 quod]
649 2685 678 2702 eo
697 2677 764 2709 quod
850 2676 884 2702 99
903 2674 1028 2708 Rraestat]
1047 2675 1139 2700 melius
1157 2679 1196 2700 est
1289 2673 1339 2700 103
1358 2673 1422 2707 solo]
1442 2677 1526 2699 terrae
1578 2671 1700 2704 cernuus]
1720 2672 1873 2698 incurvatus

227 2720 275 2745 1⁶22
294 2719 366 2752 Quis]
387 2729 431 2753 pro
450 2721 544 2752 quibus

330 2805 379 2831 133
398 2807 473 2831 Nunc
491 2805 625 2839 Bosa-hius]
645 2808 698 2832 Nee
716 2807 742 2832 P

332 2891 379 2917 133
399 2890 453 2923 Cl'r.
472 2899 558 2924 supra
577 2891 613 2917 II
622 2893 709 2924 praef.
729 2900 748 2918 v.
769 2893 784 2918 9
799 2900 865 2926 pay.
884 2892 944 2918 452.
