2040 2996
275 124 332 153 160
835 121 977 149 SEDULII
996 121 1125 149 SCOTTI
1145 121 1313 148 CARMINA
1330 122 1351 148 1.

634 208 728 240 Haec
752 209 897 240 stabilire
922 211 1046 250 queunt
1070 208 1276 250 splendentia
1298 208 1420 240 lumine
1447 209 1578 250 templa,

681 260 768 292 Aula
791 271 851 294 nec
875 263 908 292 et
931 271 1045 302 regum
1069 260 1119 291 his
1145 260 1214 292 sine
1238 260 1332 291 firma
1356 263 1479 302 potest:

569 319 579 336 ⁵
632 312 716 343 Iusti
740 312 876 344 rectoris
901 312 1039 354 propriis
1064 311 1110 343 sic
1135 314 1221 343 stare
1246 311 1419 351 columnis,

680 363 892 395 Publicares
916 364 1020 406 poscit
1042 363 1240 406 propitiante
1264 362 1336 394 deo.

632 415 742 446 Prima
765 416 918 447 columna
941 415 1039 447 micat
1063 415 1131 447 veri
1155 415 1308 457 speciosa
1331 414 1449 447 decore

678 466 728 498 Ac
752 467 881 509 patiens
905 467 1051 509 regimen
1074 467 1134 499 rite
1159 467 1305 499 secunda
1328 469 1429 507 tenet,

634 517 745 550 Tertia
768 519 918 561 largiflua
941 519 1066 550 meritis
1090 518 1146 550 dat
1170 530 1305 551 munera
1328 518 1447 550 dextra

556 576 579 593 10
686 569 876 611 Quartaque
902 569 1136 611 blandiloquax
1160 569 1269 601 dulcia
1292 569 1394 601 verba
1419 573 1522 608 sonat,

636 620 757 656 Quinta
779 621 882 653 malos
906 621 1054 663 reprimit
1077 621 1159 653 miro
1184 621 1319 663 zeloque
1344 624 1503 662 coruscat,

681 672 812 705 Gaudet
835 675 930 705 sexta
953 676 1071 716 potens
1096 673 1305 715 magnificare
1329 673 1443 713 bonos,

635 724 783 767 Septima
807 726 987 758 clementer
1011 726 1123 768 populi
1146 726 1333 768 levigatque
1357 726 1526 766 tributum,

682 778 744 809 Ast
766 780 882 810 octava
905 778 990 820 regit
1013 778 1156 810 iustitiae
1182 778 1354 810 trutinam:

554 836 576 853 1⁵
630 828 752 860 Nititur
775 829 825 861 his
850 830 960 862 solidis
983 841 1036 862 res
1059 830 1194 872 publica
1217 830 1300 862 fulta
1324 830 1493 870 columnis,

681 881 774 913 Sicut
797 893 890 914 mons
915 882 993 914 Sion
1017 882 1067 914 his
1093 882 1287 925 stabilisque
1313 886 1433 916 manet.

1059 993 1123 1015 xm.

709 1034 868 1077 Princeps
891 1034 1092 1076 magnificus,
1118 1045 1216 1077 quem
1239 1034 1320 1067 deus
1346 1036 1475 1075 extulit,

711 1086 756 1117 Ut
778 1086 901 1128 praesit
922 1087 1042 1128 populo
1066 1087 1250 1129 sceptriger
1272 1087 1413 1127 inclitus,

709 1139 820 1171 Debet
842 1139 1040 1171 celsithrono
1066 1150 1101 1171 se
1124 1138 1208 1171 bene
1234 1139 1386 1172 subdere.

712 1191 836 1223 Cedros
860 1192 914 1234 qui
937 1191 1055 1223 Libani
1079 1191 1228 1224 conditor
1251 1192 1365 1232 edidit,

647 1272 657 1289 ⁵
707 1264 837 1297 Montes
861 1265 917 1307 qui
940 1276 1076 1307 superos
1100 1265 1223 1297 vertice
1247 1265 1410 1305 sublevat,

710 1317 775 1353 Qui
797 1327 964 1358 gemmare
988 1318 1066 1350 facit
1089 1329 1229 1360 ruraque
1253 1318 1397 1358 floribus,

709 1369 820 1401 Pinxit
843 1369 962 1412 quique
986 1370 1080 1412 polos
1105 1362 1399 1412 sideribus'pater,

711 1420 774 1457 Qui
797 1420 880 1453 caeli
903 1421 1070 1453 Cherubin
1093 1432 1154 1454 rex
1177 1422 1399 1464 supereminet
1422 1441 1462 1445 -—

709 1494 819 1536 Reges
842 1494 1025 1536 terrigenas
1050 1505 1187 1537 magnus
1210 1495 1238 1526 is
1263 1494 1400 1526 ordinat.

631 1551 656 1570 1⁰
709 1545 759 1576 Ob
783 1545 846 1577 hoc
869 1545 1041 1587 provideat
1064 1548 1171 1577 rector
1193 1545 1380 1585 honoribus,

709 1596 887 1629 Excellens
912 1609 1066 1640 superum
1090 1609 1170 1640 quos
1194 1597 1275 1629 deus
1301 1598 1420 1638 attulit,

710 1648 776 1680 Olli
799 1659 863 1691 quo
887 1650 1026 1692 placeat,
1051 1650 1106 1692 qui
1129 1650 1213 1692 regit
1238 1649 1362 1681 omnia:

710 1723 860 1765 Regnum
882 1724 938 1766 qui
961 1724 1074 1756 tribuit
1095 1725 1258 1757 maximus
1283 1724 1416 1764 arbiter,

710 1774 806 1807 Illum
829 1775 1028 1817 magnificat,
1054 1776 1202 1818 quisquis
1227 1787 1302 1808 eum
1325 1777 1401 1808 colit

631 1833 654 1851 1⁵
708 1826 819 1859 Verbo
844 1827 943 1859 corde
966 1827 1020 1869 pio
1044 1828 1191 1870 regmine
1215 1828 1371 1867 moribus,

710 1878 830 1910 Christi
854 1879 974 1921 quique
998 1879 1112 1911 volens
1137 1880 1296 1912 ecclesiae
1320 1880 1419 1912 favet.

713 1952 868 1984 Servator
892 1963 1064 1992 canonum,
1088 1952 1204 1984 ductor
1227 1956 1260 1985 et
1284 1954 1424 1995 optimus

712 2004 823 2036 Claret
845 2004 990 2037 iustitiae
1014 2007 1188 2037 stemmate
1212 2005 1371 2048 fulgidus;

710 2056 786 2088 Rex
809 2059 860 2088 est
882 2056 964 2097 iure,
988 2067 1082 2089 sacer
1105 2057 1159 2099 qui
1184 2068 1278 2088 sacra
1301 2057 1454 2099 dogmata

632 2113 657 2132 20
710 2107 759 2139 Ac
783 2107 915 2140 decreta
937 2111 1067 2151 patrum
1091 2111 1201 2140 servat
1224 2109 1257 2140 in
1281 2108 1445 2140 omnibus:

711 2180 808 2212 Illum
833 2181 990 2213 clarificat
1012 2182 1203 2224 pontificum
1228 2182 1357 2221 chorus,

711 2232 781 2264 Ceu
803 2244 953 2275 gemmae
977 2233 1108 2265 radiant
1130 2233 1164 2265 in
1188 2233 1374 2266 diademate

711 2284 760 2316 Ac
784 2295 933 2327 campum
959 2284 1116 2318 decorant
1140 2286 1247 2318 lactea
1269 2286 1338 2317 lilia

711 2336 944 2378 Illustrantque
967 2337 1078 2380 polum
1102 2337 1228 2379 fulgida
1251 2337 1359 2370 sidera

266 2433 340 2457 Plato
363 2437 388 2458 et
405 2433 522 2466 Tullius,
546 2434 607 2459 licet
630 2434 667 2458 illi
691 2433 776 2458 ultimi
793 2433 853 2458 libri
870 2441 923 2458 non
941 2433 1096 2465 habeantur,
1121 2441 1151 2458 ac
1168 2434 1246 2459 etiam
1263 2434 1307 2458 alii
1325 2434 1413 2466 plures
1431 2442 1523 2467 magna
1541 2434 1616 2459 nobis
1634 2435 1766 2459 volumina
1783 2434 1920 2466 reliquere:

266 2476 297 2500 ad
316 2476 364 2500 ista
381 2476 489 2508 quisque
507 2480 621 2502 recurrat
638 2477 664 2501 in
683 2475 795 2508 residuo)
815 2476 842 2501 in
860 2476 948 2501 libello
967 2476 998 2501 de
1015 2476 1166 2501 Christianis
1185 2477 1327 2502 rectoribus
1346 2477 1426 2509 primo
1445 2485 1500 2509 cap.
1522 2476 1579 2508 (sic)
1599 2481 1656 2502 octo
1674 2477 1848 2510 principaliter
1865 2477 1921 2509 reg-i

266 2519 409 2544 necessaria
426 2519 465 2544 his
483 2520 600 2545 versibus
618 2519 748 2553 exprimit:
774 2519 882 2545 Fabi-ica
899 2519 972 2544 nullu.
989 2533 1022 2537 —
1040 2519 1189 2552 stabilisque
1207 2523 1299 2545 manet.
1386 2519 1403 2545 3
1421 2518 1490 2546 *Nec
1503 2520 1528 2545 P
1549 2519 1632 2546 Nicol.
1649 2520 1707 2546 Οιιε.
1794 2518 1812 2545 4
1829 2528 1920 2552 regum

266 2570 322 2586 esse
340 2562 379 2586 his
396 2562 482 2587 Nicol.
499 2562 556 2588 Oua
618 2567 657 2588 sat
675 2567 714 2589 est
731 2563 901 2594 confeceram,
922 2562 966 2588 sed
984 2564 1032 2595 cfr.
1053 2562 1142 2588 Sedul.
1163 2572 1242 2588 carm.
1262 2563 1299 2588 II
1324 2567 1413 2586 XXVII
1437 2562 1454 2588 4
1540 2564 1557 2589 6
1575 2564 1732 2597 propiciante
1744 2563 1769 2588 ,Ρ
1851 2562 1869 2588 8
1886 2563 1921 2588 At

266 2605 368 2637 paciens
388 2604 413 2628 P
503 2604 520 2630 9
546 2615 651 2632 munere
668 2606 694 2631 P
788 2605 820 2631 11
847 2606 962 2639 reprimit
988 2606 1094 2639 zeloque
1121 2607 1231 2632 micante
1258 2607 1395 2632 choruscat
1422 2607 1509 2632 Nicol.
1537 2607 1594 2633 ὓιε.
1618 2608 1756 2633 choruscat
1781 2615 1880 2639 semper
1898 2606 1924 2632 P

269 2646 300 2672 12
319 2648 500 2680 magnificare
512 2648 537 2673 P
622 2649 654 2675 13
673 2650 784 2683 Septima
807 2649 934 2675 Clementi
958 2649 1015 2681 (sic)
1042 2650 1104 2683 petit
1122 2658 1165 2676 ore
1183 2651 1295 2684 benigna.
1312 2651 1439 2676 tributum
1459 2650 1488 2674 N
1490 2651 1546 2676 icol.
1569 2650 1663 2676 aaran.
1754 2649 1785 2675 16
1803 2651 1886 2676 Sicuti
1897 2649 1924 2675 P

266 2698 331 2722 syon
344 2690 368 2714 P
381 2691 500 2723 (semper)
514 2696 537 2717 et
549 2691 632 2718 Nicol.
648 2693 705 2718 Cas.
829 2691 903 2726 [xm]
922 2691 940 2717 4
957 2693 1053 2718 Cedere
1066 2693 1092 2718 P
1102 2702 1169 2719 corr.
1183 2693 1271 2718 Maiae
1352 2692 1369 2718 9
1387 2694 1516 2726 malignus
1530 2693 1642 2726 (legerat
1653 2694 1731 2726 ἱρέων
1743 2692 1882 2727 mnngnus)
1896 2693 1923 2718 P

266 2741 333 2757 corr.
353 2732 441 2757 Maius
530 2734 558 2759 11
580 2744 718 2768 supperum
733 2735 758 2760 P
776 2736 876 2768 superis
899 2735 988 2761 Maius
1075 2735 1110 2762 2⁶2
1131 2737 1242 2762 diamate
1257 2736 1282 2762 P
1296 2746 1362 2762 corr.
1374 2737 1463 2762 Maius
1549 2736 1583 2762 23
1600 2735 1688 2762 *UtP
1739 2736 1838 2763 *lacten
1855 2735 1919 2768 lilia]

267 2784 298 2800 ac
320 2775 420 2801 uilioria
433 2776 457 2801 P
474 2777 556 2802 violae
574 2779 631 2810 ΜΟ)
649 2779 702 2804 lilia
722 2779 810 2804 Maius

1861 2824 1882 2852 ’ἶ

2031 2141 2040 2243 Anna-h*
2036 2110 2040 2127 .„.
2036 2075 2040 2100 -.
2039 2033 2040 2036 „
2038 2015 2040 2019 .
2036 1999 2040 2002 .
