2060 3074
279 123 341 153 694
664 120 832 147 CARMINA
851 119 1072 147 SCOTTORUM
1091 118 1227 146 LATINA
1247 119 1293 145 ET
1313 118 1556 146 GRAECANIGA.

678 271 702 290 10

677 546 702 565 15

677 821 703 840 20

679 1115 705 1134 25

679 1393 704 1412 ³⁰

679 1664 704 1684 ab

680 2223 705 2243 4⁵

750 206 963 246 Quaesumus,
986 206 1103 237 nostris
1127 205 1206 237 deus
1230 208 1265 236 ut
1287 216 1436 237 serenum

747 258 846 289 Iubar
868 257 1018 289 infundas
1042 257 1255 300 lacrimasque
1279 261 1400 300 tergas,

749 310 843 341 Pacis
867 313 902 340 ut
924 309 1042 352 pignus
1066 309 1230 352 capiamus
1254 310 1359 341 almae

904 359 1068 392 Mentibus
1092 370 1213 391 omnes.

749 429 834 461 Ecce
860 440 935 461 nam
958 429 1096 461 mundus
1119 429 1322 472 populusque
1345 429 1455 462 mundi

750 481 825 512 Flet
847 479 1032 522 Hludowici
1054 481 1232 523 Karolique
1255 484 1359 513 morte

747 533 986 575 Imperatorum
1010 533 1147 575 populos
1170 536 1317 565 tuentum

905 585 993 616 Ense
1016 585 1151 627 potenti.

751 654 882 696 Plangit
906 657 939 685 et
963 654 1088 686 caelum
1112 655 1316 697 populusque
1341 655 1423 686 caeli

750 705 942 737 Praesulem
966 716 1126 737 summum
1149 705 1379 748 dominumque
1403 717 1521 749 papam

749 757 856 788 Roma
879 757 1059 789 Iohannem
1082 757 1172 789 rabie
1197 758 1361 800 repulsum

901 808 1080 842 Daemonis
1104 813 1183 841 atra.

750 877 820 909 Nec
843 878 948 909 minus
971 878 1079 920 plorat
1101 878 1248 910 solitudo
1265 889 1357 911 sacra

750 929 832 962 Cum
856 940 914 962 suo
939 934 1035 962 coetu
1057 931 1288 973 monachisque
1312 931 1442 971 cunctis,

751 981 859 1014 Dente
885 982 972 1025 quod
995 981 1055 1014 diri
1078 982 1262 1014 lacerentur
1283 983 1345 1025 ipsi

906 1034 1035 1077 Nempe
1059 1034 1172 1066 leonis.

749 1102 888 1145 Fletque
909 1102 1116 1135 Walfredum
1140 1103 1291 1135 comitem
1307 1103 1438 1135 Verona

751 1154 832 1186 Cum
857 1154 1049 1187 suburbanis
1071 1155 1249 1198 viculisque
1273 1156 1405 1194 cunctis,

752 1206 846 1243 Quod
868 1207 953 1250 lupis
977 1207 1082 1239 saevis
1104 1210 1239 1250 pateant
1262 1210 1296 1239 et
1317 1207 1379 1250 ipsi

877 1277 880 1280 Δ
906 1258 993 1291 Ense
1017 1259 1159 1302 repulso.

751 1328 868 1360 Pastor
891 1331 924 1359 at
946 1330 1058 1360 noster
1080 1327 1265 1360 Adelardus
1288 1329 1392 1360 almus

750 1379 860 1411 Plebis
887 1379 1028 1412 afflictae
1052 1380 1202 1412 lacrimas
1224 1380 1355 1423 repellit

752 1430 872 1464 Sancta
894 1434 1071 1475 praecepta
1093 1431 1265 1464 tribuendo
1287 1431 1381 1464 nobis

907 1483 973 1515 Ore
997 1483 1126 1516 salubri.

751 1547 919 1580 Fluctibus
942 1548 1034 1591 ponti
1057 1548 1220 1591 quatiatur
1242 1548 1303 1580 etsi

751 1600 877 1643 Raptus
902 1609 920 1632 e
942 1602 1040 1643 portu
1063 1600 1222 1642 aquilonis
1245 1602 1326 1641 arte,

747 1651 878 1684 Fraude
902 1662 986 1694 quae
1009 1654 1103 1684 natos
1125 1652 1264 1684 hominis
1286 1652 1411 1684 veterni

908 1703 1062 1736 Sternere
1085 1704 1222 1747 quaerit,

751 1768 812 1801 Ille
835 1768 894 1801 sed
917 1768 993 1800 diris
1016 1768 1153 1801 stimulis
1175 1769 1297 1801 resistit

754 1820 858 1853 Galea
881 1823 972 1853 scuto
995 1820 1138 1864 fideique
1161 1821 1231 1864 spei

753 1872 917 1913 Caritatis,
942 1883 1026 1915 quae
1051 1872 1264 1916 dominusque
1287 1876 1399 1905 noster

906 1925 1051 1958 Contulit
1074 1926 1154 1959 orbi.

753 1991 851 2033 Isque
875 1990 975 2022 lorica¹
998 1989 1172 2033 gladioque
1195 1990 1287 2023 verbi

753 2042 890 2086 Spiritus
914 2043 1025 2083 sancti,
1050 2043 1152 2075 crucis
1175 2053 1213 2075 ac
1236 2043 1399 2085 triumpho

752 2095 911 2127 Invocans
934 2097 1062 2137 patrem
1085 2094 1316 2137 dominumque
1340 2097 1444 2126 temet

909 2146 1052 2178 Territat
1074 2147 1195 2179 hostes.

750 2210 885 2243 Hostias
908 2221 1016 2243 sacras
1038 2211 1168 2244 tibimet
1190 2211 1409 2254 frequentans,

754 2263 939 2306 Pauperum
962 2267 1105 2306 tegmen,
1130 2263 1220 2295 cibus
1244 2266 1342 2306 atque
1365 2266 1461 2306 potus

752 2315 854 2346 Extat
878 2315 1012 2347 edoctus
1037 2315 1167 2348 domino
1191 2316 1345 2357 magistro

910 2367 1049 2399 Pascere
1074 2368 1209 2400 fratres„

386 2495 402 2521 9
420 2505 456 2522 tm
472 2495 582 2522 *nocti‘3
664 2496 697 2522 15
718 2498 826 2531 populos
850 2498 886 2523 sic
903 2497 929 2522 B
1017 2496 1049 2524 18
1067 2499 1201 2531 Presulem
1219 2499 1255 2524 cic
1272 2498 1298 2524 B
1386 2497 1418 2524 19
1436 2496 1532 2524 *Rome
1550 2497 1576 2523 B

283 2538 317 2564 39
336 2548 371 2564 wn
390 2537 475 2565 *bona
493 2548 612 2573 quasque
631 2540 740 2566 nostro?
756 2540 782 2565 B
851 2539 885 2565 43
903 2539 991 2566 *timet
1008 2540 1033 2565 B
1119 2540 1154 2567 44
1172 2550 1208 2567 απ
1226 2541 1366 2567 *hostem3

386 2607 421 2633 34
439 2606 492 2640 ‘C'f.
512 2607 637 2635 Radboda'
651 2607 712 2634 Vita
730 2607 846 2634 Lebuini
863 2616 886 2634 v.
900 2608 917 2635 3
936 2616 1019 2636 saeva
1033 2609 1186 2644 'procellosi
1205 2609 1369 2644 compressit
1393 2609 1510 2637 flumina.
1531 2609 1636 2642 Rheni,
1658 2609 1744 2636 Cuius
1768 2609 1840 2636 forte
1861 2608 1942 2643 gravi
1990 2635 2000 2650 ,ἃ

290 2657 443 2692 turgebant
466 2658 539 2685 ostia
557 2659 639 2691 flatu,
663 2659 819 2694 Exagitata
844 2660 908 2687 feris
926 2669 1060 2696 persaepe
1087 2660 1268 2695 aquilonibus
1286 2662 1366 2693 ante,
1391 2661 1439 2688 ubi
1455 2661 1487 2687 in
1503 2660 1592 2688 codice
1609 2660 1780 2688 Bardima'
1796 2659 1944 2688 adnm
1963 2665 1966 2666 ’

285 2709 476 2743 aquilonibus:
505 2710 611 2738 diaboli
634 2711 871 2739 immissionibus?
891 2712 924 2738 P.
943 2711 975 2739 de
991 2712 1161 2746 Winterfeld.

285 2759 322 2786 ad
339 2769 360 2787 v.
382 2761 422 2794 13,
443 2761 529 2788 Morte
548 2761 715 2789 Latemisdw
733 2762 860 2798 Hymnen
879 2763 900 2790 I
912 2764 971 2791 369.
1042 2764 1075 2790 47
1095 2763 1194 2791 Matth.
1213 2765 1256 2797 25,
1268 2764 1310 2792 34.

1656 2497 1943 2526 aeacum-..ur
2001 2540 2005 2541 ⁷

1257 2713 1342 2740 38.41
1365 2712 1406 2746 cf.
1425 2720 1510 2747 aspra
1524 2720 1588 2747 pay.
1601 2713 1652 2740 164
1670 2712 1708 2739 aa
1723 2721 1746 2740 υ.
1757 2713 1800 2744 se,
1814 2719 1878 2749 1²⁰0-
1891 2711 1943 2741 176
1995 2707 2003 2729 :
