2040 2996
265 92 324 122 150
702 87 889 115 APPEN'DIX
907 88 956 115 AD
974 87 1179 114 CIPRIANUM
1198 86 1246 114 ET
1265 85 1471 113 SAMSONEM.

562 176 581 206 6
626 174 778 218 Increpet
800 175 834 208 in
857 178 890 207 te
915 175 1078 207 redemtor
1100 174 1188 206 mille
1211 173 1320 206 formis
1343 172 1526 212 demonem,

624 227 670 258 Ut
692 227 843 259 discedas
866 238 950 259 nnnc
974 238 993 259 a
1016 227 1125 264 nobis3
1149 226 1220 269 ipse
1243 225 1302 257 tibi
1325 226 1473 268 imperet,

623 279 740 311 Procul
762 282 798 311 ut
822 279 988 321 effugiatis
1012 279 1053 311 ab
1076 279 1148 310 istis
1173 277 1389 309 Christicolis.

564 350 581 380 7
626 349 914 390 Meminereenim
938 347 1038 381 debes
1061 358 1179 390 penam
1202 347 1263 379 tibi
1285 346 1429 380 deditam
1453 357 1459 377 ;

626 400 768 433 Intuitus
790 401 938 433 membra
961 400 1081 432 Christi
1104 399 1192 440 time,
1215 399 1327 442 fugam
1351 399 1474 442 arripe;

628 453 742 495 Sitque
766 453 861 485 nobis
885 453 955 495 ipse
980 452 1130 484 Christus
1153 454 1283 494 prestus
1307 450 1349 483 ad
1372 450 1528 483 custodia.

564 525 582 556 8
629 523 792 556 Confusus
815 523 930 567 procul
954 534 974 555 a
996 525 1108 555 nostro
1132 522 1268 555 recedas
1292 521 1438 562 cenobio,

627 575 759 608 Intuere
782 586 841 607 nos
862 575 1004 607 munitos
1030 575 1133 607 crucis
1158 575 1286 617 signum
1309 573 1427 614 valide,

626 627 718 670 Fuge
741 638 887 671 prorsus,
910 627 997 670 fuge,
1022 627 1151 667 demon,
1176 629 1246 659 esto
1269 626 1334 658 tuis
1357 625 1532 669 particeps,

565 700 584 730 9
628 698 741 740 Usque
766 698 852 730 diem
876 698 967 730 illum
991 707 1145 740 magnum
1168 696 1302 738 verique
1326 695 1450 727 iudicii:

630 750 721 782 Tunc
743 754 889 790 sanctos,
914 760 994 793 quos
1018 752 1054 782 tu
1077 749 1233 789 temtasti,
1258 748 1496 790 coniungentur
1519 748 1655 790 angelis,

629 803 704 835 Eris
728 813 854 845 quoque
877 805 912 834 tu
935 802 1105 835 damnatus
1128 801 1161 833 in
1184 804 1318 833 aeterno
1341 802 1479 833 veratro.

548 874 585 904 10
630 871 743 904 Gloria
765 882 896 904 carmen
919 874 1050 903 resonat
1072 870 1156 914 patri
1179 873 1277 912 atque
1300 869 1374 908 filio,

631 923 764 966 Spiritu,
788 934 850 966 quo
874 934 1005 966 semper
1028 925 1120 955 extat
1143 922 1314 954 coniuncta
1337 921 1507 964 equalitas,

632 976 695 1012 Qui
719 987 792 1008 cum
816 975 877 1008 deo
900 978 993 1018 patre
1018 974 1164 1017 (conpar)
1189 974 1400 1017 perfectaque
1423 974 1561 1006 trinitas.

1062 1181 1122 1213 VI.

633 1239 778 1282 Imperat
801 1238 1020 1280 omnipotens:
1051 1237 1175 1279 procul,
1200 1247 1219 1268 ο
1243 1237 1356 1280 procul
1380 1236 1498 1279 effuge,
1521 1237 1650 1278 demon,

678 1290 730 1323 Ne
753 1290 868 1322 fraude
890 1292 1038 1321 nostrum
1061 1289 1169 1332 possis
1193 1288 1284 1321 adire
1306 1291 1425 1329 torum,

632 1343 682 1375 Ne
707 1343 868 1375 somnium
891 1341 1004 1374 turbes
1027 1351 1087 1373 nec
1111 1341 1225 1373 mortis
1248 1340 1355 1373 vincla
1379 1341 1554 1381 ministres,

678 1396 729 1428 Ne
753 1396 855 1428 fallax
878 1395 1019 1427 animam
1043 1394 1190 1427 sordides
1213 1394 1285 1437 ipse
1310 1405 1427 1427 meam.

568 1457 579 1475 5
634 1448 748 1480 Crucis
772 1449 857 1480 alme
880 1447 949 1480 fero
973 1447 1116 1490 signum:
1141 1446 1229 1489 fuge,
1253 1446 1379 1479 demon.

633 1518 698 1550 Hic
721 1520 816 1560 pater
839 1520 872 1549 et
894 1517 1030 1549 verbum
1053 1517 1107 1549 vel
1131 1519 1264 1548 sanctus
1289 1516 1422 1559 spiritus
1447 1516 1543 1557 adsit,

679 1570 772 1602 Unus
794 1570 916 1612 ubique
940 1569 1020 1602 deus
1045 1570 1151 1601 celsus
1176 1572 1209 1601 et
1232 1569 1446 1612 omnipotens,

632 1622 794 1654 Lubricus
817 1622 870 1654 inc
894 1622 1008 1664 anguis
1031 1621 1137 1664 fugiat
1159 1621 1192 1653 in
1215 1620 1352 1653 Tartara
1374 1632 1525 1664 preceps,

682 1674 800 1707 Torum
823 1684 865 1706 ne
889 1676 1007 1706 noceat
1030 1673 1091 1705 rite
1115 1673 1223 1705 dicate
1246 1672 1319 1706 deo.

556 1735 580 1753 10
634 1725 749 1758 Crucis
773 1726 858 1758 alme
883 1726 964 1767 (fero
988 1725 1132 1768 signum:
1156 1725 1244 1767 fuge,
1268 1724 1412 1766 demon).

635 1796 684 1828 Sit
707 1795 789 1828 celle
813 1795 963 1827 dominus
988 1797 1130 1835 sanctus,
1154 1794 1197 1826 sit
1220 1797 1329 1826 mente
1355 1793 1434 1837 [pie]
1459 1794 1632 1837 benignus,

678 1847 724 1879 Ut
746 1847 875 1889 placeat
898 1846 1038 1887 Christo,
1062 1846 1187 1889 fulgeat
1211 1846 1271 1888 (ut)
1297 1846 1421 1878 merito.

632 1899 807 1932 Exorcidio
831 1909 898 1939 vos,
922 1909 1035 1931 omnes
1058 1898 1232 1931 demonum
1256 1898 1428 1939 fantasma,

678 1951 757 1992 Vos,
782 1961 894 1983 omnes
918 1951 1027 1993 angeli
1049 1951 1159 1993 iniqui,
1183 1950 1287 1992 fugite
1309 1950 1439 1983 abhinc.

555 2011 578 2031 1⁵
632 2003 747 2036 Crucis
770 2004 855 2035 alme
878 2003 948 2036 fero
973 2003 1115 2045 <signum
1140 2014 1146 2034 :
1171 2002 1248 2045 fuge
1272 2002 1415 2044 demon).

373 2137 414 2170 6,1
433 2135 588 2162 *demonum
606 2135 631 2160 T
714 2133 755 2166 9‚3
773 2133 867 2160 *vatuo
885 2134 909 2159 T
991 2133 1051 2167 10‚3
1069 2133 1188 2168 *compar
1205 2143 1253 2159 om.
1272 2133 1297 2158 T

374 2187 438 2222 [VL]
457 2187 473 2214 3
491 2196 593 2213 somnos
611 2185 771 2220 [Eugyenim]
797 2191 855 2212 teste
873 2186 1028 2212 Lorenzana
1114 2185 1132 2211 4
1155 2186 1229 2212 fallas
1254 2187 1369 2212 animum
1394 2187 1512 2212 sordibus
1536 2187 1590 2220 ipse
1609 2195 1694 2212 meum
1712 2186 1843 2220 [Euam-J
1862 2191 1921 2213 teate

272 2231 380 2258 Lorenz.
466 2231 483 2256 8
500 2230 648 2256 *ἰιιοειιηιῃίε
665 2230 689 2254 Τ
772 2229 805 2255 10
822 2234 845 2255 et
863 2229 896 2255 15
914 2230 1028 2263 supplevi
1115 2229 1147 2255 11
1166 2228 1223 2263 *pic
1242 2230 1300 2255 secl.
1388 2229 1420 2255 12
1438 2229 1484 2256 *nt
1505 2239 1554 2255 om.
1572 2230 1596 2254 Τ
1675 2235 1735 2263 poet
1754 2230 1787 2256 15
1805 2231 1919 2263 sequitur

272 2276 354 2306 Quam
373 2275 472 2300 telluris
497 2275 580 2308 spatia
597 2275 768 2307 porrigantur,
787 2274 844 2299 date
863 2274 910 2299 dco
926 2272 944 2306 ll
962 2273 1128 2307 omnipotenti
1146 2273 1275 2298 honorem.
1311 2274 1360 2299 Per
1378 2274 1427 2299 hoc
1445 2274 1548 2307 signum
1569 2277 1686 2299 sanctum
1704 2274 1788 2299 erucis
1805 2278 1922 2308 tropeum

271 2327 392 2352 magnum
411 2322 436 2343 ct
454 2318 636 2350 venerabilem,
655 2326 699 2350 per
717 2326 793 2350 quem
813 2326 860 2342 vos
878 2317 952 2342 iussit
970 2316 1070 2350 expelli.
1107 2316 1196 2341 Crucis
1214 2317 1288 2342 alme.
1322 2317 1371 2342 Per
1389 2317 1455 2342 diem
1474 2317 1579 2342 sulbasti
1598 2325 1652 2349 nos,
1672 2317 1786 2347 domine,
1804 2318 1832 2342 in
1849 2321 1923 2343 nocua

273 2362 372 2387 custodi
390 2370 444 2394 nos,
463 2362 523 2386 Iesu
542 2361 641 2386 Christe
658 2361 683 2385 Τ
