2138 3106
296 177 356 207 300

573 1001 597 1019 75

569 2154 594 2172 10

899 170 1067 197 CARMINA
1086 167 1349 196 CENTULENSIA.

611 259 873 299 Lactantumque
898 257 967 288 dies
990 267 1179 298 puerorum:
1204 258 1313 287 mente
1336 255 1479 296 benigna

570 326 573 335 ·
611 310 755 347 Quorum
779 319 863 340 nunc
887 319 1004 340 munus
1029 308 1120 339 caelo
1145 308 1208 339 iam
1232 306 1399 349 praesidet
1421 306 1497 343 alto,

613 363 763 405 Ipsorum
791 361 923 403 sanguis
948 361 1063 391 merito
1089 359 1271 391 conclamat
1294 359 1418 400 aitque:

615 414 719 445 ‘Talia
744 423 799 444 cur
823 423 932 452 ausus,
955 412 1043 443 lanio
1067 411 1178 450 miser,
1202 410 1300 453 impie
1324 411 1418 445 latro,

613 466 753 505 Funera,
778 464 939 504 Herodes,
963 464 1128 506 imponere
1153 473 1210 506 pro
1233 473 1314 494 nece
1339 461 1460 493 Christi

613 518 727 549 Parvis
751 528 789 549 ac
813 520 951 548 matrum
976 526 1151 557 rumasque
1176 514 1382 546 trahentibus
1406 523 1559 555 umquam
1569 511 1593 543 ’ξ’

613 570 682 601 Iam
707 569 783 611 quia
807 579 880 600 cum
904 569 975 610 ipso
999 567 1148 610 propassi
1173 567 1368 608 Christoque
1393 565 1604 607 triumphant,

615 621 744 657 Putide,
767 619 875 651 'iterra
897 620 982 661 tegis
1007 630 1067 650 nec
1091 629 1154 650 non
1179 618 1331 660 olidoque
1356 618 1481 649 volutat

618 673 758 716 Spiritus
782 672 909 704 inferno
933 672 1049 713 pernix
1071 671 1250 712 meritoque
1274 670 1405 711 ligatus.

1062 826 1197 858 MVSA.

617 888 798 926 Hactenus,
823 891 858 920 ut
882 888 984 931 potui,
1008 887 1087 921 lusi:
1111 898 1197 919 nunc
1222 887 1352 929 postulo
1376 887 1485 919 finem.

616 941 703 972 Exin
728 941 819 982 sique
842 941 933 980 libet,
958 951 1072 983 parum
1097 942 1250 981 soporata
1273 939 1411 981 plurima
1433 938 1584 981 pandam.

616 993 754 1025 Munere
778 1004 835 1036 pro
859 993 916 1024 tali
940 1002 999 1023 nec
1023 1002 1088 1023 non
1112 1002 1171 1034 pro
1195 991 1344 1022 versibus
1368 991 1439 1022 istis

618 1046 755 1077 Plenam
780 1045 928 1077 cervisae
953 1055 1092 1086 cuppam
1116 1053 1242 1075 merear
1266 1053 1395 1085 quoque
1419 1042 1551 1074 habere.

619 1098 671 1129 Ad
695 1098 793 1129 finem
818 1097 939 1139 rogito:
965 1096 1102 1128 valeatis
1125 1099 1272 1138 tempore
1296 1095 1404 1136 longo.

925 1147 1065 1174 VERSVS
1084 1146 1236 1173 LXXXIII.

1079 1346 1190 1379 XVII.

954 1410 1015 1446 DE
1041 1409 1315 1447 EPIPHANIA.

623 1485 694 1517 Iam
717 1485 796 1517 fisus
821 1485 918 1516 simul
941 1487 1038 1526 atque
1062 1494 1163 1516 ausus
1188 1484 1260 1515 volo
1286 1493 1436 1526 promere
1459 1486 1605 1515 nostram

623 1537 805 1580 Insipidam
829 1537 921 1568 vobis
945 1536 1075 1568 neniam
1099 1546 1264 1578 sensuque
1289 1538 1466 1575 carentem,

623 1589 740 1621 Plures
765 1589 930 1631 corrigere
953 1592 989 1620 ut
1013 1587 1171 1619 studeatis
1195 1598 1253 1619 vos
1277 1597 1405 1630 quoque
1428 1587 1574 1626 mendas,

624 1641 705 1673 Post
729 1652 791 1684 ego
817 1643 979 1673 correctus
1003 1640 1131 1672 valeam
1155 1642 1282 1671 certare
1311 1639 1429 1682 priora.

891 1727 1042 1759 POETA
1066 1726 1282 1759 SOILIOET.

624 1789 685 1822 Eia
707 1800 780 1832 age,
804 1789 909 1829 Musa,
934 1789 1008 1821 leva
1034 1788 1103 1831 (te),
1127 1791 1281 1830 coeptum
1303 1787 1424 1830 perfice
1448 1798 1588 1825 cursum,

627 1841 744 1884 Sisque
767 1841 872 1873 libens
895 1844 1031 1880 tantum,
1055 1850 1184 1879 moneo,
1208 1849 1389 1871 memorare
1413 1842 1591 1877 recentem,

626 1894 675 1925 Ac
700 1894 796 1925 simul
821 1896 864 1933 et,
887 1896 1011 1933 natum,
1036 1892 1165 1923 stellam
1189 1891 1372 1934 perstringe
1396 1891 1564 1924 nitentem.

1020 1978 1156 2011 MVSA.

628 2042 810 2082 Hactenus,
833 2042 896 2073 hoc
919 2041 1034 2081 fateor,
1059 2044 1116 2073 tua
1139 2041 1245 2072 sautia
1269 2043 1383 2082 satque
1407 2040 1517 2072 resedi

628 2094 768 2131 Fistula;
792 2104 878 2125 nunc
902 2093 961 2125 tibi
987 2103 1122 2135 sumque
1145 2092 1252 2124 libens
1276 2102 1393 2135 parere
1418 2092 1557 2134 roganti.

631 2146 762 2188 Sedque
786 2146 849 2178 iter
872 2146 934 2177 hoc
958 2145 1111 2188 prohibet
1134 2144 1245 2176 rethor
1267 2155 1444 2187 peragrare
1468 2144 1595 2186 peritus

631 2198 794 2237 Sedulius,
819 2198 972 2240 quoniam
995 2197 1082 2239 prior
1105 2196 1166 2228 hoc
1192 2196 1364 2228 scribendo
1390 2195 1574 2238 <o)peravit.

630 2250 736 2289 Nunc,
760 2252 919 2292 quantum
935 2248 1086 2281 dominus
1103 2247 1233 2280 dederit
1255 2248 1336 2279 mihi
1352 2258 1462 2290 posse,
1486 2247 1661 2280 resolvam.

898 2334 1050 2367 POETA
1075 2333 1290 2367 SOILICET.

630 2397 744 2439 Incipe
767 2397 833 2428 iam
856 2406 989 2438 paucos,
1013 2406 1088 2427 mea
1110 2394 1202 2435 tibia,
1226 2394 1388 2436 stringere
1413 2404 1527 2426 versus

632 2448 756 2480 Sedulii
780 2459 822 2480 ex
846 2448 938 2480 micis
965 2447 1197 2490 superantibus
1222 2446 1423 2486 altiboantis,

570 2508 594 2527 1⁵
631 2500 683 2532 Ex
706 2501 757 2532 his
780 2504 817 2532 ut
839 2501 951 2532 valeas
975 2510 1112 2542 parvum
1138 2498 1324 2541 confingere
1348 2508 1478 2540 corpus.

421 2639 430 2673 ΙΙ
448 2640 481 2666 64
503 2639 708 2672 *Laetatumque
731 2640 757 2664 B
877 2638 911 2665 65
934 2648 970 2664 an
992 2636 1129 2664 *animussss
1250 2637 1284 2662 69
1302 2638 1419 2662 RVMAS
1442 2637 1469 2662 in
1490 2646 1573 2670 marq.
1592 2637 1617 2662 B
1738 2635 1772 2662 70
1793 2635 1843 2670 xp'o
1866 2644 1932 2661 corr.
1950 2635 1975 2660 Β

319 2682 349 2708 71
370 2687 437 2708 terra
455 2682 530 2716 tegis]
551 2692 585 2708 (m
603 2682 644 2708 *te
663 2681 790 2716 Stygius?
905 2681 937 2707 72
956 2683 1048 2715 ligatos
1066 2690 1133 2707 corr.
1153 2681 1178 2706 B
1298 2679 1359 2713 1174
1378 2680 1561 2712 heptametrum
1577 2680 1680 2705 admisit
1696 2680 1745 2704 tiro
1860 2678 1893 2704 78
1910 2678 1976 2703 nihil

318 2726 394 2757 dem,
413 2726 457 2751 nerl
470 2727 631 2758 prooemium
650 2730 811 2759 computatur

424 2777 525 2811 [XVII]
553 2771 735 2803 DEPIPHAN
753 2778 778 2803 B
899 2776 916 2802 2
934 2777 1104 2808 INSIPIDAS
1122 2777 1246 2802 NENIAS
1267 2777 1294 2801 in
1312 2784 1394 2808 τηατ-9.
1413 2775 1438 2800 Β
1559 2775 1576 2800 5
1593 2774 1655 2800 *Eia
1673 2774 1713 2800 aie
1731 2774 1757 2798 Β
1824 2773 1866 2799 *te
1884 2782 1932 2798 om.
1953 2772 1977 2797 B

318 2821 334 2845 8
357 2820 465 2854 *Γοεοᾶῆ
486 2822 566 2846 rosido
584 2821 611 2846 in
629 2822 705 2846 residi
723 2821 762 2846 vel
779 2821 855 2846 residi
873 2821 901 2845 in
920 2820 1001 2845 reside
1020 2828 1086 2845 corr.
1106 2819 1131 2844 B

1237 2818 1267 2844 11
1287 2819 1404 2852 aperauit
1421 2818 1497 2850 (eras.
1517 2817 1558 2851 up)
1577 2817 1602 2842 B
1620 2826 1686 2843 corr.
1705 2817 1804 2842 Bethm.
