2040 2996
399 200 424 218 25

399 458 424 477 30

669 106 717 133 AD
735 107 983 134 HARTGARIUM
1002 107 1216 134 EPISCOPUM.

483 193 592 235 Ipsius
617 193 649 224 in
673 193 759 224 faeie
782 193 923 235 linguosi
946 193 1184 226 rethoricantes

530 244 795 287 Strophosusque
818 245 939 286 loquax
962 255 1025 287 quo
1048 248 1223 277 resonante
1246 247 1330 279 silet.

482 296 593 328 Aurea
615 296 727 338 lingua
750 296 828 328 cluit
851 295 989 338 triplicis
1013 297 1064 328 cui
1087 297 1208 329 famine
1233 300 1319 330 vocis

528 347 609 379 Tres
633 348 734 380 veluti
757 350 861 379 testes
885 347 1024 379 candida
1046 349 1148 380 verba
1170 359 1300 383 sonans.

483 399 547 436 Qui
570 410 628 442 pro
650 399 820 442 perpetuis
843 399 942 431 lucris
965 401 1134 432 terrestria
1157 400 1267 441 donat,

528 451 631 483 Dives
654 451 687 482 in
711 451 870 486 astriferis
892 453 1005 494 posset
1027 454 1064 483 ut
1086 462 1160 484 esse
1183 452 1274 485 loeis.
1304 473 1342 476 —

425 505 430 507 “
480 502 663 534 Aeternum
687 502 787 542 salve,
811 502 956 545 paradisi
979 503 1096 534 florida
1120 504 1226 541 cedre,

399 717 424 736 ³5

399 976 424 994 40

398 1235 423 1254 45

401 2044 425 2061 10

400 2301 424 2319 15

528 554 621 587 Mitia
644 553 809 586 doctrinae
832 554 955 586 vertice
980 555 1066 586 mala
1089 566 1217 597 gerens.

481 605 529 638 Te
555 606 638 637 duce
660 615 741 648 grex
763 605 886 637 domini
910 606 1061 638 lacrimas
1085 607 1117 637 in
1140 607 1261 649 gaudia
1283 610 1391 646 vertit,

528 657 592 689 Per
615 661 648 689 te
671 657 884 699 Francigenis
908 667 1065 700 prospera
1089 661 1206 691 cuneta
1229 661 1302 691 tuis.

483 709 575 741 Inter
596 709 766 751 pontifices
790 709 891 740 vestri
914 709 1101 740 veneranda
1123 713 1271 752 potestas

527 760 660 792 Eminet
682 761 715 792 in
738 760 864 792 cunetis
887 761 1075 803 pontificale
1098 761 1209 794 decus.

480 812 630 845 Iustitiae
653 813 747 855 parili
771 812 966 855 dispensans
989 814 1100 845 omnia
1122 814 1206 846 libra

527 864 668 906 Aequali
690 874 808 906 gressu
831 865 937 906 carpis
962 864 996 896 in
1017 867 1106 896 astra
1127 866 1223 897 viam.
1248 886 1286 890 —

480 917 546 948 Per
567 920 600 949 te
624 916 810 958 Seotig'enis
833 917 964 959 requies
989 920 1176 959 praestatur
1199 919 1327 960 egenis:

529 968 694 1007 Gaudens,
718 968 802 1000 alme
825 971 928 1010 pater,
952 968 1012 1000 hos
1035 969 1158 1011 pietate
1183 970 1286 1002 foves.

482 1021 602 1052 Fronte
626 1020 798 1052 serenifica
821 1031 901 1063 quos
925 1020 1058 1063 aspicis,
1081 1021 1203 1063 optime
1225 1025 1346 1064 pastor,

528 1072 598 1104 Illis
622 1076 719 1114 atque
740 1072 879 1115 loquens
903 1072 1042 1104 candida
1065 1073 1167 1105 verba
1191 1074 1283 1106 seris.

481 1124 637 1157 Tecmine
660 1135 741 1167 quos
762 1125 876 1163 vestis,
900 1135 982 1167 quos
1005 1125 1113 1167 pascis
1137 1128 1180 1164 et,
1205 1125 1315 1157 inclite
1339 1111 1482 1168 praesul-2

527 1176 640 1208 Pascis
664 1186 786 1218 eosque
809 1175 894 1217 cibo,
917 1177 1025 1218 pascis
1049 1180 1083 1209 et
1106 1177 1244 1218 ingenio.
1271 1197 1310 1200 —

481 1228 634 1260 Vidimus
657 1227 737 1260 haut
760 1228 860 1260 talem
884 1228 945 1260 sub
969 1229 1053 1260 caeli
1078 1228 1210 1261 cardine
1234 1232 1370 1272 patrem,

527 1279 650 1312 Tantos
672 1279 847 1311 thesauros
870 1280 925 1321 qui
947 1280 1082 1322 pietatis
1106 1280 1219 1312 habet:

480 1331 608 1363 Idcirco
631 1334 776 1363 vestrum
801 1341 931 1370 nomen,
955 1331 1038 1371 laus,
1062 1331 1149 1363 fama
1171 1343 1230 1374 per
1252 1343 1369 1364 aevum

528 1383 684 1415 Pervolat
706 1383 738 1416 in
762 1383 868 1422 terris,
893 1383 1045 1416 scribitur
1067 1387 1165 1426 atque
1189 1385 1282 1427 polis.

924 1521 954 1543 11.

481 1571 614 1614 Tytirus
637 1571 670 1602 in
693 1570 785 1602 silvis
808 1581 870 1613 ego
894 1571 997 1602 tristis
1020 1574 1132 1606 mente,
1153 1572 1310 1603 remansi:

527 1622 661 1654 Absens
683 1625 797 1665 pastor
820 1625 901 1660 erat,
925 1623 1016 1654 nulla
1039 1623 1197 1665 quiesque
1222 1623 1292 1656 fuit.

481 1674 563 1710 Quis
587 1685 646 1706 vos
670 1674 846 1717 surripuit?
877 1674 1024 1706 Zeflrus?
1055 1674 1232 1707 Rhenusne
1257 1675 1418 1707 bicornis?

528 1725 781 1768 Quadrupedale
805 1725 904 1758 decus
926 1737 982 1758 vos
1006 1726 1155 1769 rapuitne
1179 1730 1294 1769 pater?

480 1777 535 1809 An
559 1788 616 1810 vos
639 1777 788 1820 puniceis
813 1778 907 1810 nobis
931 1781 1089 1810 avexerat
1113 1778 1174 1809 alis

527 1829 726 1872 Splendidus
749 1829 897 1862 Aurorae
922 1840 1037 1862 currus
1061 1829 1226 1872 Amorque
1250 1830 1384 1862 volans?

480 1881 528 1913 Te
551 1882 656 1923 magis
680 1881 782 1924 elegit
804 1884 963 1913 terrarum
987 1881 1096 1913 nobile
1121 1881 1211 1913 sidus

527 1932 578 1964 Ac
601 1932 742 1965 Thitona
765 1943 858 1964 suum
884 1933 1006 1976 sprevit
1030 1944 1139 1965 amore
1163 1933 1210 1964 tui
1236 1952 1274 1956 —

481 1984 534 2016 An
558 1995 651 2027 mage
677 1984 886 2025 credendum,
910 1984 995 2027 quod
1018 1995 1075 2016 vos
1099 1985 1152 2028 pia
1175 1985 1292 2016 dextra
1314 1986 1455 2016 tonantis

529 2035 776 2078 Angelicusque
800 2036 896 2068 simul
920 2036 1047 2078 fertque
1071 2037 1236 2078 refertque
1261 2036 1414 2074 chorus?‚

480 2087 595 2119 Gratia
618 2087 831 2130 Francigenis
856 2099 919 2130 quo
948 2091 980 2120 te
1005 2091 1180 2130 praesente
1204 2091 1362 2127 coruscet,

527 2139 661 2171 Albicet
683 2140 829 2172 ecclesiis
853 2139 1024 2182 splendida
1047 2139 1135 2171 doxa
1157 2140 1238 2171 tuis:

481 2191 535 2223 Sic
559 2194 592 2223 et
614 2191 734 2234 Apollo
758 2202 882 2233 vagans
906 2192 1001 2223 rutilo
1025 2191 1170 2223 decurrit
1193 2190 1332 2233 Olimpo⁷

527 2242 697 2285 Lampade
721 2243 858 2275 mirifica
880 2243 937 2274 lux
960 2246 997 2274 ut
1020 2242 1142 2284 ubique
1166 2242 1272 2274 micet.

482 2293 611 2326 Venisti
635 2293 778 2334 tandem,
801 2295 906 2337 patuli
930 2294 987 2326 lux
1011 2305 1112 2326 aurea
1133 2293 1254 2332 mundi,

529 2345 559 2377 A
582 2345 712 2378 domino
734 2345 802 2378 lata
826 2357 903 2389 spes
926 2345 1121 2388 requiesque
1146 2345 1226 2376 tuis:

1704 110 1762 140 167

218 2458 252 2484 26
275 2459 472 2491 Sthrophoeusq.
486 2458 508 2483 0
595 2457 630 2483 32
652 2459 730 2484 Micia
753 2467 851 2491 semper
865 2458 888 2483 0
979 2457 1013 2483 34
1032 2458 1187 2490 francigenis
1204 2466 1269 2483 corr.
1289 2458 1311 2483 Ο
1399 2458 1432 2483 37
1452 2459 1556 2495 Ιιιεῐίοἰς
1579 2463 1602 2483 et
1626 2459 1690 2483 talia
1706 2459 1767 2491 sere

115 2509 213 2534 aemper
228 2501 251 2526 0
339 2500 373 2527 39
397 2501 486 2537 egenis
502 2499 526 2526 C
551 2501 609 2526 ilem
635 2501 738 2534 caepim
765 2502 886 2537 egregius
917 2501 1001 2536 editus
1032 2501 1187 2536 elementum
1218 2501 1385 2536 euangelieus
1415 2502 1523 2537 ecelesia
1557 2501 1638 2537 melos
1660 2501 1767 2537 melicus

116 2550 222 2581 camena
245 2550 317 2580 0421·oe
340 2548 417 2580 poeta
441 2545 568 2581 penis-are
659 2543 694 2570 43
716 2553 767 2577 quo
781 2544 803 2569 0
823 2553 890 2569 corr.
914 2544 945 2569 de
968 2544 1126 2577 Reiffcnberq
1247 2542 1292 2576 [ll-l
1318 2543 1376 2568 edd.
1401 2544 1478 2569 iidem
1496 2545 1523 2569 ll.
1542 2553 1590 2574 cc.,·
1608 2544 1768 2569 intersticium

115 2586 144 2611 in
169 2586 192 2612 O
211 2586 293 2617 deest,
317 2586 362 2612 ned
381 2587 469 2619 prima
487 2595 568 2620 prum
590 2596 677 2612 versus
695 2587 779 2612 littera
803 2587 863 2612 talia
887 2596 904 2612 α
925 2587 997 2619 quala*
1017 2586 1132 2611 exordiri
1154 2586 1216 2610 solet
1238 2585 1323 2610 scriba

118 2637 186 2654 con·-
198 2629 221 2655 0
305 2628 320 2654 7
338 2630 424 2655 nobile
442 2629 520 2655 decus
537 2638 605 2655 corr.
618 2629 646 2655 θ’
731 2629 749 2654 8
766 2630 838 2662 spuit
849 2630 871 2654 G
957 2629 986 2654 11
1006 2629 1142 2654 choruscet
1159 2636 1257 2660 semper
1269 2629 1292 2654 0

219 2697 254 2723 32
270 2697 317 2729 cfr.
337 2696 380 2723 od.
399 2696 428 2730 I,
445 2696 482 2723 80
502 2695 584 2723 mitia
603 2705 692 2731 poma.
780 2697 815 2723 36
834 2695 910 2722 For-t.
929 2696 958 2729 V,
977 2697 1005 2727 2,
1025 2696 1058 2722 70
1076 2695 1235 2730 pontificale
1254 2695 1344 2722 decus.

115 2755 148 2776 a
163 2748 206 2776 od.
227 2748 249 2775 1.
336 2748 353 2775 3
371 2747 438 2775 Am.
457 2747 537 2783 VHI,
557 2748 606 2775 ‘127
626 2748 795 2783 Rhenusque
812 2747 940 2774 bicornis.

1417 2585 1434 2611 3
1456 2588 1555 2612 zeferus
1575 2587 1597 2612 O
1648 2587 1767 2612 bieornus

1468 2695 1514 2731 [ιι]
1535 2696 1547 2721 1
1571 2695 1656 2731 Tityri
1673 2703 1767 2722 nomen
