2060 3074
207 132 267 161 458
863 133 999 160 HEIRICI
1019 134 1194 162 CARMINA.

575 218 645 250 Etsi
671 229 734 250 non
760 229 903 258 numero,
929 221 1056 252 numeri
1081 232 1175 263 quem
1201 222 1282 254 finiit
1305 228 1429 262 auctor,

500 283 536 301 120
573 271 618 301 At
642 271 769 303 merito.
814 271 942 303 Meritis
966 273 1026 314 ipsi
1051 283 1243 306 concurrere
1267 275 1366 307 Petro

573 321 671 353 Haud
695 321 849 358 vetitum;
874 323 999 355 meritis
1023 324 1140 356 Petrus
1164 336 1228 357 non
1253 326 1376 358 invidet
1399 329 1527 370 aequis:

573 373 682 404 Vitam
707 377 740 404 et
762 374 900 406 virtutes
924 385 943 406 a
966 378 1078 407 nostro
1103 378 1252 419 praesule
1275 381 1387 420 gestas

572 424 615 456 Et
638 425 834 456 documenta
858 426 947 467 lege:
976 427 1002 458 si
1026 438 1091 465 non
1116 432 1149 460 et
1171 431 1340 471 apostolus
1365 441 1438 463 esse

574 476 617 507 Et
640 476 704 507 dici
728 477 847 516 valeat,
874 478 938 519 (vel
963 478 1027 520 dic>
1054 480 1104 511 vel
1129 480 1238 513 dicere
1260 482 1373 514 fallax.

499 540 536 560 ωε,
573 528 771 559 Pontificum
796 529 967 561 cathedras
992 532 1121 573 quantis
1146 533 1374 575 splendoribus
1399 537 1503 573 ornet,

573 579 668 615 Quod
693 580 773 611 satis
798 581 951 619 emineat,
975 592 1040 614 non
1065 587 1115 615 est
1138 584 1212 616 hinc
1235 585 1343 617 dicere
1367 586 1478 618 multa.

571 631 712 663 Inferior
735 632 834 671 nullo,
858 634 968 665 multis
993 637 1215 676 praestantior
1238 640 1365 678 extans,

571 683 610 714 Id
634 683 697 714 sibi
721 684 882 726 privatum
908 685 1028 717 Christi
1052 687 1117 719 fert
1139 699 1272 720 munere
1297 699 1423 728 munuS,

571 735 734 777 Dogmate
759 736 844 778 quod
868 737 983 769 rutilus
1008 739 1176 782 signisque
1199 740 1424 782 frequentibus
1448 742 1562 783 ingens

497 799 535 819 200
573 787 615 818 Et
639 787 738 819 verbo
763 791 795 819 et
819 788 914 820 claris
939 790 1116 823 confecerit
1139 793 1246 824 omnia
1269 794 1382 835 gestis.

617 839 684 870 Cur
707 850 772 871 non
796 844 839 879 et,
864 841 942 873 liciti
965 843 1092 885 pepigit
1115 845 1191 886 quia
1213 845 1348 877 foedera
1371 847 1459 878 lecti.
1602 850 1856 883 Quodetvirymibm

571 891 731 933 Virgineo
755 893 925 935 quisquam
949 898 1088 937 temptet
1113 896 1295 929 subduccre
1320 901 1406 929 serto
1417 901 1445 928 ‘.':
1619 895 1706 920 ⁷⁷²⁶r1'10
1724 895 1839 920 societur.

571 943 764 986 Incorrupta
788 944 879 983 fides,
903 946 969 977 voti
993 957 1086 979 mens
1111 949 1242 980 conscia
1264 949 1344 981 recti

571 995 646 1027 Non
670 1007 824 1038 umquam
849 1000 900 1029 est
924 999 1012 1030 nivei
1036 999 1143 1032 labem
1167 1012 1327 1044 perpessa
1349 1002 1491 1044 pudoris.

497 1059 535 1079 205
573 1047 700 1090 Estque
724 1059 840 1091 parum
864 1050 1009 1082 intactae
1035 1053 1142 1084 carnis
1165 1053 1308 1094 gessisse
1332 1054 1461 1086 nitelas.

572 1100 710 1132 Intimus
735 1100 880 1133 obsceno
905 1102 931 1133 si
956 1113 1019 1134 non
1043 1103 1140 1135 homo
1162 1115 1263 1147 purus
1288 1105 1328 1137 ab
1352 1109 1426 1137 actu

572 1151 765 1194 Integritate
790 1153 840 1184 sui
864 1153 995 1186 studeat
1019 1159 1168 1188 constare
1193 1156 1331 1189 decoris.

572 1203 660 1246 Ergo
684 1215 744 1246 age
769 1208 803 1236 et
822 1205 972 1238 adductis
998 1207 1133 1249 (coram)
1160 1209 1342 1241 rationibus
1367 1220 1479 1242 omncs

573 1255 696 1287 Ordine
721 1267 780 1299 per
805 1260 934 1289 sanctos
957 1259 1099 1290 animum
1125 1270 1220 1302 rape:
1248 1271 1391 1303 congrua
1414 1265 1524 1293 nostro

495 1319 534 1339 210
571 1307 611 1339 In
635 1308 760 1339 cunctis
785 1312 860 1340 sunt
879 1310 986 1341 *multa
1008 1311 1102 1352 patri,
1128 1322 1265 1354 cumque
1290 1313 1419 1355 agmine
1442 1324 1559 1355 magno

572 1359 714 1391 Mundus
740 1361 885 1392 censoris
910 1366 1044 1404 cogetur
1067 1363 1108 1394 ad
1132 1374 1189 1395 ora
1213 1364 1312 1396 futuri

574 1411 723 1454 Cumque
748 1415 781 1443 et
804 1414 1003 1455 apostolicus
1028 1415 1212 1448 consederit
1236 1416 1291 1448 ille
1315 1420 1459 1457 senatus,

573 1463 758 1495 Germanus
782 1464 878 1496 rutilo
903 1465 1062 1498 subnixus
1087 1470 1120 1499 et
1142 1468 1212 1510 ipse
1237 1467 1331 1500 sedili

571 1515 623 1547 De
647 1526 766 1558 magno
791 1516 924 1549 decreta
947 1521 1037 1550 ratus
1062 1519 1211 1551 censoria
1232 1519 1332 1552 iudex

495 1580 533 1599 ω
572 1567 660 1599 Orbe
684 1568 778 1600 feret.
825 1568 918 1609 Tum,
941 1571 1139 1613 martyribus
1164 1582 1236 1604 cum
1260 1572 1357 1604 fortia
1381 1573 1483 1604 sacris

571 1619 723 1652 Praemia
746 1620 940 1663 pendentur,
965 1633 1093 1655 roseam
1117 1624 1202 1656 feret
1225 1624 1281 1656 ille
1306 1635 1468 1657 coronam.

573 1671 679 1708 Quam
703 1683 860 1714 peperere
886 1684 1000 1706 cruces
1024 1675 1153 1707 addicto
1178 1676 1210 1707 in
1235 1687 1370 1719 corpore
1395 1678 1522 1719 longae.

573 1723 721 1766 Cumque
745 1725 935 1757 sacerdotes
960 1727 1046 1758 cauti
1070 1738 1128 1770 pro
1152 1738 1259 1760 merce
1283 1729 1407 1768 talenti,

570 1776 634 1807 Pro
657 1787 756 1808 carne
781 1776 935 1815 edomita,
959 1778 1038 1810 facti
1061 1790 1119 1822 pro
1144 1779 1277 1812 foenore
1301 1781 1391 1819 lucri,

495 1840 534 1859 220
573 1827 695 1859 Ordine
719 1839 777 1870 pro
802 1829 907 1860 meriti
931 1830 1081 1862 intrarint
1102 1832 1284 1873 penetralia
1307 1833 1410 1874 regni,

571 1879 736 1912 Germano
762 1881 794 1912 in
818 1884 945 1923 partem
969 1883 1078 1924 palma
1102 1883 1236 1915 victrice
1259 1884 1366 1916 locata

570 1931 735 1974 ‘Optime,’
759 1933 886 1964 dicetur
909 1938 977 1976 ‘pro
1001 1935 1108 1976 parvis
1132 1935 1284 1975 maxima,
1309 1946 1410 1974 serve,

570 1983 707 2026 Excipe,
732 1984 819 2026 quod
842 1985 942 2017 fueris
967 1986 1065 2028 pleno
1088 1986 1128 2018 de
1154 1987 1250 2019 corde
1273 1986 1400 2020 fidelis.'

614 2035 716 2067 Terra
739 2036 833 2068 ferax
857 2037 993 2069 trimoda
1016 2038 1093 2070 beat
1115 2039 1265 2072 ubertate
1290 2040 1440 2071 colonum
1471 2059 1509 2062 —
1602 2047 1677 2081 Quod
1695 2057 1751 2073 cum
1769 2048 1855 2073 omniu-

494 2099 531 2119 225
571 2087 625 2119 Sic
649 2091 736 2120 sator
759 2089 900 2129 edocuit,
925 2091 1017 2122 verbi
1041 2091 1117 2123 dum
1141 2092 1266 2123 semina
1289 2092 1390 2123 mittit
1414 2110 1465 2131 ——,
1597 2092 1855 2141 gatis-corianam

571 2140 718 2183 Cumque
742 2141 798 2172 alii
823 2142 965 2174 referent
988 2143 1108 2175 nitidos
1133 2154 1232 2186 super
1254 2147 1343 2176 astra
1367 2144 1535 2186 maniplos,
1599 2140 1622 2160 ‘l
1652 2135 1790 2168 mmmm*
1816 2143 1855 2160 ’τ’

566 2193 724 2225 Praemia
748 2194 884 2236 quisquo
910 2195 960 2226 sui
984 2199 1137 2238 repetens
1157 2207 1215 2239 pro
1240 2200 1333 2239 parte
1356 2197 1485 2235 laboris,
1651 2182 1805 2203 muneretur.

572 2243 772 2276 Germanum
797 2245 897 2277 ternis
921 2257 1036 2279 cernes
1060 2247 1187 2279 radiare
1212 2248 1350 2287 comnia

570 2295 698 2338 Quique
724 2308 743 2329 a
766 2301 816 2329 ter
839 2298 931 2330 denis
954 2299 987 2331 in
1011 2310 1179 2342 sexagena
1204 2300 1368 2342 profectus

308 2443 414 2468 Scholia
442 2458 472 2461 —
504 2444 553 2470 195
580 2445 647 2476 Quid
675 2446 708 2470 ad
735 2447 892 2471 confessores
1006 2445 1056 2472 198
1085 2445 1224 2480 privatum]
1252 2449 1381 2480 peculiare
1493 2447 1545 2473 205
1575 2446 1676 2479 nitelas]
1703 2447 1854 2472 munditiam

204 2485 254 2511 206
273 2486 392 2518 obsceno]
412 2488 480 2520 turpi
565 2487 616 2513 208
634 2488 764 2522 adductis]
783 2490 891 2515 collatis.
913 2504 943 2507 —
964 2491 1037 2521 Quod
1055 2491 1122 2515 sicut
1133 2491 1252 2516 omnibus
1267 2492 1393 2524 particeps
1405 2495 1451 2522 est,
1470 2491 1505 2515 ita
1516 2494 1542 2515 et
1553 2498 1647 2515 corona
1727 2489 1778 2515 214
1795 2498 1854 2516 cen-

202 2529 277 2562 soria]
301 2531 341 2553 TA
363 2531 524 2561 KPJMATA,
551 2531 647 2556 iudicia
763 2531 813 2558 229
835 2542 851 2558 a
875 2537 912 2558 ter
939 2532 1020 2566 denis]
1039 2542 1056 2558 a
1079 2534 1217 2567 coniungio
1235 2534 1296 2567 (cfr.
1319 2533 1468 2560 ‘Metuonis'
1493 2534 1563 2559 Clav.
1588 2533 1620 2558 ed
1638 2532 1713 2558 Patra
1735 2533 1854 2566 spicileg.

204 2573 310 2598 Solesm.
330 2573 382 2597 III
393 2572 451 2605 287)
505 2574 531 2599 in
550 2574 686 2607 sexagena]
706 2576 732 2600 in
751 2576 900 2601 viduitatem
920 2576 962 2607 (ib.
977 2586 1040 2609 paq.
1059 2577 1119 2608 288)

309 2657 357 2683 194
376 2660 417 2684 vel
435 2660 475 2684 dic
494 2660 628 2693 Bonchius]
649 2670 696 2686 om.
719 2662 754 2689 P.-
773 2663 859 2687 valeat
878 2663 965 2688 videor
983 2671 1034 2688 non
1054 2663 1137 2689 dicere
1156 2663 1329 2689 Pmeliaeme
1433 2663 1484 2689 208
1507 2673 1591 2690 coram
1610 2662 1745 2697 Boakias]
1764 2672 1812 2688 om.
1830 2663 1856 2689 P

204 2701 253 2726 217
273 2710 363 2735 pepere
382 2703 406 2727 P
508 2702 558 2728 227
578 2708 676 2737 repetes
694 2714 761 2730 corr.
781 2708 796 2730 2
813 2714 846 2731 m.
864 2706 890 2731 P

305 2788 356 2814 212
377 2788 430 2820 Usr.
452 2787 528 2814 Fert.
550 2788 577 2815 C.
598 2789 629 2815 X
641 2791 663 2822 7,
679 2791 718 2817 17.
823 2791 874 2817 222
894 2790 991 2817 Matth.
1010 2791 1051 2823 25,
1065 2791 1175 2819 21—23.
