2040 2996
769 141 876 173 LIBER
893 141 941 173 DE
960 142 1081 174 FONTE
1099 143 1218 175 VITAE.

536 230 595 265 Bis
619 233 740 265 etenim
763 236 890 276 septem
913 233 1092 275 glomerata
1114 234 1222 267 fronte
1246 235 1363 268 diebus

535 284 667 316 Evomit
688 285 721 316 in
745 285 839 316 terris
862 286 973 317 lumen
995 286 1145 318 mirabile
1170 287 1257 327 luna7

441 343 478 362 ³⁵⁵
535 337 574 368 In
598 337 712 379 quibus
735 341 787 369 est
808 337 944 369 vetitum
968 341 1116 369 sanctum
1141 339 1320 381 sollempne
1344 340 1482 382 requiri:

536 387 600 424 Qui
622 388 696 427 duo,
721 399 805 430 quae
827 387 993 420 Christum
1016 390 1226 431 praecedunt,
1251 394 1400 433 tempora
1424 392 1565 433 signant,

534 440 622 471 Ante
646 439 756 471 datam
779 440 888 481 legem
910 439 1060 482 primum,
1085 441 1146 472 sub
1169 441 1243 483 lege
1267 442 1463 479 secundum;

534 491 600 522 Per
621 501 705 533 quae
728 491 914 533 terrigenae
936 492 1064 533 peccati
1086 492 1233 534 pondere
1255 494 1361 535 pressi

535 542 707 584 Ingenium
730 543 818 575 vitae
841 543 972 575 sibimet
994 543 1143 575 conferre
1167 545 1314 576 volentes

394 612 397 613 ν
438 600 478 621 ³⁶⁰
534 594 666 637 Indigni
689 595 780 627 caelo
802 595 947 628 tenebris
970 606 1115 627 mersere
1140 600 1317 636 senectam,

535 646 642 678 Morte
664 657 726 679 nec
749 646 877 678 abiecta
898 650 1089 679 meruerunt
1112 658 1248 680 cernere
1273 649 1405 691 pascha.

535 698 612 738 Sed,
636 709 765 730 sursum
788 699 915 741 pallens
938 702 974 730 ut
997 699 1137 741 primum
1161 700 1300 732 condere
1324 701 1434 733 lumen

536 749 690 792 Coeperit
713 753 747 782 et
768 750 864 782 terris
887 750 981 792 nigra
1004 751 1164 784 vilescere
1187 752 1302 792 forma,

534 801 600 834 Ter
623 805 749 844 septem
771 806 954 841 numerant,
978 813 1059 845 quos
1082 814 1147 835 non
1171 803 1335 836 excedere
1361 805 1448 836 soles

438 860 476 880 ³⁶⁵
535 854 595 894 Sit,
619 853 676 885 sed
699 854 731 885 in
754 854 804 885 his
826 854 950 886 licitum
975 858 1123 886 sanctum
1148 856 1327 898 sollempne
1352 856 1486 898 requiri:

535 905 589 937 Sic
611 905 785 937 lacrimans
808 905 947 948 primum
970 907 1062 938 caelo
1085 917 1159 938 cum
1183 910 1310 939 vertere
1334 908 1434 939 vitam

535 957 688 1000 Coeperit
711 961 745 989 et
766 958 862 989 terris
885 958 969 998 vilis,
993 958 1168 1001 despectus
1192 962 1225 991 et
1248 970 1334 999 esse,

533 1008 603 1040 Iam
627 1009 718 1041 caelo
743 1019 836 1041 carus
859 1012 910 1042 ter
933 1013 1061 1052 septem
1085 1014 1241 1054 supputet
1266 1011 1345 1042 illud

536 1060 667 1092 Scilicet
690 1061 722 1092 in
745 1060 876 1101 mundo,
901 1060 1021 1093 Christi
1044 1072 1107 1104 quo
1131 1063 1238 1104 gratia
1261 1062 1375 1104 fulget,

437 1118 477 1137 ³⁷⁰
532 1111 677 1155 Tempus
701 1115 734 1144 et
757 1122 799 1144 ex
821 1115 891 1144 toto
915 1123 1094 1145 conversus
1119 1113 1214 1145 corde
1238 1114 1383 1156 requirat

533 1163 661 1196 Pascha
684 1164 887 1196 salutiferum
912 1165 1036 1197 celebri
1060 1166 1185 1198 ratione
1209 1169 1375 1208 repertum

532 1215 649 1258 Deque
672 1216 846 1248 tenebrosa
868 1217 992 1249 saliens
1016 1218 1156 1260 caligine
1180 1217 1284 1249 noctis

532 1267 694 1300 Transeat
716 1267 757 1300 ad
778 1268 896 1308 lucem,
921 1268 1071 1301 Christus
1095 1279 1193 1312 quam
1217 1269 1354 1301 contulit
1378 1269 1458 1309 orbi,

532 1318 578 1350 Ut
599 1319 765 1352 tribuente
788 1319 850 1352 deo
873 1320 955 1352 felix
978 1331 1038 1364 per
1061 1321 1195 1353 saecula
1218 1321 1316 1353 vivat.

436 1377 473 1396 ³⁷⁵
492 1370 618 1403 Perfice
641 1381 726 1403 nunc
749 1381 888 1412 mecum,
912 1372 1067 1404 caelestis
1090 1373 1208 1414 gratia,
1232 1383 1363 1404 carmen

492 1423 628 1455 Aeterni
651 1423 760 1463 sontis,
784 1423 910 1466 scyphi,
934 1424 1096 1467 paschalis
1121 1428 1154 1456 et
1177 1425 1288 1456 horae.

530 1475 720 1508 Auxiliante
745 1475 818 1514 deo,
843 1476 934 1508 cuius
958 1476 1038 1508 mihi
1060 1476 1162 1509 verba
1185 1477 1296 1515 tulisti,

531 1527 720 1560 Archanum
743 1528 819 1560 fidei
841 1539 995 1561 reserans
1019 1529 1080 1561 sub
1104 1529 1234 1561 nomine
1257 1529 1400 1572 paschae

531 1579 694 1623 Explicui‚
717 1580 849 1623 triplum
872 1582 1030 1624 potuique
1053 1581 1220 1614 resolvere
1244 1581 1375 1613 nodum.

434 1639 473 1657 ³⁸⁰
530 1631 688 1674 Marginis
711 1635 746 1664 et
767 1633 916 1675 geminas
941 1634 1045 1665 cecini
1068 1634 1132 1664 iam
1156 1633 1239 1665 forte
1262 1633 1394 1675 figuras,

531 1682 629 1715 Clara
652 1684 797 1727 septenis
822 1685 934 1728 specie
958 1685 1013 1728 qui
1036 1685 1139 1727 fulget
1160 1686 1194 1717 in
1217 1685 1301 1716 ulnis

531 1736 580 1767 Ac
602 1735 738 1768 totidem
761 1736 874 1768 mixtis
897 1737 1040 1768 variatur
1063 1737 1182 1769 cortice
1206 1737 1309 1779 nigro.

529 1787 599 1819 Vas
622 1797 749 1830 quoque
772 1787 837 1819 ium
859 1788 943 1820 fudi:
967 1789 1156 1820 venerabile
1180 1789 1297 1831 pignus
1320 1788 1462 1827 honoris,

530 1838 684 1882 Septenis
708 1839 854 1879 calamis,
877 1840 941 1872 oris
964 1840 1167 1883 totidemque
1193 1851 1383 1883 perornans.

434 1897 471 1917 ³⁸⁵
528 1890 601 1922 Hoc
626 1891 695 1923 sine
719 1891 857 1934 quisque
881 1892 959 1931 sitit,
983 1892 1104 1924 frustra
1127 1892 1295 1924 contendit
1318 1892 1359 1924 ad
1382 1892 1501 1924 imbres

529 1942 667 1974 Aeterni
689 1942 804 1974 fontis:
829 1943 880 1975 hic
904 1947 954 1975 est
977 1944 1140 1987 sapientia
1162 1945 1276 1987 patris.

528 1993 601 2026 Non
624 1993 759 2026 intrabit
781 1995 866 2027 enim
890 1996 1084 2028 commercia
1106 1997 1248 2039 pectoris
1270 1995 1342 2033 atri,

530 2045 667 2077 Subdita
689 2047 834 2089 peccatis
858 2057 919 2079 nec
942 2057 1034 2079 mens
1058 2048 1266 2090 amplectitur
1289 2047 1392 2083 illam;

530 2097 670 2140 Spiritus
693 2098 764 2140 ipse
787 2097 841 2130 dei
866 2098 925 2131 sed
949 2109 1047 2141 quam
1070 2099 1280 2142 dignissimus
1303 2099 1424 2141 hospes

433 2154 471 2174 ³⁹⁰
527 2147 724 2191 Expurgans
747 2149 835 2181 vitiis
859 2154 996 2193 septeno
1018 2161 1153 2183 munere
1177 2150 1267 2182 dotat

528 2199 758 2243 Perpetuoque
782 2201 845 2233 sibi
868 2212 1054 2234 mansuram
1078 2202 1209 2234 dedicat
1231 2202 1350 2240 aulam,

527 2250 622 2284 Haec
645 2252 757 2284 sitiens
781 2253 922 2296 limphas
945 2255 1066 2297 poterit
1090 2254 1218 2286 haurire
1243 2253 1402 2285 salubres.

526 2303 601 2335 Hoc
624 2314 681 2335 vas
703 2305 849 2347 quisquis
873 2305 985 2344 habet,
1009 2305 1108 2338 fontis
1132 2306 1266 2337 festinet
1289 2304 1330 2336 ad
1353 2303 1468 2343 undas,

528 2354 669 2387 Hauriat
692 2358 724 2387 et
747 2357 849 2388 sacris
872 2356 987 2388 fundat
1011 2357 1155 2389 libamen
1178 2357 1210 2387 in
1234 2356 1308 2387 aris.

431 2413 470 2433 ⁸⁹⁵
576 2405 734 2440 Cursibus
757 2407 913 2440 aetheriis
937 2409 1063 2440 sonitus
1087 2409 1123 2440 fit
1145 2408 1306 2439 maximus
1330 2406 1413 2444 orbi;

264 2534 317 2562 ³59
333 2537 436 2562 confere
454 2545 522 2562 corr.
536 2536 575 2562 R:
595 2546 622 2563 re
641 2538 758 2564 volentes
770 2539 797 2563 in
808 2547 861 2564 ras.
875 2538 901 2563 R
983 2538 1034 2564 368
1053 2538 1137 2563 clnrus
1153 2537 1174 2562 Ο
1254 2534 1305 2562 372
1322 2536 1457 2561 tenebroso
1470 2545 1537 2561 corr.
1551 2535 1576 2561 R

161 2576 214 2603 384
234 2578 304 2604 horis
325 2579 480 2613 totidemque
500 2583 540 2606 ter
560 2589 654 2606 ornans
676 2581 698 2606 0
788 2580 839 2607 385
857 2582 908 2606 fine
930 2582 951 2606 O
1024 2582 1127 2607 umbras
1149 2580 1170 2605 Ο
1255 2578 1307 2604 388
1324 2579 1436 2620 peccatis
1453 2587 1519 2604 corr.
1538 2578 1564 2603 R

161 2619 214 2646 390
230 2622 390 2655 Expngmm
407 2621 433 2647 B

263 2689 315 2716 353
332 2697 370 2723 sq.
388 2689 437 2723 cfr.
455 2689 490 2716 89
506 2697 543 2723 sq.
634 2690 686 2718 362
702 2698 755 2724 sqq.
773 2690 821 2723 cfr.
833 2691 867 2718 93
879 2699 932 2725 sqq.
1027 2690 1077 2716 372
1097 2689 1162 2716 Gen.
1179 2690 1218 2722 15,
1239 2688 1270 2715 17
1288 2688 1380 2722 caligo
1398 2688 1553 2715 tenebrosa.

160 2739 213 2775 383
233 2739 281 2772 ψ.
303 2739 351 2771 77;
376 2740 422 2773 dr.
447 2740 553 2768 Hein'ei
570 2741 747 2768 Autn'oeiodor.
772 2741 803 2769 V.
822 2741 909 2770 Germ.
934 2742 963 2776 V,
983 2743 1034 2769 359
1061 2742 1133 2768 Tum
1156 2742 1237 2775 pater
1260 2739 1402 2766 admirans
1427 2739 1491 2766 fidei
1517 2739 1676 2766 venerabile
1700 2738 1810 2774 pignus.

160 2791 213 2820 364
228 2790 275 2825 dr.
293 2791 328 2818 42
345 2799 399 2826 sqq.

502 2792 553 2834 ³3³⁴
571 2792 619 2826 cfr.
638 2793 680 2821 53.

1555 2836 1609 2865 11*

1784 148 1825 182 83

1656 2534 1707 2562 383
1725 2537 1776 2562 Vos
1793 2536 1814 2561 O

1650 2578 1702 2604 389
1719 2587 1772 2612 qua
1793 2578 1814 2604 O

1641 2688 1692 2715 379
1709 2688 1756 2720 dr.
1769 2688 1812 2715 82.
