2060 3074
0 2148 16 2345 ”amsa-vu·-
0 2116 9 2133 J·
0 2101 5 2106 .
0 2069 4 2091 7<

741 153 851 180 VITAE
869 153 894 180 S.
914 154 1082 181 GERMANI
1103 155 1209 182 LIBER
1223 156 1270 182 111.
1769 159 1830 189 467

547 239 629 270 Tum
653 240 709 282 pia
731 251 788 282 pro
811 241 941 272 miseris
964 242 1066 283 patris
1090 242 1280 274 intercessio
1303 244 1408 274 fertur

547 290 720 322 Defunctis
744 291 900 333 requiem,
924 292 1007 324 vivis
1031 293 1135 324 latui-a
1159 293 1310 335 quietem.

549 341 695 385 Inpavidi
718 343 876 384 posthaec
900 343 1034 375 fundum
1058 348 1194 376 tenuere
1218 346 1325 377 coloni

549 394 797 436 Secura(mque)
822 395 899 426 mali
922 395 1067 438 implevit
1089 397 1259 437 generatio
1283 398 1404 431 villam.

472 457 510 477 220
590 446 668 478 Post
692 446 778 478 soles
802 446 926 488 aliquot
949 457 1027 478 casu
1051 449 1237 490 compulsus
1262 449 1378 481 eodem
1574 453 1614 478 De
1624 453 1756 485 gallorum
1766 454 1829 478 voci-

547 497 699 540 Hospitio
723 498 830 529 fessus
855 499 1013 530 successit
1037 500 1266 541 pauperiorum
1603 497 1648 521 Μ’
1667 497 1796 521 absolutis.

548 549 637 582 More
661 560 732 585 suo:
757 560 831 581 nam
855 553 1026 581 ventosum
1051 551 1152 582 vitare
1177 555 1336 583 tumorem

547 602 629 633 Arte
653 601 765 633 volens
788 601 845 633 tali
869 601 1028 634 latebram
1053 603 1098 633 sic
1123 613 1222 645 saepe
1246 603 1386 636 fovebat.

547 652 623 685 Nox
646 663 685 685 ea
708 653 824 685 divinis
847 654 987 685 accessit
1009 657 1077 685 tota
1098 654 1236 696 negotis,

471 717 510 737 :¹2⁵
546 704 590 737 Et
612 705 675 736 iam
699 705 940 747 flammipedum
964 716 1060 736 cursu
1083 711 1256 748 provectus
1280 717 1436 749 equorum

547 757 720 799 Sparserat
742 757 918 798 ingenuum
941 757 1095 789 Phoebus
1120 768 1178 799 per
1201 761 1318 790 cuncta
1339 759 1506 791 ruborem:

547 807 716 840 Gallorum
740 808 838 840 nullis
860 809 966 840 lucem
990 809 1219 850 praecentibus
1243 813 1347 842 ortam

547 860 695 892 Antiates
719 861 852 902 stupuit,
877 871 1060 903 quanquam
1086 871 1149 892 non
1174 861 1264 892 nulla
1286 861 1453 893 voluerum

546 912 649 955 Copia
671 915 739 957 tum
762 912 912 944 domibus
934 915 1204 955 conspectaretur
1227 913 1259 944 in
1284 913 1357 945 illis.

471 977 510 996 πο
547 964 695 1001 Quaesiti
718 964 834 1007 priscis
858 964 939 996 haec
963 975 999 996 se
1023 965 1172 1007 coepisse
1198 965 1257 996 sub
1281 965 1374 997 annis

546 1016 674 1048 Damna
695 1017 762 1058 pati
786 1016 951 1059 replicant.
1000 1016 1092 1048 Votis
1117 1017 1239 1048 ambita
1264 1017 1405 1049 virorum

549 1068 716 1100 Succurrit
738 1068 844 1111 pietas
867 1068 1031 1100 benedicti
1056 1079 1190 1100 munere
1215 1068 1325 1100 farris:

549 1120 622 1152 Hoc
646 1124 760 1163 pastae
785 1121 932 1152 volucres
956 1120 1072 1151 vitiosa
1096 1120 1228 1152 silentia
1250 1120 1353 1152 noctis

547 1171 724 1215 Deponunt
747 1182 947 1214 segnemque
971 1171 1056 1203 diem
1081 1172 1291 1204 concentibus
1314 1176 1442 1214 urgent.

471 1236 509 1255 2³5
546 1224 711 1256 Paenituit
733 1224 875 1256 tacuisse
898 1224 970 1259 diu:
994 1235 1067 1255 nam
1092 1225 1186 1256 fauce
1210 1225 1318 1256 soluta

546 1276 716 1308 Insornnes
741 1276 849 1308 fecere
873 1276 1030 1308 homines.
1076 1275 1131 1307 Sic
1155 1275 1286 1308 cardine
1311 1286 1405 1308 verso

545 1328 619 1361 Non
643 1332 769 1360 tantum
793 1332 902 1360 mutae
927 1339 1023 1371 quam
1047 1327 1245 1370 displicuere
1269 1331 1435 1360 canentes.

546 1380 658 1412 Rebus
682 1380 742 1422 (in)
767 1380 896 1422 exiguis
920 1380 1066 1422 ingentia
1089 1379 1210 1422 gaudia
1234 1383 1405 1422 praestans

545 1432 732 1475 Hospitium
755 1431 813 1463 tali
836 1442 1034 1474 propensum
1058 1432 1192 1463 foenore
1216 1431 1320 1473 liquit.

471 1496 511 1516 πω
590 1483 722 1516 Extima
746 1483 871 1516 telluris
894 1483 993 1515 limbo
1018 1483 1160 1515 cinxisse
1185 1483 1320 1526 perenni
1572 1493 1712 1518 Britannia
1749 1493 1831 1518 herem·

547 1537 716 1568 Oceanum
738 1535 911 1578 perhibent
934 1539 1062 1578 patrum
1087 1535 1303 1567 instrumenta
1326 1535 1479 1577 priorum.
1570 1537 1672 1568 polluta
1684 1537 1829 1568 “demist

544 1588 578 1620 Is
601 1591 690 1620 certe
713 1588 810 1620 finem
834 1587 992 1630 quadrato
1016 1588 1139 1632 fecerat
1161 1587 1242 1621 orbi.
1647 1579 1680 1604 ²²⁰
1698 1580 1759 1604 ⁶5¹⁴*

546 1639 674 1672 Gallica
696 1650 760 1682 qua
782 1639 886 1682 rapidi
910 1639 1132 1682 perstringunt
1155 1639 1252 1671 litora
1274 1639 1401 1671 fluctus.

546 1692 657 1725 Insula
679 1693 711 1724 ni
735 1695 827 1724 vasto
851 1695 1012 1724 terrarum
1034 1691 1172 1733 plurima
1195 1690 1293 1722 ductu

470 1757 508 1777 τις
546 1745 691 1777 Alterius
714 1755 818 1787 paene
842 1754 960 1776 nomen
983 1742 1182 1775 conduceret
1203 1742 1302 1778 orbis,

546 1796 663 1828 Edicto
687 1798 834 1837 veterum
857 1795 999 1827 vocitata
1022 1794 1203 1833 Britannia,
1228 1794 1331 1826 brutis

547 1847 693 1880 Barbara
716 1846 800 1890 quod
825 1847 935 1879 feritet
958 1857 1040 1888 gens
1063 1846 1149 1878 ultro
1171 1846 1316 1878 moribus
1340 1846 1454 1877 omnis.

546 1899 658 1931 Insula
681 1902 871 1931 cunctarum
895 1901 1024 1930 constat
1048 1897 1258 1935 medioxima,
1283 1907 1418 1939 quarum

546 1950 692 1982 Maxima
715 1950 766 1982 vel
791 1950 908 1992 prima:
935 1949 1049 1991 spatiis
1073 1959 1148 1980 nam
1171 1951 1267 1980 tensa
1290 1948 1468 1990 peramplis

469 2016 508 2035 πω
544 2002 610 2035 Ter
632 2002 701 2034 fere
725 2002 861 2043 trigenis
883 2001 1067 2043 productim
1091 2000 1222 2032 milibus
1245 2000 1300 2031 illa

543 2054 659 2096 Longa
681 2056 783 2096 patet,
807 2056 996 2084 transversa
1018 2055 1113 2084 tuens
1136 2051 1172 2083 fit
1194 2052 1261 2083 lata
1285 2051 1438 2083 trecentis

546 2106 700 2148 Interque
724 2115 875 2136 occasum
899 2107 932 2136 et
954 2107 1080 2146 septem
1103 2107 1252 2146 porrecta
1275 2103 1397 2135 triones

545 2157 712 2190 Invidiosa
735 2157 802 2189 suis
826 2159 961 2189 exercet
985 2156 1109 2188 semina
1131 2155 1270 2198 glaebis,

545 2210 715 2252 Quamque
738 2209 833 2241 ferax
856 2209 994 2250 frugum,
1019 2212 1085 2240 tam
1109 2207 1227 2240 fertilis
1251 2207 1308 2238 illa
1331 2207 1482 2238 virorum.

285 2322 390 2348 Scholia
413 2337 443 2341 —
469 2322 520 2348 219
543 2320 740 2356 Secura(mque)
764 2321 832 2354 mali]
855 2320 1115 2354 mntempnenflihem
1139 2321 1243 2346 malum.
1267 2334 1299 2338 —
1325 2320 1447 2353 Virgilius
1469 2320 1546 2351 (Aen.
1575 2320 1590 2344 I
1606 2320 1679 2351 350):
1708 2321 1827 2346 ‘Securus

180 2365 313 2391 amorum?
409 2366 460 2392 23¹³
478 2365 642 2400 propensum]
661 2370 849 2392 remuneratum
951 2363 1003 2390 242
1021 2365 1124 2389 Solinus
1143 2364 1194 2395 (22,
1208 2367 1220 2388 1
1238 2364 1278 2389 ed.
1298 2363 1440 2388 Mommsen
1455 2372 1515 2395 pag).
1535 2365 1590 2394 112,
1606 2366 1627 2394 7,
1644 2363 1689 2388 ned
1709 2363 1827 2388 Heiricus

181 2409 304 2440 excerp-it
320 2417 352 2434 ex
370 2409 504 2442 Arwnymo
522 2409 554 2435 cle
572 2410 621 2435 citu
639 2410 694 2434 orb.
710 2418 770 2442 pay.
788 2410 828 2439 36,
841 2410 872 2433 213
889 2409 937 2438 cfr.
957 2407 1068 2433 eiusdem
1081 2407 1180 2432 Ηείνίεἱ
1194 2407 1326 2432 Hir-acula
1341 2407 1425 2432 Germ.
1446 2406 1464 2430 I
1470 2409 1487 2431 8
1505 2406 1544 2431 ed.
1565 2406 1642 2431 Duru
1656 2407 1673 2431 I
1675 2406 1689 2431 I
1700 2415 1764 2439 paq.
1777 2410 1826 2432 155

181 2453 210 2475 ut
232 2451 282 2476 fert
303 2452 454 2478 auctorit-a:
477 2453 536 2478 finis
559 2456 615 2478 erat
632 2453 700 2481 ebal:
727 2452 796 2477 Finis
818 2456 873 2476 erat
895 2451 964 2476 orbis
983 2449 1065 2483 [blora
1083 2450 1175 2476 Gallici
1198 2450 1290 2475 littoris
1312 2450 1414 2479 (litteris
1433 2448 1475 2481 P),
1499 2450 1547 2475 nisi
1574 2449 1718 2475 Brittannia
1741 2450 1824 2475 insula

182 2501 272 2519 nomen
295 2502 359 2527 poue
381 2495 450 2520 orbis
469 2495 576 2521 alterius
602 2499 742 2521 mereretur
845 2493 896 2519 246
923 2495 1050 2519 Iuvencus
1068 2493 1097 2525 (I
1102 2493 1125 2517 V
1137 2493 1212 2525 22o):
1235 2493 1393 2518 ‘Adveniuut
1417 2490 1532 2526 brut(a)e
1555 2501 1612 2518 sero
1635 2497 1691 2525 post
1713 2497 1826 2526 tempore

181 2537 291 2570 segnes!
394 2537 446 2564 248
463 2537 627 2571 medioxima]
646 2539 660 2563 i.
681 2547 702 2564 e.
722 2538 806 2563 modia

282 2622 333 2649 219
351 2624 522 2656 &curamque
534 2622 670 2656 Bacchius]
689 2624 785 2649 Secura
797 2622 822 2648 P
906 2621 957 2648 ⁶224
976 2622 1084 2655 negotiis
1105 2622 1127 2647 P
1206 2621 1257 2647 225
1277 2629 1381 2647 cursum
1398 2630 1465 2647 corr.
1479 2621 1504 2646 P
1580 2621 1632 2647 238
1650 2622 1676 2647 in
1690 2621 1825 2653 Boecliiuel

180 2674 228 2692 vm.
242 2666 267 2691 P
365 2666 418 2693 239
435 2669 537 2693 foenore
554 2675 585 2693 a
602 2667 642 2692 eil.
660 2665 694 2699 Ρ]
714 2675 818 2692 munere
838 2666 962 2691 Boscliizw
1065 2665 1118 2691 250
1136 2666 1187 2691 sere
1205 2665 1237 2690 >rc
1255 2665 1362 2697 trigenis
1381 2664 1405 2689 P

282 2750 378 2784 240811.
397 2751 486 2777 Aaou.
498 2750 529 2777 [lc
540 2750 596 2777 situ
608 2750 679 2777 orbis
692 2751 711 2777 I
720 2759 785 2785 paq.
798 2751 823 2782 2,
839 2752 869 2777 13
881 2750 919 2777 etl.
935 2750 1078 2782 Manilius,
1093 2749 1138 2783 qui
1152 2749 1220 2776 ulem
1233 2749 1307 2775 hamc
1319 2749 1406 2775 locum
1419 2752 1479 2783 apte
1491 2749 1658 2783 subscripsit:
1679 2752 1820 2777 Oceanum

179 2801 284 2829 extima
301 2801 408 2830 telluris
426 2801 592 2830 mirabiliter
610 2802 777 2838 cingentem.
882 2803 934 2829 250
942 2810 994 2836 sqq.
1014 2802 1071 2835 Cfr.
1091 2800 1153 2827 ibid.
1172 2801 1212 2832 36,
1228 2802 1260 2827 13
1278 2809 1292 2826 e
1313 2800 1396 2827 Mare.
1417 2801 1480 2835 Cap.
1499 2804 1629 2834 exempta.

533 2859 536 2862 ’
1563 2853 1620 2879 59*
