2040 2996
0 2508 24 2577 ’.ι-ιο(
0 2498 3 2499 ¹
0 2406 16 2484 σφ-ν-ν-,τ

827 110 1055 144 Paoosmnm.
1699 116 1759 151 125

123 200 355 235 catholicorum
385 198 511 243 fulgida
541 199 685 233 carmina
714 211 787 233 cum
816 201 925 233 multis
958 202 1243 234 minutissimarum
1271 212 1442 236 causarum
1473 208 1506 237 et
1533 205 1652 238 sanetis
1680 216 1759 248 que—

125 254 284 286 stionibus
307 254 482 286 multorum
497 253 629 295 ingenia
648 253 856 294 congregatis
872 263 935 284 non
953 254 1104 296 privatim
1122 254 1193 293 sibi,
1218 255 1276 286 sed
1293 257 1471 288 comuniter
1486 257 1760 300 studios(is)simis

122 306 363 349 inquisitoribus
386 305 574 348 reportavit.
611 304 674 336 Sed
694 315 744 335 res
765 304 802 335 in
823 304 966 344 ambiyuo
988 304 1202 353 relinquenda,
1225 316 1296 337 cum
1319 310 1463 340 saturata
1478 312 1629 351 poemata
1644 309 1762 341 iustius

122 368 218 398 quam
239 357 380 389 Morales
400 367 439 388 ex
460 356 602 388 Iuvenal.
622 355 696 394 VII,
721 357 762 387 67
783 366 840 387 nos
862 356 1027 387 credamus
1048 367 1119 388 cum
1141 357 1216 388 aliis
1239 358 1442 398 interpretari
1465 364 1601 393 saturas.

230 409 415 442 carminum
441 408 564 440 I—XI
584 407 719 448 sylloqen
751 408 808 448 qui
835 408 971 439 continet
997 409 1092 440 codex
1124 408 1330 441 Cordubensis
1357 411 1430 442 olim
1456 411 1598 443 ecelesiae
1625 412 1758 443 maioris

122 472 209 494 nunc
229 461 334 492 archii
355 460 576 492 canonicorum
598 470 637 491 ex
658 469 719 499 quo
740 458 870 491 Floreat
898 459 1032 491 editione
1054 459 1186 491 Matriti
1209 462 1293 492 1753
1319 462 1355 493 in
1377 462 1511 502 Espar'ia
1539 464 1676 504 saqrada
1703 463 1760 495 vol.

124 513 197 544 XL>
204 523 240 552 p.
255 512 319 544 275
341 522 404 552 sqq.
428 530 469 535 —
491 521 566 542 nam
587 510 696 551 Miqni
724 521 804 550 quae
829 511 911 542 inest
932 510 1050 550 patrol.
1071 511 1125 542 lat.
1142 511 1198 543 vol.
1220 512 1345 546 CXXI.
1369 517 1474 553 utpote
1495 525 1576 546 mere
1597 516 1760 554 repetitam

122 575 187 596 non
206 574 336 596 numero
351 583 392 586 —
403 563 544 603 primum
565 565 595 594 et
615 561 707 594 semel
713 561 900 604 patefactus
914 565 991 600 erat,
1015 563 1140 594 diutius
1161 564 1196 595 in
1211 565 1339 596 obscuro
1355 565 1470 597 latebat
1483 566 1556 607 (cfr.
1573 566 1761 598 Duemmler.

123 616 166 648 N.
181 607 402 656 A..IV‚J515),
425 614 519 646 donec
539 613 620 654 forte
640 614 772 654 fortuna
787 625 809 645 a
822 614 927 646 Paulo
942 614 1059 646 Ewald
1079 616 1160 647 anni
1176 617 1259 647 1878
1281 619 1349 648 arte
1369 618 1530 649 venatoria
1551 621 1693 658 repertus
1708 621 1761 649 est.

226 667 299 707 Ipse
320 665 436 698 Ewald
457 665 578 698 duobus
599 665 696 697 annis
710 668 785 706 post
811 665 888 696 dum
915 666 1034 705 confert
1061 666 1174 698 librum
1201 678 1288 707 aqua
1314 671 1343 699 et
1371 669 1439 708 iqni
1466 669 1555 700 valde
1582 672 1764 709 corruptum

124 718 258 750 lacunas
279 728 301 749 a
322 717 358 750 F
359 717 469 750 lorezio
490 717 616 750 relictas
631 717 818 757 plerumque
840 719 906 748 tam
927 717 1044 748 acriter
1064 720 1214 758 acuteque
1237 719 1376 758 eoepleoit,
1398 722 1435 751 ut
1455 720 1535 751 mihi
1557 721 1609 752 eui
1631 721 1764 752 alterum

129 769 335 802 Cordubensis
355 769 570 810 apographum
591 770 657 801 iam
678 780 702 801 s.
722 769 836 801 XVII.
861 770 904 801 in.
927 779 949 800 a
973 769 1094 801 Thoma
1120 770 1250 802 Tamaio
1272 771 1444 811 confectum
1466 773 1538 812 (cfr.
1554 773 1671 804 Anton.
1695 772 1763 804 bibl.

125 821 217 862 Hisp.
247 824 303 852 vet.
327 822 410 852 1696
432 821 463 859 I,
484 822 548 852 350
559 823 639 861 sqq.)
668 821 825 861 multoque
850 821 978 861 plenius
1006 824 1035 852 et
1061 821 1253 854 Floreziano
1282 826 1310 854 et
1333 823 1548 855 Moralesiano
1575 835 1596 855 a
1618 824 1764 856 Floreeio

124 873 264 905 adhibito
290 872 360 904 licet
385 872 488 912 fatuis
514 874 702 904 coniecturis
727 883 818 913 saepe
847 873 1068 913 interpolatum
1089 873 1223 914 feliciter
1244 885 1320 906 sane
1342 876 1440 906 evenit
1462 878 1498 906 ut
1513 887 1574 915 per
1596 876 1765 907 Romulum

124 925 270 966 Briqiuti
294 925 334 956 in
362 925 464 956 codice
491 925 670 956 Barberino
700 925 766 963 XI,
788 926 850 957 121
880 926 1098 966 investiqarem
1130 929 1159 957 et
1186 937 1285 966 usque
1317 927 1361 958 ad
1386 926 1501 958 Albari
1529 937 1623 958 carm.
1643 927 1702 965 VI,
1725 929 1765 958 11

125 976 354 1017 discrepantias
380 976 455 1008 inde
482 977 656 1016 descriptas
682 977 867 1017 acciperem,
895 987 980 1008 unus
1007 980 1111 1009 tamen
1139 978 1244 1009 omnia
1265 989 1327 1017 pro
1353 979 1473 1009 viribus
1501 979 1671 1018 eaepediisse
1697 989 1765 1010 cen-

125 1028 242 1061 sendus
262 1029 313 1060 sit.

227 1079 372 1120 Scriptus
399 1082 444 1111 est
471 1079 548 1112 liber
573 1079 810 1121 Qordubensis)
839 1091 860 1111 a
881 1080 1220 1121 presbytero-Sisoerto
1247 1081 1283 1112 in
1298 1082 1465 1121 provincia
1487 1082 1672 1121 Leyionensi
1694 1081 1766 1122 (cfr.

125 1131 248 1164 Ewald.
278 1131 320 1163 N.
342 1131 383 1162 A.
408 1131 507 1170 VIII,
533 1132 597 1162 359
613 1142 657 1171 sq.
690 1134 719 1163 et
749 1133 827 1169 631)
856 1142 882 1164 s.
907 1132 949 1163 X.
985 1131 1099 1163 litteris
1129 1132 1305 1172 Visiqoticis
1341 1143 1477 1172 quarum
1509 1134 1565 1173 qui
1597 1133 1767 1173 specimina

125 1184 356 1224 descripserunt
381 1182 498 1214 Ewald
530 1186 559 1214 et
585 1183 694 1215 Loewe
726 1183 878 1224 adferunt
911 1184 1038 1224 escernpl.
1070 1185 1178 1224 script.
1205 1184 1300 1224 Visiq.
1322 1195 1357 1223 p.
1379 1185 1438 1221 25,·
1473 1186 1608 1216 continet
1639 1188 1768 1224 praeter

119 1236 247 1276 primas
275 1237 426 1275 quattuor
447 1235 589 1276 payinas
610 1235 787 1275 Auqustini
813 1246 953 1268 sermone
974 1237 1039 1267 350
1065 1235 1188 1268 saeculo
1213 1236 1295 1267 XII.
1323 1235 1461 1275 ‘repletas
1483 1236 1597 1268 Albari
1623 1237 1767 1268 carmina

125 1287 345 1327 confessionem
367 1286 481 1318 librum
503 1286 706 1327 epistolarum
727 1287 903 1319 indiculum
925 1287 1124 1327 luminosum,
1147 1298 1227 1328 quae
1249 1288 1369 1327 scripta
1384 1287 1552 1319 Floreeius
1573 1287 1592 1319 l.
1609 1298 1634 1319 e.
1657 1288 1765 1326 edidit,

126 1341 282 1371 tractatus
303 1338 492 1379 theokqicos,
514 1338 552 1370 de
573 1339 688 1379 quibus
709 1339 766 1379 cfr.
789 1339 872 1371 idem
893 1339 930 1371 F
931 1339 1094 1380 lamias)
1109 1350 1145 1379 p.
1162 1339 1203 1369 50
1215 1350 1274 1379 sq..

227 1389 372 1422 Alterum
385 1389 500 1422 Albari
514 1400 641 1430 operum
663 1391 797 1423 codicem
818 1390 962 1423 ecclesiae
980 1390 1149 1422 Toletanae
1170 1391 1263 1422 cuius
1284 1391 1468 1422 mentionem
1487 1390 1639 1422 Tamaius
1659 1390 1769 1430 fecisse

126 1451 148 1472 a
169 1441 300 1474 Nicoho
322 1442 462 1473 Antonio
490 1441 510 1472 l.
531 1453 556 1473 c.
574 1452 610 1482 p.
633 1443 698 1473 350
723 1442 828 1483 fertur
855 1443 996 1483 equidem
1025 1443 1136 1483 opinor
1163 1453 1268 1474 rerum
1300 1442 1478 1482 confusioni
1507 1443 1618 1473 deberi.
1667 1441 1769 1473 Codex

126 1493 209 1525 enim
226 1492 396 1525 Toletanus
416 1503 502 1525 nunc
525 1492 722 1525 bibliothecae
737 1493 886 1534 publicae
900 1494 1104 1526 Matritensis
1119 1494 1317 1526 loculamenti
1333 1496 1382 1526 14.
1398 1506 1429 1526 n.
1445 1495 1497 1532 22,
1520 1505 1609 1534 quem
1624 1493 1770 1525 videntur

125 1544 267 1584 voluisse,
290 1555 328 1576 ex
343 1544 458 1576 Albari
479 1544 623 1585 operibus
644 1544 727 1576 nihil
741 1545 853 1585 prodit
868 1548 999 1585 praeter
1014 1545 1132 1586 Euloqi
1147 1546 1338 1586 passionem.
1379 1547 1480 1586 Quam
1496 1557 1577 1586 quae
1594 1547 1770 1585 sequuntur

128 1595 244 1628 Albari
265 1596 303 1627 de
325 1596 458 1636 Euloyio
487 1597 630 1628 carmina
657 1607 728 1628 cum
757 1596 891 1638 sylloyae
917 1597 1142 1637 adiunqamus,
1167 1598 1286 1638 paucis
1317 1600 1482 1629 enarretur
1506 1596 1705 1637 T(oletanus)
1729 1615 1769 1619 —

128 1647 185 1688 cfr.
201 1647 324 1680 Ewald.
342 1648 382 1680 N.
398 1649 439 1680 A.
459 1648 513 1687 VI,
529 1650 593 1680 316
605 1659 668 1689 sqq.
681 1649 692 1669 ¹
708 1667 748 1672 —
764 1649 821 1690 qui
841 1649 928 1681 solus
948 1652 978 1681 et
999 1649 1075 1681 hacc
1090 1649 1270 1689 sumzeditat
1292 1652 1321 1680 et
1335 1649 1415 1681 alios
1429 1649 1649 1689 Hispanorum
1663 1658 1771 1679 versus

129 1699 219 1740 infra
240 1699 381 1732 edendos.

231 1750 362 1784 Saeculo
386 1751 428 1784 X.
450 1751 523 1793 (cfr.
539 1751 662 1784 Ewald.
685 1752 725 1784 ib.
742 1753 820 1792 584)
843 1752 956 1785 litteris
979 1753 1156 1793 Visiqoticis
1178 1755 1330 1784 escaratus
1351 1763 1432 1792 quas
1454 1751 1597 1783 Partsch.
1621 1751 1771 1791 expressit

129 1802 165 1835 in
188 1802 318 1844 Corippi
338 1803 473 1835 editione
488 1803 635 1843 praebet:
656 1803 680 1844 f.
698 1806 717 1835 1
750 1803 907 1836 Draconti
933 1804 1150 1837 Hexaemeron
1177 1805 1216 1837 ab
1238 1805 1380 1845 Euyenio
1411 1803 1559 1836 Toletum
1587 1803 1772 1834 recensitum

129 1854 191 1895 (ed.
214 1854 400 1887 Lorenaeana
422 1854 478 1887 SS.
500 1854 569 1886 PP.
594 1855 688 1888 Tolet.
710 1856 744 1895 I,
765 1858 807 1887 34
823 1857 920 1898 sqq.)‚·
956 1854 1010 1888 17¹
1034 1856 1205 1897 Corippum
1234 1857 1296 1898 (ed.
1323 1856 1466 1888 Partsch.
1495 1855 1552 1895 cfr.
1575 1865 1610 1895 p.
1631 1855 1686 1886 LI
1696 1855 1772 1897 sq.);

130 1906 172 1936 51
193 1905 303 1938 Seduli
324 1906 474 1948 hymnum
489 1907 649 1946 primum;
672 1904 730 1939 52'
753 1908 986 1948 inscriptionem
1002 1909 1113 1948 pontis
1135 1908 1344 1940 Emeretensis
1366 1908 1526 1939 metricam
1547 1907 1607 1948 (ed.
1624 1906 1773 1938 Huebner

130 1957 246 1990 IHGh.
268 1968 300 1990 n.
321 1959 418 1999 23⁰);
449 1958 491 1989 53
512 1957 639 1999 Euqeni
663 1957 805 1991 Toletani
836 1960 979 1991 carmina
1002 1960 1063 2000 (ed.
1085 1960 1270 1992 Loreneana
1293 1959 1312 1991 l.
1333 1970 1358 1990 c.
1379 1960 1419 1990 19
1429 1969 1493 1999 sqq.
1517 1958 1554 1990 de
1581 1958 1689 1990 ordine
1715 1957 1772 1997 cfr.

135 2008 177 2040 N.
192 2009 234 2041 A.
258 2008 278 2040 l.
293 2010 352 2050 c.);
374 2010 416 2041 75
435 2009 564 2042 Catonis
585 2010 721 2042 disticha
742 2011 804 2052 (ed.
820 2010 994 2043 Baehrens.
1012 2022 1047 2051 p.
1065 2011 1084 2043 l.
1100 2022 1139 2043 m.
1156 2012 1220 2043 III
1236 2011 1293 2051 cfr.
1310 2011 1349 2043 ib.
1366 2021 1402 2050 p.
1418 2011 1514 2052 208),·
1537 2012 1557 2041 '7
1559 2011 1579 2041 7
1601 2009 1774 2041 Verecumli

123 2070 238 2101 poema
264 2061 325 2102 (ed.
352 2061 447 2093 Pitra
473 2061 607 2103 spicileq.
631 2061 756 2094 Solesm.
775 2062 838 2102 IV,
863 2064 926 2094 138
940 2074 1004 2104 sqq.
1034 2066 1064 2095 et
1093 2063 1134 2096 G.
1157 2063 1268 2104 Meyer
1301 2061 1477 2102 Abhandly.
1501 2062 1530 2093 d.
1553 2061 1582 2093 k.
1606 2061 1691 2102 bayr.
1710 2060 1772 2092 Ale.

131 2111 161 2144 d.
182 2111 231 2145 W.
253 2112 292 2146 cl.
307 2113 335 2144 I.
358 2113 414 2144 vol.
433 2113 469 2145 X
475 2113 549 2146 VH.
565 2125 602 2154 p.
617 2116 717 2155 431ss
738 2116 780 2146 81
803 2115 992 2154 Iuvencum;
1015 2116 1077 2146 135
1099 2115 1275 2147 Fortunati
1296 2125 1321 2145 c.
1342 2114 1406 2152 IX,
1427 2115 1449 2145 2
1471 2113 1532 2155 (ed.
1548 2113 1611 2144 Leo
1627 2123 1663 2152 p.
1678 2112 1774 2150 205);

133 2161 336 2196 137'—139‘
354 2165 510 2206 Cypriani
523 2169 553 2198 et
568 2166 730 2199 Samsonis
743 2178 850 2199 versus
865 2167 970 2208 (infra
991 2167 1082 2199 edam
1082 2168 1116 2208 );
1138 2163 1216 2198 139'
1231 2166 1418 2206 Hieronymi
1439 2164 1635 2205 epitaphium
1650 2162 1774 2195 Paulae

131 2215 193 2256 (ed.
209 2215 313 2256 Miqn.
329 2216 447 2256 XXII,
464 2218 528 2249 906
549 2218 607 2259 cfr.
630 2218 668 2250 L.
682 2218 801 2251 Muller
823 2219 1016 2251 Fleckeisen.
1039 2218 1148 2251 annal.
1165 2219 1258 2257 1865,
1282 2219 1344 2249 790
1366 2220 1396 2249 ct
1418 2217 1480 2248 Rh.
1496 2216 1546 2248 M.
1564 2213 1662 2255 XXL
1677 2216 1775 2256 264),-

133 2267 196 2298 140
225 2268 369 2309 aeniyma
397 2269 704 2302 trismidecastichon
735 2270 868 2311 (Verbis
892 2271 987 2303 crede
1017 2271 1097 2302 meis
1120 2270 1270 2313 quoniam
1293 2280 1358 2301 non
1385 2268 1501 2300 fribola
1522 2268 1610 2310 fingo
1631 2267 1775 2300 Vocibus

133 2318 206 2351 adst
226 2319 336 2352 multis
360 2321 496 2353 comitor
523 2326 694 2365 mentoque
721 2322 874 2365 tumulto)
903 2325 933 2355 et
955 2322 1102 2360 Quadam
1130 2325 1225 2354 noete
1253 2322 1346 2364 niger
1374 2321 1434 2362 (ed.
1459 2320 1628 2352 Baehrens.
1648 2329 1681 2359 p.
1698 2318 1717 2350 l.
1733 2329 1774 2350 m.

140 2369 176 2409 V,
191 2372 255 2403 370
265 2373 362 2413 sqq.);
383 2370 461 2404 141¹
480 2373 624 2406 Vincenti
644 2385 752 2406 versus
772 2374 878 2415 (infra
893 2375 1015 2413 edaan)‚·
1038 2374 1101 2406 142
1117 2373 1145 2406 Ο
1161 2384 1218 2405 vos
1234 2373 1330 2405 amici
1353 2372 1458 2415 (infra
1473 2372 1596 2412 edam),·
1618 2368 1695 2403 142‘
1711 2370 1775 2411 epi-

134 2421 278 2462 taphium
292 2423 394 2463 paulo
416 2425 584 2457 recentiore
605 2436 703 2458 manu
725 2426 871 2458 additum
895 2426 991 2458 Secia
1013 2426 1066 2458 dei
1093 2427 1169 2457 nate
1197 2425 1315 2456 fruaris
1345 2424 1506 2456 consortio
1536 2423 1649 2455 serbus
1671 2422 1776 2463 (infra

133 2473 255 2513 edam);
292 2476 355 2506 143
383 2475 568 2508 Recesvindi
601 2487 709 2509 versus
741 2477 849 2519 (infra
880 2478 1004 2518 edam)‚·
1040 2473 1118 2508 143¹
1145 2475 1248 2509 Sedul.
1277 2487 1302 2508 c.
1322 2486 1354 2516 p.
1377 2476 1431 2514 II,
1463 2476 1606 2513 63—81‚·
1640 2477 1679 2515 (s.
1704 2474 1783 2506 XII

134 2523 224 2557 Petri
249 2525 432 2559 Oomestom‘s
460 2538 568 2560 versus
596 2528 653 2568 cfr.
678 2529 720 2561 N.
742 2529 783 2561 A.
812 2528 831 2560 l.
852 2540 877 2560 c.
899 2529 1043 2560 Amador
1077 2528 1114 2560 de
1147 2527 1192 2559 los
1220 2527 1300 2560 Rios
1332 2527 1404 2559 hist.
1433 2526 1492 2559 litt.
1521 2526 1614 2566 Hisp.
1636 2526 1691 2564 II,
1713 2526 1778 2557 356

141 2575 345 2610 Wattenbach
366 2578 520 2620 Anaeiqer
546 2579 576 2611 d.
599 2580 718 2612 Kunde
739 2580 764 2620 f.
788 2580 831 2613 D.
851 2580 972 2612 Vorzeit
995 2581 1079 2611 1867
1094 2590 1130 2619 p.
1148 2580 1241 2621 111),·
1275 2575 1352 2610 144'
1373 2589 1446 2618 eras
1474 2578 1507 2610 in
1536 2589 1599 2620 quo
1629 2578 1777 2609 martires

238 2706 265 2740 1)
283 2705 332 2732 Ea:
347 2707 466 2741 Azaqrae
488 2707 636 2735 bibliotheca
659 2707 760 2735 videtur
782 2708 813 2734 in
836 2706 927 2734 Lucae
953 2707 1050 2734 carcesi
1072 2715 1170 2733 manus
1192 2707 1289 2733 venisse
1309 2706 1356 2739 cfr.
1380 2707 1480 2734 Anton.
1506 2707 1524 2733 l.
1539 2714 1560 2733 c.
1580 2715 1609 2740 p.
1621 2709 1685 2739 3445
1708 2705 1779 2739 quod

135 2751 222 2777 canen
240 2749 331 2777 Perea*
348 2751 430 2778 urbis
445 2751 597 2786 refiuqatwr
615 2760 659 2786 ap.
679 2751 800 2779 Paresch.
819 2751 923 2786 Corin).
937 2759 967 2785 p.
981 2756 1016 2778 11.
