2040 2996
620 166 637 189 =,
783 155 894 184 mssa
911 156 1108 185 SECUNDUS.
1725 167 1764 198 35

484 244 602 277 Offitiis
625 245 752 277 intenta
773 244 848 287 piis,
872 244 949 277 dum
972 245 1039 277 vita
1062 246 1226 285 manebat,

481 297 635 340 Martyris
658 299 692 328 et
714 296 874 328 tumulum
899 307 1018 339 magno
1043 298 1222 330 celebravit
1245 300 1377 332 honore.

550 348 676 390 Mar-tyr
698 351 787 380 amat
809 348 970 390 placidam
994 350 1149 382 membris
1173 354 1305 394 captare
1328 353 1469 395 quietem

480 400 524 433 Et
546 400 688 438 statione
710 399 784 439 frui,
809 399 931 432 dudum
954 411 1018 443 quo
1042 406 1174 434 rexerat
1196 413 1322 445 agmen.

385 461 422 480 ³⁹5
484 471 523 476 --
544 451 614 484 Iam
636 451 779 491 tandem,
802 453 947 494 praesul,
969 452 1044 494 (nec
1066 454 1194 496 linquas
1217 458 1294 487 vota
1314 457 1447 499 mereri)

481 503 588 546 Perge
611 504 700 536 celer
721 504 833 546 populi
855 514 975 546 magno
998 505 1175 539 comitante
1198 507 1371 550 triumpho,

479 555 641 588 Cornibus
664 555 735 598 ipse
758 555 912 587 humeros
937 557 1076 599 supplex
1100 557 1257 590 subnecte
1281 559 1406 591 feretri:

480 608 686 651 Exspectant
708 611 833 651 patrem
857 609 1008 640 monachi
1031 620 1179 642 remeare
1197 611 1349 653 priorem.

480 659 619 692 Sedibus
643 663 678 692 et
698 659 837 702 placidis
859 663 987 702 spectat
1010 660 1198 693 Maxentius
1223 663 1328 694 almus

324 752 350 756 ⁷>
381 720 420 739 ⁴⁰⁰
439 741 450 743 A
478 712 660 744 Ac‘se‘cum
683 711 831 744 refovere
855 712 943 754 cupit
966 712 1031 744 iam
1057 713 1202 745 membra
1224 714 1331 746 beata.
1349 733 1390 738 —

478 764 646 796 Pontificis
670 763 813 806 scapulis
837 767 959 805 martyr
983 764 1159 796 subvectus
1183 766 1304 798 abibat.

476 815 563 848 Dum
587 815 702 858 spatiis
724 815 824 857 largis
848 826 1055 847 numerosum
1079 817 1220 848 occurrit
1243 818 1340 857 ovile,

477 867 559 905 Quis
582 867 740 900 alimenta
761 868 851 910 prins
875 871 1003 899 sacrato
1026 868 1179 910 dogmate
1204 870 1351 911 praebet,

477 919 696 962 Suscepitque
719 922 846 961 patrem
870 919 1104 951 monachorum
1127 919 1214 952 laeta
1234 920 1425 963 phalanges.

379 979 418 998 ⁴⁰⁵
475 971 538 1004 His
562 971 661 1013 igitur
684 971 814 1013 populis
837 971 938 1002 tantis
961 970 1106 1003 admixta
1127 971 1259 1004 meabat

474 1024 621 1063 Femina,
647 1023 843 1056 seminecem
866 1023 967 1055 tristis
991 1034 1052 1066 sup
1075 1027 1208 1066 pectore
1232 1028 1343 1057 natum

476 1075 578 1119 (Huic
601 1075 698 1107 flatus
720 1074 869 1107 modicus
892 1079 1019 1107 tantum
1042 1076 1102 1107 sub
1125 1079 1257 1118 gutture
1280 1077 1414 1119 mansit)

474 1128 642 1167 Cesserat,
665 1138 685 1159 a
709 1127 851 1159 lacrimis
874 1127 987 1159 oculos
1011 1127 1145 1170 perfusa
1167 1128 1311 1161 tenebat.

474 1179 669 1212 Vociferans
691 1179 837 1221 genitrix
860 1179 1001 1222 supplex
1025 1179 1167 1212 clamore
1190 1180 1330 1222 peralto:

378 1240 416 1258 ⁴¹⁰
468 1231 594 1264 ‘Redde
617 1231 696 1263 mihi
717 1234 830 1263 natum
854 1231 971 1269 solum⁷
993 1231 1069 1272 quia
1091 1234 1187 1273 gesto
1211 1231 1364 1265 cadaver:

473 1284 580 1316 Cerne
603 1283 928 1316 infelicem'matrem
951 1293 1012 1315 nec
1035 1284 1099 1315 iam
1122 1283 1217 1316 modo
1241 1287 1391 1316 matrem:

472 1335 560 1368 Mors
583 1339 618 1367 et
640 1345 702 1378 ego
723 1335 810 1367 iuter
830 1345 891 1366 nos
914 1335 1032 1377 pugnis
1057 1335 1284 1377 confligimus',
1305 1336 1425 1378 inquid.

472 1387 578 1420 ‘Haec
606 1386 754 1419 tenebris
785 1385 961 1418 furibunda
983 1396 1092 1419 meum
1115 1387 1185 1418 vult
1207 1387 1347 1420 condere
1369 1391 1496 1420 natum:

469 1438 521 1471 Tu
542 1439 687 1471 clemens
708 1437 851 1470 concede
874 1438 993 1470 iterum
1017 1438 1221 1481 resipiscere,
1244 1431 1375 1482 martyr,

374 1499 413 1518 ⁴1⁵
471 1491 539 1524 Aut
561 1491 686 1534 pariter
707 1499 819 1523 coram
842 1490 951 1532 capiat
974 1500 1034 1522 nos
1058 1494 1147 1522 terra
1169 1489 1354 1529 dehiscens,

470 1543 590 1575 Bassia
610 1552 672 1575 nac
694 1544 810 1585 potero
832 1541 944 1574 dilecti
967 1541 1114 1584 linquere
1138 1541 1227 1575 nati'.

471 1594 560 1628 Ecce
584 1597 722 1637 repente
743 1603 828 1637 puer
849 1593 965 1636 gracili
987 1604 1061 1626 cum
1084 1604 1165 1626 voce
1188 1594 1373 1638 respondit:

471 1646 554 1685 ‘Dic,
577 1645 634 1678 ubi
658 1645 715 1685 sis,
738 1648 858 1683 maten-3
880 1648 996 1685 mater,
1019 1655 1072 1678 mc
1095 1646 1221 1688 suscipe
1244 1646 1375 1680 natum'.

470 1697 629 1739 ‘Adsum',
653 1701 760 1731 mater
782 1697 839 1734 ait,
862 1697 919 1730 ‘fili
942 1696 1128 1731 carissime’.
1172 1698 1269 1732 Matri

373 1759 412 1779 ⁴2⁰
469 1749 600 1783 Gaudia
621 1759 743 1792 magna
763 1749 840 1782 tulit
862 1749 966 1792 geniti
988 1759 1047 1792 pro
1070 1740 1206 1782 munere
1230 1753 1335 1783 tanto:

468 1802 663 1835 Laetificata
684 1800 771 1834 redit
791 1801 935 1843 genitrix
958 1811 1032 1833 oum
1054 1801 1191 1844 pignore
1213 1813 1303 1834 sano.

468 1854 596 1886 Luscus
619 1852 688 1886 adit
709 1852 842 1895 quidam
865 1852 1020 1885 feretrum
1045 1863 1119 1885 cum
1142 1854 1280 1896 coniuge
1304 1864 1418 1886 caeca:

468 1905 529 1938 Vir
551 1908 687 1948 gestans
707 1905 838 1937 oculum
861 1905 964 1937 solum
989 1905 1050 1937 sub
1072 1905 1177 1937 fronte
1199 1915 1324 1946 serena,

469 1957 620 1990 Coniunx
642 1956 803 1990 ambobus
827 1957 941 1996 caruit,
965 1967 1061 1999 quam
1086 1957 1164 1989 fune
1186 1957 1320 1990 maritus

372 2018 410 2036 ⁴²⁵
469 2010 624 2052 Ingratus
645 2009 744 2042 toties
766 2008 859 2041 tardo
881 2009 942 2041 sub
965 2010 1048 2042 calle
1072 2009 1222 2052 regebat3

470 2061 615 2094 Credula
637 2060 735 2094 eorde
759 2065 871 2094 tamen
893 2061 1020 2101 mulier,
1044 2061 1130 2104 quod
1153 2061 1290 2094 reddere
1314 2061 1418 2104 possit

468 2113 636 2146 Amissum
658 2113 768 2146 lumen
813 2117 944 2155 martyr,
969 2112 1026 2145 sed
1049 2113 1098 2144 vir
1119 2112 1288 2146 dubitavit.

467 2165 529 2198 Vir
550 2164 669 2198 dubius
691 2165 795 2198 caruit
817 2165 974 2207 posthaec
998 2164 1056 2197 sed
1079 2164 1202 2197 lumine
1225 2165 1306 2205 solo,

467 2217 638 2250 Ambobus
660 2217 777 2250 mulier
798 2217 922 2249 meritis
946 2216 1067 2248 donata
1089 2217 1242 2248 recessit:

371 2276 410 2296 ⁴³⁰
469 2269 524 2301 Sic
546 2268 665 2302 infidus
687 2269 758 2301 abit
781 2279 898 2302 caecus
922 2279 1126 2311 cernensque
1148 2268 1266 2301 fidelis.

535 2321 604 2354 Nec
628 2322 755 2362 sileam,
778 2332 862 2364 quae
885 2322 952 2354 sint
975 2321 1132 2354 miracula
1154 2321 1240 2353 facta
1262 2319 1351 2352 beati

467 2373 615 2406 Maxenti
638 2373 751 2416 septis.
790 2373 1020 2406 Monachorum
1043 2373 1125 2406 haec
1148 2372 1278 2414 agmina
1302 2374 1428 2414 promta

467 2426 591 2458 Obvius
614 2425 660 2457 ire
682 2428 801 2468 parant
824 2426 907 2467 patri
933 2424 1019 2465 duni,
1043 2434 1183 2466 namque
1206 2424 1316 2466 puella

202 2546 255 2574 395
270 2547 379 2574 ‘morari
393 2546 416 2572 G
433 2547 483 2580 ‘fi'-
496 2546 539 2578 11,
552 2545 603 2572 351
690 2545 742 2572 415
760 2546 827 2580 parit
842 2546 865 2571 G
882 2554 950 2572 corr.
964 2546 989 2570 P
1069 2545 1118 2571 421
1138 2545 1247 2570 laetifica
1263 2545 1286 2570 G
1303 2553 1370 2571 corr.
1383 2544 1422 2569 1³¹
1504 2544 1557 2570 423
1573 2543 1707 2570 *serenum
1722 2543 1745 2568 G

100 2589 152 2622 431
169 2600 221 2626 qm
238 2591 262 2616 0

31 2661 43 2666 ··
201 2650 252 2677 891
267 2649 344 2677 Fort-
358 2649 387 2677 G.
403 2649 471 2683 VII,
483 2647 508 2681 9,
522 2650 535 2676 l
555 2648 660 2676 Officiis
678 2648 788 2676 intente
802 2649 869 2684 piis;
888 2657 908 2675 c.
918 2657 943 2683 9.
954 2649 1020 2675 Aen.
1038 2647 1085 2682 VI,
1099 2647 1150 2674 608
1169 2647 1233 2674 dum
1254 2647 1314 2674 vita
1331 2646 1472 2673 manebat.
1552 2646 1604 2672 393
1620 2645 1668 2678 cfr.
1679 2644 1745 2671 Am.

46 2707 47 2711 ’
100 2701 124 2737 ,ζ
135 2703 196 2731 oel.
281 2702 334 2730 410
349 2701 439 2728 &dul
452 2701 509 2734 ΙΙΙ,
527 2701 578 2728 803
596 2700 692 2727 Redde
710 2700 787 2727 mihi.
874 2700 924 2727 411
943 2699 1029 2726 Scdul.
1043 2699 1084 2733 ΙΙ,
1104 2700 1153 2726 125
1176 2698 1272 2725 infelix
1296 2699 1385 2724 mater
1403 2706 1454 2724 nec
1471 2697 1527 2724 iam
1548 2696 1630 2723 modo
1648 2697 1744 2722 mator.

32 2760 39 2782 Γ
98 2742 153 2782 '412
166 2754 216 2788 ql.
227 2753 270 2787 ΙΙ,
282 2754 343 2781 3³0.
427 2753 480 2780 415
496 2754 563 2780 Aen.
578 2752 615 2786 X,
629 2751 681 2779 675
699 2754 749 2779 aut
769 2772 791 2780 ..
810 2752 867 2779 ima.
886 2751 1011 2778 dehiscat
1026 2753 1031 2786 Ι
1046 2753 1119 2778 ten-a
1139 2750 1214 2785 mihi.
1301 2749 1353 2776 423
1371 2749 1418 2782 cfr.
1432 2749 1455 2782 Ι,
1468 2749 1527 2776 417.
1613 2748 1665 2774 433
1678 2748 1744 2774 Aen.

45 2800 50 2804 ’
101 2805 139 2840 X,
157 2805 209 2833 '170
225 2805 331 2832 Obvius
349 2805 390 2832 irc·
409 2807 498 2839 parat.

1507 2846 1540 2872 5*
