<?xml version="1.0" encoding="UTF-8"?>
<!DOCTYPE html PUBLIC "-//W3C//DTD XHTML 1.0 Transitional//EN"
    "http://www.w3.org/TR/xhtml1/DTD/xhtml1-transitional.dtd">
<html xmlns="http://www.w3.org/1999/xhtml" xml:lang="en" lang="en">
 <head>
  <title>
</title>
<meta http-equiv="Content-Type" content="text/html;charset=utf-8" />
  <meta name='ocr-system' content='tesseract 3.04.00' />
  <meta name='ocr-capabilities' content='ocr_page ocr_carea ocr_par ocr_line ocrx_word'/>
</head>
<body>
  <div class='ocr_page' id='page_1' title='image "./monumentagerma03geseuoft_0162.png"; bbox 0 0 2040 2996; ppageno 0'>
   <div class='ocr_carea' id='block_1_1' title="bbox 291 74 1418 106">
    <p class='ocr_par' dir='ltr' id='par_1_1' title="bbox 291 74 1418 106">
     <span class='ocr_line' id='line_1_1' title="bbox 291 74 1418 106; baseline -0.004 0"><span class='ocrx_word' id='word_1_1' title='bbox 291 77 349 106; x_wconf 78' lang='lat'>146</span> <span class='ocrx_word' id='word_1_2' title='bbox 796 74 958 102; x_wconf 85' lang='lat' dir='ltr'>CIPRIANI</span> <span class='ocrx_word' id='word_1_3' title='bbox 978 75 1025 102; x_wconf 82' lang='lat' dir='ltr'>ET</span> <span class='ocrx_word' id='word_1_4' title='bbox 1044 74 1223 102; x_wconf 81' lang='lat' dir='ltr'>SAMSONIS</span> <span class='ocrx_word' id='word_1_5' title='bbox 1242 75 1418 102; x_wconf 86' lang='lat' dir='ltr'>CARMlNA.</span> 
     </span>
    </p>
   </div>
   <div class='ocr_carea' id='block_1_2' title="bbox 655 195 1564 290">
    <p class='ocr_par' dir='ltr' id='par_1_2' title="bbox 655 195 1564 290">
     <span class='ocr_line' id='line_1_2' title="bbox 1066 195 1141 228; baseline 0.013 -1"><span class='ocrx_word' id='word_1_6' title='bbox 1066 195 1141 228; x_wconf 88' lang='lat' dir='ltr'><strong>VII.</strong></span> 
     </span>
     <span class='ocr_line' id='line_1_3' title="bbox 655 257 1564 290; baseline 0 -1"><span class='ocrx_word' id='word_1_7' title='bbox 655 257 766 289; x_wconf 81' lang='lat' dir='ltr'>ITEM</span> <span class='ocrx_word' id='word_1_8' title='bbox 789 257 1086 290; x_wconf 81' lang='lat' dir='ltr'>EPITAPHYUM</span> <span class='ocrx_word' id='word_1_9' title='bbox 1109 257 1169 289; x_wconf 90' lang='lat' dir='ltr'>AB</span> <span class='ocrx_word' id='word_1_10' title='bbox 1192 257 1355 289; x_wconf 86' lang='lat' dir='ltr'><strong>EODEM</strong></span> <span class='ocrx_word' id='word_1_11' title='bbox 1379 257 1564 289; x_wconf 88' lang='lat' dir='ltr'>EDITUM.</span> 
     </span>
    </p>
   </div>
   <div class='ocr_carea' id='block_1_3' title="bbox 647 318 1669 466">
    <p class='ocr_par' dir='ltr' id='par_1_3' title="bbox 647 318 1669 466">
     <span class='ocr_line' id='line_1_4' title="bbox 652 318 1488 357; baseline 0 -8"><span class='ocrx_word' id='word_1_12' title='bbox 652 318 779 350; x_wconf 78' lang='lat' dir='ltr'>Nobilis</span> <span class='ocrx_word' id='word_1_13' title='bbox 802 318 855 351; x_wconf 87' lang='lat' dir='ltr'>hic</span> <span class='ocrx_word' id='word_1_14' title='bbox 879 321 972 351; x_wconf 82' lang='lat' dir='ltr'>extat</span> <span class='ocrx_word' id='word_1_15' title='bbox 994 318 1173 351; x_wconf 87' lang='lat' dir='ltr'>Hermildis</span> <span class='ocrx_word' id='word_1_16' title='bbox 1198 318 1231 350; x_wconf 93' lang='lat' dir='ltr'>in</span> <span class='ocrx_word' id='word_1_17' title='bbox 1254 318 1349 350; x_wconf 87' lang='lat' dir='ltr'>busto</span> <span class='ocrx_word' id='word_1_18' title='bbox 1372 319 1488 357; x_wconf 82' lang='lat' dir='ltr'>locata,</span> 
     </span>
     <span class='ocr_line' id='line_1_5' title="bbox 647 370 1569 413; baseline -0.001 -11"><span class='ocrx_word' id='word_1_19' title='bbox 647 370 727 407; x_wconf 84' lang='lat' dir='ltr'>Quae</span> <span class='ocrx_word' id='word_1_20' title='bbox 751 370 858 402; x_wconf 82' lang='lat' dir='ltr'>Cristo</span> <span class='ocrx_word' id='word_1_21' title='bbox 882 371 1043 402; x_wconf 82' lang='lat' dir='ltr'>famulans</span> <span class='ocrx_word' id='word_1_22' title='bbox 1068 370 1267 413; x_wconf 87' lang='lat' dir='ltr'>tempnendo</span> <span class='ocrx_word' id='word_1_23' title='bbox 1292 370 1394 402; x_wconf 88' lang='lat' dir='ltr'>seculi</span> <span class='ocrx_word' id='word_1_24' title='bbox 1417 380 1569 412; x_wconf 83' lang='lat' dir='ltr'><strong>pompam</strong></span> 
     </span>
     <span class='ocr_line' id='line_1_6' title="bbox 648 422 1669 466; baseline -0.001 -11"><span class='ocrx_word' id='word_1_25' title='bbox 648 423 735 455; x_wconf 87' lang='lat' dir='ltr'>Hine</span> <span class='ocrx_word' id='word_1_26' title='bbox 758 423 897 455; x_wconf 84' lang='lat' dir='ltr'>iubilans</span> <span class='ocrx_word' id='word_1_27' title='bbox 914 423 1137 466; x_wconf 82' lang='lat' dir='ltr'>plaudensque</span> <span class='ocrx_word' id='word_1_28' title='bbox 1162 434 1274 455; x_wconf 89' lang='lat' dir='ltr'>eroum</span> <span class='ocrx_word' id='word_1_29' title='bbox 1290 422 1481 454; x_wconf 81' lang='lat' dir='ltr'>conscendit</span> <span class='ocrx_word' id='word_1_30' title='bbox 1503 423 1537 454; x_wconf 87' lang='lat' dir='ltr'>in</span> <span class='ocrx_word' id='word_1_31' title='bbox 1552 423 1669 454; x_wconf 70' lang='lat' dir='ltr'>aulam⁴</span> 
     </span>
    </p>
   </div>
   <div class='ocr_carea' id='block_1_4' title="bbox 901 519 1034 524">
    <p class='ocr_par' dir='ltr' id='par_1_4' title="bbox 901 519 1034 524">
     <span class='ocr_line' id='line_1_7' title="bbox 901 519 1034 524; baseline 0 0"><span class='ocrx_word' id='word_1_32' title='bbox 901 519 1034 524; x_wconf 95' lang='lat' dir='ltr'> </span> 
     </span>
    </p>
   </div>
   <div class='ocr_carea' id='block_1_5' title="bbox 1077 520 1218 523">
    <p class='ocr_par' dir='ltr' id='par_1_5' title="bbox 1077 520 1218 523">
     <span class='ocr_line' id='line_1_8' title="bbox 1077 520 1218 523; baseline 0 0"><span class='ocrx_word' id='word_1_33' title='bbox 1077 520 1218 523; x_wconf 95' lang='lat' dir='ltr'> </span> 
     </span>
    </p>
   </div>
   <div class='ocr_carea' id='block_1_6' title="bbox 456 603 1753 697">
    <p class='ocr_par' dir='ltr' id='par_1_6' title="bbox 456 603 1753 697">
     <span class='ocr_line' id='line_1_9' title="bbox 1056 603 1151 637; baseline 0.011 -1"><span class='ocrx_word' id='word_1_34' title='bbox 1056 603 1151 637; x_wconf 91' lang='lat' dir='ltr'><strong>VIII.</strong></span> 
     </span>
     <span class='ocr_line' id='line_1_10' title="bbox 456 663 1753 697; baseline 0.002 -2"><span class='ocrx_word' id='word_1_35' title='bbox 456 663 567 695; x_wconf 83' lang='lat' dir='ltr'><strong>ITEM</strong></span> <span class='ocrx_word' id='word_1_36' title='bbox 593 664 738 696; x_wconf 85' lang='lat' dir='ltr'>SUPER</span> <span class='ocrx_word' id='word_1_37' title='bbox 760 664 984 696; x_wconf 86' lang='lat' dir='ltr'>TUMULUM</span> <span class='ocrx_word' id='word_1_38' title='bbox 1009 664 1171 697; x_wconf 85' lang='lat' dir='ltr'><strong>SANOTI</strong></span> <span class='ocrx_word' id='word_1_39' title='bbox 1193 663 1415 696; x_wconf 82' lang='lat' dir='ltr'><strong>IOHANNIS</strong></span> <span class='ocrx_word' id='word_1_40' title='bbox 1441 664 1753 697; x_wconf 86' lang='lat' dir='ltr'>OONFESSORIS.</span> 
     </span>
    </p>
   </div>
   <div class='ocr_carea' id='block_1_7' title="bbox 644 724 1570 819">
    <p class='ocr_par' dir='ltr' id='par_1_7' title="bbox 644 724 1570 819">
     <span class='ocr_line' id='line_1_11' title="bbox 645 724 1397 757; baseline -0.001 0"><span class='ocrx_word' id='word_1_41' title='bbox 645 724 802 757; x_wconf 80' lang='lat' dir='ltr'>Carceres</span> <span class='ocrx_word' id='word_1_42' title='bbox 825 727 858 756; x_wconf 90' lang='lat' dir='ltr'>et</span> <span class='ocrx_word' id='word_1_43' title='bbox 881 725 950 757; x_wconf 86' lang='lat' dir='ltr'>dira</span> <span class='ocrx_word' id='word_1_44' title='bbox 973 725 1136 757; x_wconf 84' lang='lat' dir='ltr'>Iohannes</span> <span class='ocrx_word' id='word_1_45' title='bbox 1161 725 1269 757; x_wconf 82' lang='lat' dir='ltr'>ferrea</span> <span class='ocrx_word' id='word_1_46' title='bbox 1292 725 1397 756; x_wconf 84' lang='lat' dir='ltr'>vinela</span> 
     </span>
     <span class='ocr_line' id='line_1_12' title="bbox 644 777 1570 819; baseline 0.001 -10"><span class='ocrx_word' id='word_1_47' title='bbox 644 777 744 810; x_wconf 84' lang='lat' dir='ltr'>Oristi</span> <span class='ocrx_word' id='word_1_48' title='bbox 767 789 878 810; x_wconf 86' lang='lat' dir='ltr'>amore</span> <span class='ocrx_word' id='word_1_49' title='bbox 902 778 976 810; x_wconf 87' lang='lat' dir='ltr'>tulit</span> <span class='ocrx_word' id='word_1_50' title='bbox 1000 789 1006 808; x_wconf 76' lang='grc' dir='ltr'>ε</span> <span class='ocrx_word' id='word_1_51' title='bbox 1030 778 1091 810; x_wconf 84' lang='lat' dir='ltr'>hae</span> <span class='ocrx_word' id='word_1_52' title='bbox 1114 778 1244 810; x_wconf 87' lang='lat' dir='ltr'>functus</span> <span class='ocrx_word' id='word_1_53' title='bbox 1268 778 1301 809; x_wconf 93' lang='lat' dir='ltr'>in</span> <span class='ocrx_word' id='word_1_54' title='bbox 1324 777 1400 809; x_wconf 66' lang='lat' dir='ltr'>aula</span> <span class='ocrx_word' id='word_1_55' title='bbox 1422 777 1570 819; x_wconf 76' lang='lat' dir='ltr'>quiescit.</span> 
     </span>
    </p>
   </div>
   <div class='ocr_carea' id='block_1_8' title="bbox 1045 957 1157 991">
    <p class='ocr_par' dir='ltr' id='par_1_8' title="bbox 1045 957 1157 991">
     <span class='ocr_line' id='line_1_13' title="bbox 1045 957 1157 991; baseline 0.009 -1"><span class='ocrx_word' id='word_1_56' title='bbox 1045 957 1157 991; x_wconf 91' lang='lat' dir='ltr'><strong>VIIII.</strong></span> 
     </span>
    </p>
   </div>
   <div class='ocr_carea' id='block_1_9' title="bbox 314 1018 1889 1103">
    <p class='ocr_par' dir='ltr' id='par_1_9' title="bbox 314 1018 1889 1103">
     <span class='ocr_line' id='line_1_14' title="bbox 314 1018 1889 1052; baseline 0.001 -2"><span class='ocrx_word' id='word_1_57' title='bbox 314 1018 425 1050; x_wconf 86' lang='lat' dir='ltr'><strong>ITEM</strong></span> <span class='ocrx_word' id='word_1_58' title='bbox 450 1018 734 1051; x_wconf 90' lang='lat' dir='ltr'>EPITAPHIUM</span> <span class='ocrx_word' id='word_1_59' title='bbox 758 1019 788 1051; x_wconf 90' lang='lat' dir='ltr'>A</span> <span class='ocrx_word' id='word_1_60' title='bbox 813 1018 1021 1051; x_wconf 85' lang='lat' dir='ltr'>SAMSONE</span> <span class='ocrx_word' id='word_1_61' title='bbox 1045 1018 1228 1050; x_wconf 85' lang='lat' dir='ltr'>ABBATE</span> <span class='ocrx_word' id='word_1_62' title='bbox 1252 1018 1428 1051; x_wconf 88' lang='lat' dir='ltr'>EDITUM</span> <span class='ocrx_word' id='word_1_63' title='bbox 1452 1019 1598 1051; x_wconf 84' lang='lat' dir='ltr'>SUPER</span> <span class='ocrx_word' id='word_1_64' title='bbox 1622 1019 1889 1052; x_wconf 83' lang='lat' dir='ltr'>SEPULCRUM</span> 
     </span>
     <span class='ocr_line' id='line_1_15' title="bbox 869 1070 1335 1103; baseline 0 -1"><span class='ocrx_word' id='word_1_65' title='bbox 869 1070 1108 1103; x_wconf 83' lang='lat' dir='ltr'><strong>OFFILONIS</strong></span> <span class='ocrx_word' id='word_1_66' title='bbox 1131 1070 1335 1103; x_wconf 83' lang='lat' dir='ltr'>ABBATIS.</span> 
     </span>
    </p>
   </div>
   <div class='ocr_carea' id='block_1_10' title="bbox 575 1131 1480 1434">
    <p class='ocr_par' dir='ltr' id='par_1_10' title="bbox 639 1131 1480 1330">
     <span class='ocr_line' id='line_1_16' title="bbox 642 1131 1432 1173; baseline 0 -10"><span class='ocrx_word' id='word_1_67' title='bbox 642 1131 739 1164; x_wconf 84' lang='lat' dir='ltr'>offilo</span> <span class='ocrx_word' id='word_1_68' title='bbox 763 1131 816 1164; x_wconf 87' lang='lat' dir='ltr'>hie</span> <span class='ocrx_word' id='word_1_69' title='bbox 839 1131 930 1164; x_wconf 87' lang='lat' dir='ltr'>tenui</span> <span class='ocrx_word' id='word_1_70' title='bbox 953 1141 1068 1163; x_wconf 89' lang='lat' dir='ltr'>versus</span> <span class='ocrx_word' id='word_1_71' title='bbox 1091 1131 1125 1162; x_wconf 90' lang='lat' dir='ltr'>in</span> <span class='ocrx_word' id='word_1_72' title='bbox 1147 1131 1281 1173; x_wconf 87' lang='lat' dir='ltr'>pulvere</span> <span class='ocrx_word' id='word_1_73' title='bbox 1304 1131 1432 1171; x_wconf 83' lang='lat' dir='ltr'>dormit,</span> 
     </span>
     <span class='ocr_line' id='line_1_17' title="bbox 641 1183 1480 1226; baseline 0 -11"><span class='ocrx_word' id='word_1_74' title='bbox 641 1183 824 1216; x_wconf 86' lang='lat' dir='ltr'>Fallentem</span> <span class='ocrx_word' id='word_1_75' title='bbox 847 1183 1004 1216; x_wconf 90' lang='lat' dir='ltr'>mundum</span> <span class='ocrx_word' id='word_1_76' title='bbox 1028 1183 1106 1215; x_wconf 91' lang='lat' dir='ltr'>olim</span> <span class='ocrx_word' id='word_1_77' title='bbox 1129 1184 1183 1226; x_wconf 93' lang='lat' dir='ltr'>qui</span> <span class='ocrx_word' id='word_1_78' title='bbox 1206 1187 1316 1216; x_wconf 89' lang='lat' dir='ltr'>mente</span> <span class='ocrx_word' id='word_1_79' title='bbox 1340 1184 1480 1226; x_wconf 82' lang='lat' dir='ltr'><strong>subegit,</strong></span> 
     </span>
     <span class='ocr_line' id='line_1_18' title="bbox 639 1235 1424 1280; baseline 0 -12"><span class='ocrx_word' id='word_1_80' title='bbox 639 1235 834 1278; x_wconf 83' lang='lat' dir='ltr'>Fraglantes</span> <span class='ocrx_word' id='word_1_81' title='bbox 857 1235 959 1280; x_wconf 80' lang='lat' dir='ltr'>dapes</span> <span class='ocrx_word' id='word_1_82' title='bbox 982 1236 1116 1278; x_wconf 81' lang='lat' dir='ltr'>tempsit</span> <span class='ocrx_word' id='word_1_83' title='bbox 1139 1238 1172 1268; x_wconf 89' lang='lat' dir='ltr'>et</span> <span class='ocrx_word' id='word_1_84' title='bbox 1194 1236 1312 1278; x_wconf 84' lang='lat' dir='ltr'>poeula</span> <span class='ocrx_word' id='word_1_85' title='bbox 1334 1236 1424 1268; x_wconf 86' lang='lat' dir='ltr'>fulva</span> 
     </span>
     <span class='ocr_line' id='line_1_19' title="bbox 639 1287 1406 1330; baseline -0.001 -10"><span class='ocrx_word' id='word_1_86' title='bbox 639 1287 805 1320; x_wconf 79' lang='lat' dir='ltr'>Infestum</span> <span class='ocrx_word' id='word_1_87' title='bbox 827 1289 919 1330; x_wconf 86' lang='lat' dir='ltr'>virgo</span> <span class='ocrx_word' id='word_1_88' title='bbox 942 1288 1081 1320; x_wconf 85' lang='lat' dir='ltr'>mallens</span> <span class='ocrx_word' id='word_1_89' title='bbox 1105 1288 1209 1320; x_wconf 79' lang='lat' dir='ltr'>vitare</span> <span class='ocrx_word' id='word_1_90' title='bbox 1233 1288 1406 1320; x_wconf 79' lang='lat' dir='ltr'>celidrum:</span> 
     </span>
    </p>

    <p class='ocr_par' dir='ltr' id='par_1_11' title="bbox 575 1339 1425 1434">
     <span class='ocr_line' id='line_1_20' title="bbox 575 1339 1425 1382; baseline 0 -10"><span class='ocrx_word' id='word_1_91' title='bbox 575 1348 585 1365; x_wconf 88' lang='lat'><strong>⁵</strong></span> <span class='ocrx_word' id='word_1_92' title='bbox 638 1339 806 1372; x_wconf 72' lang='lat' dir='ltr'>Laudatur</span> <span class='ocrx_word' id='word_1_93' title='bbox 828 1340 903 1372; x_wconf 83' lang='lat' dir='ltr'>talis</span> <span class='ocrx_word' id='word_1_94' title='bbox 927 1340 1103 1372; x_wconf 85' lang='lat' dir='ltr'>multorum</span> <span class='ocrx_word' id='word_1_95' title='bbox 1125 1340 1236 1382; x_wconf 85' lang='lat' dir='ltr'>lingua</span> <span class='ocrx_word' id='word_1_96' title='bbox 1259 1339 1425 1381; x_wconf 77' lang='lat' dir='ltr'>sacerdos,</span> 
     </span>
     <span class='ocr_line' id='line_1_21' title="bbox 639 1391 1244 1434; baseline -0.002 -10"><span class='ocrx_word' id='word_1_97' title='bbox 639 1391 778 1425; x_wconf 83' lang='lat' dir='ltr'>Obtetur</span> <span class='ocrx_word' id='word_1_98' title='bbox 800 1392 847 1424; x_wconf 90' lang='lat' dir='ltr'>illi</span> <span class='ocrx_word' id='word_1_99' title='bbox 870 1395 904 1424; x_wconf 92' lang='lat' dir='ltr'>et</span> <span class='ocrx_word' id='word_1_100' title='bbox 927 1392 1010 1424; x_wconf 82' lang='lat' dir='ltr'>caeli</span> <span class='ocrx_word' id='word_1_101' title='bbox 1033 1392 1141 1434; x_wconf 91' lang='lat' dir='ltr'>portio</span> <span class='ocrx_word' id='word_1_102' title='bbox 1165 1391 1244 1424; x_wconf 82' lang='lat' dir='ltr'>dari.</span> 
     </span>
    </p>
   </div>
   <div class='ocr_carea' id='block_1_11' title="bbox 895 1479 1099 1485">
    <p class='ocr_par' dir='ltr' id='par_1_12' title="bbox 895 1479 1099 1485">
     <span class='ocr_line' id='line_1_22' title="bbox 895 1479 1099 1485; baseline 0 0"><span class='ocrx_word' id='word_1_103' title='bbox 895 1479 1099 1485; x_wconf 95' lang='lat' dir='ltr'> </span> 
     </span>
    </p>
   </div>
   <div class='ocr_carea' id='block_1_12' title="bbox 1101 1480 1192 1484">
    <p class='ocr_par' dir='ltr' id='par_1_13' title="bbox 1101 1480 1192 1484">
     <span class='ocr_line' id='line_1_23' title="bbox 1101 1480 1192 1484; baseline 0 0"><span class='ocrx_word' id='word_1_104' title='bbox 1101 1480 1192 1484; x_wconf 95' lang='lat' dir='ltr'> </span> 
     </span>
    </p>
   </div>
   <div class='ocr_carea' id='block_1_13' title="bbox 1193 1481 1282 1484">
    <p class='ocr_par' dir='ltr' id='par_1_14' title="bbox 1193 1481 1282 1484">
     <span class='ocr_line' id='line_1_24' title="bbox 1193 1481 1282 1484; baseline 0 0"><span class='ocrx_word' id='word_1_105' title='bbox 1193 1481 1282 1484; x_wconf 95' lang='lat' dir='ltr'> </span> 
     </span>
    </p>
   </div>
   <div class='ocr_carea' id='block_1_14' title="bbox 537 1564 1664 1670">
    <p class='ocr_par' dir='ltr' id='par_1_15' title="bbox 537 1564 1664 1670">
     <span class='ocr_line' id='line_1_25' title="bbox 1075 1564 1118 1596; baseline 0 0"><span class='ocrx_word' id='word_1_106' title='bbox 1075 1564 1118 1596; x_wconf 90' lang='lat' dir='ltr'>X.</span> 
     </span>
     <span class='ocr_line' id='line_1_26' title="bbox 537 1625 1664 1670; baseline 0.001 -13"><span class='ocrx_word' id='word_1_107' title='bbox 537 1625 741 1670; x_wconf 82' lang='lat' dir='ltr'>EIUSDEM</span> <span class='ocrx_word' id='word_1_108' title='bbox 766 1625 911 1658; x_wconf 80' lang='lat' dir='ltr'>SUPER</span> <span class='ocrx_word' id='word_1_109' title='bbox 933 1625 1158 1658; x_wconf 82' lang='lat' dir='ltr'>TUMULUM</span> <span class='ocrx_word' id='word_1_110' title='bbox 1181 1625 1467 1658; x_wconf 84' lang='lat' dir='ltr'><strong>ATANAGILDI</strong></span> <span class='ocrx_word' id='word_1_111' title='bbox 1490 1626 1664 1659; x_wconf 85' lang='lat' dir='ltr'><strong>ABATIS.</strong></span> 
     </span>
    </p>
   </div>
   <div class='ocr_carea' id='block_1_15' title="bbox 633 1685 1616 1926">
    <p class='ocr_par' dir='ltr' id='par_1_16' title="bbox 639 1685 1415 1728">
     <span class='ocr_line' id='line_1_27' title="bbox 639 1685 1415 1728; baseline 0 -10"><span class='ocrx_word' id='word_1_112' title='bbox 639 1685 766 1719; x_wconf 77' lang='lat' dir='ltr'>occulit</span> <span class='ocrx_word' id='word_1_113' title='bbox 789 1685 918 1718; x_wconf 83' lang='lat' dir='ltr'>abbatis</span> <span class='ocrx_word' id='word_1_114' title='bbox 942 1686 1052 1728; x_wconf 85' lang='lat' dir='ltr'>magni</span> <span class='ocrx_word' id='word_1_115' title='bbox 1075 1686 1157 1718; x_wconf 81' lang='lat' dir='ltr'>haee</span> <span class='ocrx_word' id='word_1_116' title='bbox 1180 1697 1263 1718; x_wconf 87' lang='lat' dir='ltr'>urna</span> <span class='ocrx_word' id='word_1_117' title='bbox 1285 1686 1415 1726; x_wconf 78' lang='lat' dir='ltr'>fabilas,</span> 
     </span>
    </p>

    <p class='ocr_par' dir='ltr' id='par_1_17' title="bbox 640 1737 1616 1781">
     <span class='ocr_line' id='line_1_28' title="bbox 640 1737 1616 1781; baseline 0.001 -11"><span class='ocrx_word' id='word_1_118' title='bbox 640 1737 746 1774; x_wconf 86' lang='lat' dir='ltr'>Quem</span> <span class='ocrx_word' id='word_1_119' title='bbox 769 1737 943 1770; x_wconf 79' lang='lat' dir='ltr'>Athana-</span> <span class='ocrx_word' id='word_1_120' title='bbox 967 1739 1075 1780; x_wconf 79' lang='lat' dir='ltr'>prisca</span> <span class='ocrx_word' id='word_1_121' title='bbox 1097 1738 1286 1770; x_wconf 80' lang='lat' dir='ltr'>vocitabant</span> <span class='ocrx_word' id='word_1_122' title='bbox 1307 1739 1418 1771; x_wconf 83' lang='lat' dir='ltr'>secula</span> <span class='ocrx_word' id='word_1_123' title='bbox 1440 1738 1616 1781; x_wconf 85' lang='lat' dir='ltr'>—gildum.</span> 
     </span>
    </p>

    <p class='ocr_par' dir='ltr' id='par_1_18' title="bbox 633 1790 1532 1833">
     <span class='ocr_line' id='line_1_29' title="bbox 633 1790 1532 1833; baseline 0.001 -11"><span class='ocrx_word' id='word_1_124' title='bbox 633 1790 742 1830; x_wconf 80' lang='lat' dir='ltr'>Hunc⁷</span> <span class='ocrx_word' id='word_1_125' title='bbox 764 1790 878 1830; x_wconf 80' lang='lat' dir='ltr'>lector,</span> <span class='ocrx_word' id='word_1_126' title='bbox 902 1790 1020 1833; x_wconf 80' lang='lat' dir='ltr'>rogito,</span> <span class='ocrx_word' id='word_1_127' title='bbox 1044 1790 1173 1822; x_wconf 88' lang='lat' dir='ltr'>domino</span> <span class='ocrx_word' id='word_1_128' title='bbox 1198 1790 1357 1822; x_wconf 81' lang='lat' dir='ltr'>comenda</span> <span class='ocrx_word' id='word_1_129' title='bbox 1378 1791 1532 1833; x_wconf 81' lang='lat' dir='ltr'>rogando,</span> 
     </span>
    </p>

    <p class='ocr_par' dir='ltr' id='par_1_19' title="bbox 635 1842 1457 1926">
     <span class='ocr_line' id='line_1_30' title="bbox 635 1842 1457 1884; baseline 0 -10"><span class='ocrx_word' id='word_1_130' title='bbox 635 1842 776 1874; x_wconf 85' lang='lat' dir='ltr'>Ablatus</span> <span class='ocrx_word' id='word_1_131' title='bbox 800 1845 850 1874; x_wconf 85' lang='lat' dir='ltr'>est</span> <span class='ocrx_word' id='word_1_132' title='bbox 874 1842 994 1883; x_wconf 86' lang='lat' dir='ltr'>subito,</span> <span class='ocrx_word' id='word_1_133' title='bbox 1019 1842 1138 1884; x_wconf 82' lang='lat' dir='ltr'>scripta</span> <span class='ocrx_word' id='word_1_134' title='bbox 1160 1842 1194 1874; x_wconf 92' lang='lat' dir='ltr'>in</span> <span class='ocrx_word' id='word_1_135' title='bbox 1216 1853 1377 1875; x_wconf 84' lang='lat' dir='ltr'>marmore</span> <span class='ocrx_word' id='word_1_136' title='bbox 1401 1853 1457 1874; x_wconf 88' lang='lat' dir='ltr'>era</span> 
     </span>
     <span class='ocr_line' id='line_1_31' title="bbox 1005 1904 1185 1926; baseline 0 0"><span class='ocrx_word' id='word_1_137' title='bbox 1005 1904 1185 1926; x_wconf 77' lang='lat' dir='ltr'>nccccxwu.</span> 
     </span>
    </p>
   </div>
   <div class='ocr_carea' id='block_1_16' title="bbox 374 2015 1917 2093">
    <p class='ocr_par' dir='ltr' id='par_1_20' title="bbox 374 2015 1917 2093">
     <span class='ocr_line' id='line_1_32' title="bbox 374 2015 1782 2049; baseline 0.001 -9"><span class='ocrx_word' id='word_1_138' title='bbox 374 2015 462 2048; x_wconf 87' lang='lat' dir='ltr'>[V111.]</span> <span class='ocrx_word' id='word_1_139' title='bbox 476 2019 583 2048; x_wconf 74' lang='lat' dir='ltr'>praeter</span> <span class='ocrx_word' id='word_1_140' title='bbox 601 2015 752 2042; x_wconf 75' lang='lat' dir='ltr'>Florezium</span> <span class='ocrx_word' id='word_1_141' title='bbox 770 2016 836 2042; x_wconf 78' lang='lat' dir='ltr'>inter</span> <span class='ocrx_word' id='word_1_142' title='bbox 853 2016 919 2042; x_wconf 75' lang='lat' dir='ltr'>alios</span> <span class='ocrx_word' id='word_1_143' title='bbox 938 2015 1062 2042; x_wconf 76' lang='lat' dir='ltr'>Htaebner</span> <span class='ocrx_word' id='word_1_144' title='bbox 1079 2025 1176 2049; x_wconf 76' lang='lat' dir='ltr'>quoque</span> <span class='ocrx_word' id='word_1_145' title='bbox 1194 2017 1233 2042; x_wconf 85' lang='lat' dir='ltr'>ed.</span> <span class='ocrx_word' id='word_1_146' title='bbox 1250 2016 1342 2042; x_wconf 80' lang='lat' dir='ltr'><strong>IHOh.</strong></span> <span class='ocrx_word' id='word_1_147' title='bbox 1355 2026 1381 2042; x_wconf 81' lang='lat' dir='ltr'>n.</span> <span class='ocrx_word' id='word_1_148' title='bbox 1396 2015 1446 2042; x_wconf 81' lang='lat'>217</span> <span class='ocrx_word' id='word_1_149' title='bbox 1533 2016 1550 2042; x_wconf 83' lang='lat'><strong>2</strong></span> <span class='ocrx_word' id='word_1_150' title='bbox 1567 2016 1624 2049; x_wconf 83' lang='lat' dir='ltr'>hue]</span> <span class='ocrx_word' id='word_1_151' title='bbox 1643 2017 1659 2041; x_wconf 95' lang='lat' dir='ltr'>h</span> <span class='ocrx_word' id='word_1_152' title='bbox 1673 2025 1739 2042; x_wconf 69' lang='lat' dir='ltr'>eras.</span> <span class='ocrx_word' id='word_1_153' title='bbox 1757 2017 1782 2041; x_wconf 88' lang='lat' dir='ltr'><em>T</em></span> 
     </span>
     <span class='ocr_line' id='line_1_33' title="bbox 374 2058 1917 2093; baseline 0.001 -9"><span class='ocrx_word' id='word_1_154' title='bbox 374 2058 476 2092; x_wconf 63' lang='lat' dir='ltr'>[vnn]</span> <span class='ocrx_word' id='word_1_155' title='bbox 494 2058 670 2085; x_wconf 65' lang='lat' dir='ltr'>*acrostichon</span> <span class='ocrx_word' id='word_1_156' title='bbox 686 2068 739 2085; x_wconf 76' lang='lat' dir='ltr'>‘non</span> <span class='ocrx_word' id='word_1_157' title='bbox 751 2059 883 2092; x_wconf 70' lang='lat' dir='ltr'>perspexit</span> <span class='ocrx_word' id='word_1_158' title='bbox 904 2058 950 2085; x_wconf 78' lang='lat' dir='ltr'>Fl.</span> <span class='ocrx_word' id='word_1_159' title='bbox 1029 2059 1045 2085; x_wconf 87' lang='grc'><strong>3</strong></span> <span class='ocrx_word' id='word_1_160' title='bbox 1063 2060 1172 2093; x_wconf 77' lang='lat' dir='ltr'>dempsit</span> <span class='ocrx_word' id='word_1_161' title='bbox 1188 2059 1285 2085; x_wconf 81' lang='lat' dir='ltr'>Tcorr.</span> <span class='ocrx_word' id='word_1_162' title='bbox 1297 2059 1341 2086; x_wconf 69' lang='grc' dir='ltr'>ΓΖ.</span> <span class='ocrx_word' id='word_1_163' title='bbox 1420 2059 1437 2086; x_wconf 86' lang='grc'>4</span> <span class='ocrx_word' id='word_1_164' title='bbox 1454 2060 1491 2085; x_wconf 81' lang='lat' dir='ltr'>ad</span> <span class='ocrx_word' id='word_1_165' title='bbox 1507 2060 1631 2086; x_wconf 81' lang='lat' dir='ltr'>celidrum</span> <span class='ocrx_word' id='word_1_166' title='bbox 1649 2060 1676 2085; x_wconf 77' lang='grc' dir='ltr'>ἰπ</span> <span class='ocrx_word' id='word_1_167' title='bbox 1693 2069 1775 2093; x_wconf 72' lang='lat' dir='ltr'>mary.</span> <span class='ocrx_word' id='word_1_168' title='bbox 1784 2061 1917 2086; x_wconf 75' lang='lat' dir='ltr'>cuiusdam</span> 
     </span>
    </p>
   </div>
   <div class='ocr_carea' id='block_1_17' title="bbox 269 2102 1753 2180">
    <p class='ocr_par' dir='ltr' id='par_1_21' title="bbox 269 2102 1753 2180">
     <span class='ocr_line' id='line_1_34' title="bbox 269 2102 555 2136; baseline -0.003 -8"><span class='ocrx_word' id='word_1_169' title='bbox 269 2103 371 2136; x_wconf 83' lang='lat' dir='ltr'>generis</span> <span class='ocrx_word' id='word_1_170' title='bbox 389 2103 514 2136; x_wconf 85' lang='lat' dir='ltr'>serpentis</span> <span class='ocrx_word' id='word_1_171' title='bbox 531 2102 555 2127; x_wconf 84' lang='lat' dir='ltr'><em>T</em></span> 
     </span>
     <span class='ocr_line' id='line_1_35' title="bbox 373 2145 1753 2180; baseline 0.001 -9"><span class='ocrx_word' id='word_1_172' title='bbox 373 2145 424 2179; x_wconf 67' lang='grc' dir='ltr'>[Χ]</span> <span class='ocrx_word' id='word_1_173' title='bbox 444 2145 458 2171; x_wconf 95' lang='grc'>1</span> <span class='ocrx_word' id='word_1_174' title='bbox 478 2146 515 2171; x_wconf 83' lang='lat' dir='ltr'>ad</span> <span class='ocrx_word' id='word_1_175' title='bbox 531 2155 597 2172; x_wconf 79' lang='lat' dir='ltr'>uma</span> <span class='ocrx_word' id='word_1_176' title='bbox 615 2146 642 2171; x_wconf 77' lang='lat' dir='ltr'>iu</span> <span class='ocrx_word' id='word_1_177' title='bbox 659 2155 741 2179; x_wconf 71' lang='lat' dir='ltr'>nmrq.</span> <span class='ocrx_word' id='word_1_178' title='bbox 760 2146 892 2179; x_wconf 77' lang='lat' dir='ltr'>sepultura</span> <span class='ocrx_word' id='word_1_179' title='bbox 910 2146 935 2171; x_wconf 88' lang='lat' dir='ltr'><em>T</em></span> <span class='ocrx_word' id='word_1_180' title='bbox 1016 2146 1033 2172; x_wconf 85' lang='lat'>5</span> <span class='ocrx_word' id='word_1_181' title='bbox 1067 2147 1239 2172; x_wconf 63' lang='lat' dir='ltr'>dax-,valu</span> <span class='ocrx_word' id='word_1_182' title='bbox 1255 2147 1281 2171; x_wconf 85' lang='grc' dir='ltr'><strong><em>Τ</em></strong></span> <span class='ocrx_word' id='word_1_183' title='bbox 1293 2156 1361 2173; x_wconf 71' lang='lat' dir='ltr'>corr.</span> <span class='ocrx_word' id='word_1_184' title='bbox 1379 2147 1467 2173; x_wconf 86' lang='lat' dir='ltr'>Bravo</span> <span class='ocrx_word' id='word_1_185' title='bbox 1487 2148 1536 2179; x_wconf 77' lang='lat' dir='ltr'>cfr.</span> <span class='ocrx_word' id='word_1_186' title='bbox 1553 2148 1641 2180; x_wconf 74' lang='lat' dir='ltr'>praef.</span> <span class='ocrx_word' id='word_1_187' title='bbox 1657 2156 1683 2180; x_wconf 79' lang='lat' dir='ltr'>p.</span> <span class='ocrx_word' id='word_1_188' title='bbox 1704 2145 1753 2172; x_wconf 74' lang='lat'>143</span> 
     </span>
    </p>
   </div>
   <div class='ocr_carea' id='block_1_18' title="bbox 269 2230 1916 2773">
    <p class='ocr_par' dir='ltr' id='par_1_22' title="bbox 269 2230 1916 2773">
     <span class='ocr_line' id='line_1_36' title="bbox 373 2230 1916 2266; baseline 0.001 -9"><span class='ocrx_word' id='word_1_189' title='bbox 373 2230 469 2266; x_wconf 88' lang='lat' dir='ltr'><strong>[VIII.]</strong></span> <span class='ocrx_word' id='word_1_190' title='bbox 487 2231 530 2258; x_wconf 87' lang='lat' dir='ltr'>De</span> <span class='ocrx_word' id='word_1_191' title='bbox 548 2231 668 2258; x_wconf 76' lang='lat' dir='ltr'>Iohanne</span> <span class='ocrx_word' id='word_1_192' title='bbox 685 2234 801 2266; x_wconf 80' lang='lat' dir='ltr'>martyre</span> <span class='ocrx_word' id='word_1_193' title='bbox 821 2231 982 2259; x_wconf 69' lang='lat' dir='ltr'>(hrdubemi</span> <span class='ocrx_word' id='word_1_194' title='bbox 998 2231 1045 2265; x_wconf 78' lang='lat' dir='ltr'><strong><em>cfr.</em></strong></span> <span class='ocrx_word' id='word_1_195' title='bbox 1065 2232 1191 2259; x_wconf 72' lang='lat' dir='ltr'>Morales.</span> <span class='ocrx_word' id='word_1_196' title='bbox 1209 2240 1295 2259; x_wconf 73' lang='lat' dir='ltr'>coron.</span> <span class='ocrx_word' id='word_1_197' title='bbox 1310 2232 1389 2259; x_wconf 89' lang='lat' dir='ltr'>XIV</span> <span class='ocrx_word' id='word_1_198' title='bbox 1402 2240 1423 2259; x_wconf 86' lang='lat' dir='ltr'>c.</span> <span class='ocrx_word' id='word_1_199' title='bbox 1442 2232 1485 2259; x_wconf 90' lang='lat' dir='ltr'>VI</span> <span class='ocrx_word' id='word_1_200' title='bbox 1495 2241 1524 2266; x_wconf 78' lang='lat' dir='ltr'>p.</span> <span class='ocrx_word' id='word_1_201' title='bbox 1540 2232 1592 2259; x_wconf 80' lang='lat'>280</span> <span class='ocrx_word' id='word_1_202' title='bbox 1609 2240 1662 2266; x_wconf 78' lang='lat' dir='ltr'>sqq.</span> <span class='ocrx_word' id='word_1_203' title='bbox 1680 2232 1731 2265; x_wconf 74' lang='lat' dir='ltr'>(ed.</span> <span class='ocrx_word' id='word_1_204' title='bbox 1751 2232 1835 2258; x_wconf 81' lang='lat' dir='ltr'>Matr.</span> <span class='ocrx_word' id='word_1_205' title='bbox 1854 2235 1916 2258; x_wconf 86' lang='lat'><strong><em>1⁷91</em></strong></span> 
     </span>
     <span class='ocr_line' id='line_1_37' title="bbox 269 2282 1072 2318; baseline 0.001 -9"><span class='ocrx_word' id='word_1_206' title='bbox 269 2285 328 2309; x_wconf 77' lang='lat' dir='ltr'>tom.</span> <span class='ocrx_word' id='word_1_207' title='bbox 347 2283 409 2316; x_wconf 85' lang='lat' dir='ltr'>VII,</span> <span class='ocrx_word' id='word_1_208' title='bbox 428 2283 490 2317; x_wconf 82' lang='lat'>281)</span> <span class='ocrx_word' id='word_1_209' title='bbox 508 2285 532 2309; x_wconf 83' lang='lat' dir='ltr'>et</span> <span class='ocrx_word' id='word_1_210' title='bbox 552 2282 655 2310; x_wconf 71' lang='lat' dir='ltr'>threz.</span> <span class='ocrx_word' id='word_1_211' title='bbox 674 2283 743 2318; x_wconf 73' lang='lat' dir='ltr'>Esp.</span> <span class='ocrx_word' id='word_1_212' title='bbox 762 2291 831 2318; x_wconf 68' lang='lat' dir='ltr'>sayr.</span> <span class='ocrx_word' id='word_1_213' title='bbox 847 2283 884 2318; x_wconf 87' lang='lat' dir='ltr'>X,</span> <span class='ocrx_word' id='word_1_214' title='bbox 903 2283 954 2310; x_wconf 79' lang='lat'>362</span> <span class='ocrx_word' id='word_1_215' title='bbox 972 2291 1023 2318; x_wconf 70' lang='lat' dir='ltr'>sqq.</span> <span class='ocrx_word' id='word_1_216' title='bbox 1070 2284 1072 2286; x_wconf 77' lang='grc'>’</span> 
     </span>
     <span class='ocr_line' id='line_1_38' title="bbox 373 2334 1860 2370; baseline 0 -9"><span class='ocrx_word' id='word_1_217' title='bbox 373 2334 427 2369; x_wconf 86' lang='grc' dir='ltr'><strong>[Χ.]</strong></span> <span class='ocrx_word' id='word_1_218' title='bbox 449 2334 577 2362; x_wconf 73' lang='lat' dir='ltr'>Constant</span> <span class='ocrx_word' id='word_1_219' title='bbox 594 2335 657 2362; x_wconf 76' lang='lat' dir='ltr'>haec</span> <span class='ocrx_word' id='word_1_220' title='bbox 675 2335 810 2369; x_wconf 71' lang='lat' dir='ltr'>epitaphia</span> <span class='ocrx_word' id='word_1_221' title='bbox 827 2343 859 2362; x_wconf 75' lang='lat' dir='ltr'>ex</span> <span class='ocrx_word' id='word_1_222' title='bbox 874 2335 996 2368; x_wconf 77' lang='lat' dir='ltr'>formulis</span> <span class='ocrx_word' id='word_1_223' title='bbox 1013 2338 1078 2363; x_wconf 80' lang='lat' dir='ltr'>tum:</span> <span class='ocrx_word' id='word_1_224' title='bbox 1097 2336 1217 2370; x_wconf 62' lang='lat' dir='ltr'>termis</span> <span class='ocrx_word' id='word_1_225' title='bbox 1235 2337 1266 2363; x_wconf 75' lang='lat' dir='ltr'>im</span> <span class='ocrx_word' id='word_1_226' title='bbox 1283 2336 1422 2370; x_wconf 76' lang='lat' dir='ltr'>Hispania</span> <span class='ocrx_word' id='word_1_227' title='bbox 1439 2336 1554 2370; x_wconf 80' lang='lat' dir='ltr'>usitatis,</span> <span class='ocrx_word' id='word_1_228' title='bbox 1571 2336 1616 2369; x_wconf 79' lang='lat' dir='ltr'><strong><em>cfr.</em></strong></span> <span class='ocrx_word' id='word_1_229' title='bbox 1635 2335 1732 2363; x_wconf 78' lang='lat' dir='ltr'>fflch.</span> <span class='ocrx_word' id='word_1_230' title='bbox 1751 2345 1777 2363; x_wconf 83' lang='lat' dir='ltr'>n.</span> <span class='ocrx_word' id='word_1_231' title='bbox 1795 2336 1860 2362; x_wconf 72' lang='lat'><strong>223:</strong></span> 
     </span>
     <span class='ocr_line' id='line_1_39' title="bbox 525 2387 1238 2422; baseline 0.001 -8"><span class='ocrx_word' id='word_1_232' title='bbox 525 2387 600 2414; x_wconf 79' lang='lat' dir='ltr'>Clan&#39;</span> <span class='ocrx_word' id='word_1_233' title='bbox 618 2388 694 2414; x_wconf 83' lang='lat' dir='ltr'>tecta</span> <span class='ocrx_word' id='word_1_234' title='bbox 714 2387 832 2414; x_wconf 81' lang='lat' dir='ltr'>antestis</span> <span class='ocrx_word' id='word_1_235' title='bbox 850 2387 966 2414; x_wconf 76' lang='lat' dir='ltr'>Martini</span> <span class='ocrx_word' id='word_1_236' title='bbox 985 2396 1096 2422; x_wconf 90' lang='lat' dir='ltr'>quoque</span> <span class='ocrx_word' id='word_1_237' title='bbox 1114 2388 1238 2415; x_wconf 79' lang='lat' dir='ltr'>membra</span> 
     </span>
     <span class='ocr_line' id='line_1_40' title="bbox 525 2430 1572 2467; baseline 0 -10"><span class='ocrx_word' id='word_1_238' title='bbox 525 2430 578 2457; x_wconf 80' lang='lat' dir='ltr'>Hic</span> <span class='ocrx_word' id='word_1_239' title='bbox 595 2430 739 2458; x_wconf 87' lang='lat' dir='ltr'>bustorum</span> <span class='ocrx_word' id='word_1_240' title='bbox 757 2439 835 2458; x_wconf 74' lang='lat' dir='ltr'>sacra,</span> <span class='ocrx_word' id='word_1_241' title='bbox 852 2439 928 2458; x_wconf 89' lang='lat' dir='ltr'>more</span> <span class='ocrx_word' id='word_1_242' title='bbox 946 2431 1072 2458; x_wconf 81' lang='lat' dir='ltr'>continet</span> <span class='ocrx_word' id='word_1_243' title='bbox 1089 2432 1159 2466; x_wconf 71' lang='lat' dir='ltr'>(eyo5</span> <span class='ocrx_word' id='word_1_244' title='bbox 1176 2431 1348 2467; x_wconf 81' lang='lat' dir='ltr'>pontif(ieis)</span> <span class='ocrx_word' id='word_1_245' title='bbox 1369 2433 1397 2459; x_wconf 88' lang='lat' dir='ltr'>et</span> <span class='ocrx_word' id='word_1_246' title='bbox 1414 2431 1482 2465; x_wconf 76' lang='lat' dir='ltr'>edd.)</span> <span class='ocrx_word' id='word_1_247' title='bbox 1500 2431 1572 2458; x_wconf 79' lang='lat' dir='ltr'>aula.</span> 
     </span>
     <span class='ocr_line' id='line_1_41' title="bbox 526 2473 1253 2509; baseline 0.003 -9"><span class='ocrx_word' id='word_1_248' title='bbox 526 2473 579 2506; x_wconf 83' lang='lat' dir='ltr'>Qui</span> <span class='ocrx_word' id='word_1_249' title='bbox 599 2474 708 2501; x_wconf 84' lang='lat' dir='ltr'>Christo</span> <span class='ocrx_word' id='word_1_250' title='bbox 727 2474 866 2501; x_wconf 74' lang='lat' dir='ltr'>famulans</span> <span class='ocrx_word' id='word_1_251' title='bbox 883 2474 970 2508; x_wconf 81' lang='lat' dir='ltr'>petiit</span> <span class='ocrx_word' id='word_1_252' title='bbox 986 2474 1076 2509; x_wconf 84' lang='lat' dir='ltr'>vitam</span> <span class='ocrx_word' id='word_1_253' title='bbox 1093 2475 1253 2502; x_wconf 82' lang='lat' dir='ltr'>adolescens</span> 
     </span>
     <span class='ocr_line' id='line_1_42' title="bbox 525 2517 1162 2553; baseline 0.002 -10"><span class='ocrx_word' id='word_1_254' title='bbox 525 2517 710 2544; x_wconf 74' lang='lat' dir='ltr'>Monasticam</span> <span class='ocrx_word' id='word_1_255' title='bbox 729 2518 892 2552; x_wconf 85' lang='lat' dir='ltr'>pollensque</span> <span class='ocrx_word' id='word_1_256' title='bbox 910 2517 1076 2552; x_wconf 78' lang='lat' dir='ltr'>regulariter</span> <span class='ocrx_word' id='word_1_257' title='bbox 1095 2518 1162 2553; x_wconf 84' lang='lat' dir='ltr'>egit.</span> 
     </span>
     <span class='ocr_line' id='line_1_43' title="bbox 525 2560 1091 2596; baseline 0.004 -10"><span class='ocrx_word' id='word_1_258' title='bbox 525 2560 716 2595; x_wconf 77' lang='lat' dir='ltr'>Astigitanam</span> <span class='ocrx_word' id='word_1_259' title='bbox 735 2561 871 2596; x_wconf 77' lang='lat' dir='ltr'>episcopii</span> <span class='ocrx_word' id='word_1_260' title='bbox 888 2560 962 2588; x_wconf 85' lang='lat' dir='ltr'>rexit</span> <span class='ocrx_word' id='word_1_261' title='bbox 981 2561 1011 2588; x_wconf 87' lang='lat' dir='ltr'>in</span> <span class='ocrx_word' id='word_1_262' title='bbox 1029 2570 1091 2588; x_wconf 78' lang='lat' dir='ltr'>arce</span> 
     </span>
     <span class='ocr_line' id='line_1_44' title="bbox 525 2603 1221 2640; baseline 0.004 -11"><span class='ocrx_word' id='word_1_263' title='bbox 525 2603 675 2635; x_wconf 85' lang='lat' dir='ltr'>Eclesiam;</span> <span class='ocrx_word' id='word_1_264' title='bbox 693 2604 729 2631; x_wconf 83' lang='lat' dir='ltr'>ad</span> <span class='ocrx_word' id='word_1_265' title='bbox 748 2613 825 2632; x_wconf 68' lang='lat' dir='ltr'>eroes</span> <span class='ocrx_word' id='word_1_266' title='bbox 843 2605 917 2632; x_wconf 79' lang='lat' dir='ltr'>latus</span> <span class='ocrx_word' id='word_1_267' title='bbox 938 2605 1008 2640; x_wconf 77' lang='lat' dir='ltr'>(e)st</span> <span class='ocrx_word' id='word_1_268' title='bbox 1026 2604 1092 2632; x_wconf 79' lang='lat' dir='ltr'>ilico</span> <span class='ocrx_word' id='word_1_269' title='bbox 1110 2613 1221 2640; x_wconf 86' lang='lat' dir='ltr'>nempe:</span> 
     </span>
     <span class='ocr_line' id='line_1_45' title="bbox 525 2646 1221 2683; baseline 0.004 -10"><span class='ocrx_word' id='word_1_270' title='bbox 525 2646 642 2681; x_wconf 85' lang='lat' dir='ltr'>Sculpta</span> <span class='ocrx_word' id='word_1_271' title='bbox 660 2647 689 2673; x_wconf 92' lang='lat' dir='ltr'>in</span> <span class='ocrx_word' id='word_1_272' title='bbox 707 2647 858 2682; x_wconf 79' lang='lat' dir='ltr'>mar(more</span> <span class='ocrx_word' id='word_1_273' title='bbox 876 2657 923 2675; x_wconf 80' lang='lat' dir='ltr'>era.</span> <span class='ocrx_word' id='word_1_274' title='bbox 940 2648 1037 2676; x_wconf 85' lang='lat' dir='ltr'>nobies</span> <span class='ocrx_word' id='word_1_275' title='bbox 1058 2648 1221 2683; x_wconf 80' lang='lat' dir='ltr'>centesima.)</span> 
     </span>
     <span class='ocr_line' id='line_1_46' title="bbox 525 2689 1437 2727; baseline 0.003 -11"><span class='ocrx_word' id='word_1_276' title='bbox 525 2689 718 2724; x_wconf 68' lang='lat' dir='ltr'>Sexagesfima</span> <span class='ocrx_word' id='word_1_277' title='bbox 735 2700 810 2718; x_wconf 81' lang='lat' dir='ltr'>nona.</span> <span class='ocrx_word' id='word_1_278' title='bbox 828 2691 966 2719; x_wconf 74' lang='lat' dir='ltr'>Maiarum</span> <span class='ocrx_word' id='word_1_279' title='bbox 985 2691 1038 2727; x_wconf 94' lang='grc' dir='ltr'>ΠΙ)</span> <span class='ocrx_word' id='word_1_280' title='bbox 1059 2692 1129 2720; x_wconf 85' lang='lat' dir='ltr'>idus.</span> <span class='ocrx_word' id='word_1_281' title='bbox 1166 2693 1194 2726; x_wconf 87' lang='grc' dir='ltr'>(ἰ.</span> <span class='ocrx_word' id='word_1_282' title='bbox 1212 2701 1232 2720; x_wconf 85' lang='lat' dir='ltr'>e.</span> <span class='ocrx_word' id='word_1_283' title='bbox 1246 2701 1274 2727; x_wconf 76' lang='lat' dir='ltr'>p.</span> <span class='ocrx_word' id='word_1_284' title='bbox 1294 2693 1356 2720; x_wconf 78' lang='lat' dir='ltr'><em>Chr.</em></span> <span class='ocrx_word' id='word_1_285' title='bbox 1376 2693 1437 2726; x_wconf 88' lang='lat'><strong>931)</strong></span> 
     </span>
     <span class='ocr_line' id='line_1_47' title="bbox 528 2733 1713 2773; baseline 0.003 -14"><span class='ocrx_word' id='word_1_286' title='bbox 528 2733 635 2766; x_wconf 81' lang='lat' dir='ltr'>Lector,</span> <span class='ocrx_word' id='word_1_287' title='bbox 653 2734 815 2762; x_wconf 81' lang='lat' dir='ltr'>commenda</span> <span class='ocrx_word' id='word_1_288' title='bbox 834 2744 912 2763; x_wconf 76' lang='lat' dir='ltr'>saera</span> <span class='ocrx_word' id='word_1_289' title='bbox 932 2736 1057 2770; x_wconf 87' lang='lat' dir='ltr'>(domino</span> <span class='ocrx_word' id='word_1_290' title='bbox 1075 2745 1143 2773; x_wconf 81' lang='lat' dir='ltr'>rogo</span> <span class='ocrx_word' id='word_1_291' title='bbox 1161 2745 1221 2771; x_wconf 74' lang='lat' dir='ltr'>eqo,·</span> <span class='ocrx_word' id='word_1_292' title='bbox 1239 2737 1268 2764; x_wconf 82' lang='lat' dir='ltr'>et</span> <span class='ocrx_word' id='word_1_293' title='bbox 1286 2737 1430 2765; x_wconf 84' lang='lat' dir='ltr'>dominum</span> <span class='ocrx_word' id='word_1_294' title='bbox 1448 2736 1517 2772; x_wconf 77' lang='lat' dir='ltr'>edd.)</span> <span class='ocrx_word' id='word_1_295' title='bbox 1538 2736 1583 2772; x_wconf 84' lang='lat' dir='ltr'>pie</span> <span class='ocrx_word' id='word_1_296' title='bbox 1601 2736 1713 2764; x_wconf 85' lang='lat' dir='ltr'>orando.</span> 
     </span>
    </p>
   </div>
  </div>
 </body>
</html>
