2060 3074
505 399 543 417 ³00

501 658 538 677 ³⁰5

501 916 540 935 ³10

500 1175 538 1194 ³15

499 1434 537 1453 ³20

498 1693 535 1714 :m

502 1954 540 1973 ³³0

781 145 892 171 VITAE
911 145 936 172 S.
955 146 1122 173 GERMANI
1142 147 1249 174 LIBER
1268 148 1288 175 1.

578 231 680 262 Arma
702 235 818 273 parent
843 236 1023 274 coeantque
1048 234 1162 264 animis
1186 234 1218 265 in
1242 235 1367 276 proelia
1391 237 1475 267 totis.

575 282 683 314 Edicit
706 283 819 318 soeiis;
844 294 907 314 neu
931 284 1023 326 plebs
1048 285 1179 317 obstare
1204 286 1324 318 furenti

578 335 696 366 Posset
719 339 753 367 et
776 335 926 367 obductis
950 337 1073 368 aditum
1098 338 1274 370 defendere
1299 339 1409 381 portis,

581 387 728 429 Occupat
752 387 899 429 ignaram
924 390 1089 430 congestis
1114 389 1234 421 viribus
1259 390 1381 422 urbem.

621 439 769 477 Sanetus,
794 443 828 470 ut
851 440 980 471 accensi
1005 444 1171 482 comperta
1195 445 1245 473 est
1268 442 1421 484 principis
1445 443 1501 476 ira.

578 489 702 532 Martyr
724 493 760 521 ut
784 491 955 522 emeritam
979 492 1155 523 certamine
1180 503 1308 524 sumere
1333 494 1473 535 palmam

577 542 683 584 thue
707 543 756 574 sui
778 546 891 585 posset
914 543 1063 585 perfundi
1086 545 1176 575 fonte
1201 545 1333 582 cruoris,

577 595 678 636 Optat
701 598 733 626 et
757 594 918 636 intrepido
942 595 1108 636 profundit
1130 596 1208 627 talia
1231 596 1338 628 vultu:

576 645 681 681 *Quod
705 646 785 677 satis
809 649 859 678 est
883 657 1047 688 supraque
1071 647 1162 686 satis,
1186 647 1248 678 hue
1271 648 1411 680 viximus
1434 659 1551 690 usque;

574 697 668 728 Nunc
691 697 806 729 faciem
830 701 1005 740 penetrare
1029 698 1118 740 cupit
1143 709 1214 730 eum
1240 699 1371 741 spiritus
1395 700 1521 732 ardens.

576 748 715 788 Christe,
739 752 837 788 tuam,
861 748 1036 791 taedetque
1060 750 1132 782 viae
1155 750 1330 792 taedetque
1354 751 1489 783 laboris:

576 800 649 837 Qua
672 800 821 832 breviora
845 804 959 843 patent
982 802 1062 832 recti
1085 801 1280 844 compendia
1303 802 1404 839 callis,

575 852 627 884 Ire
652 852 750 892 iuvat,
774 853 826 884 via
849 853 891 884 sit
914 852 1052 894 trepidis
1076 853 1171 884 nimis
1196 853 1296 885 ardua
1321 865 1513 896 quanquam.

579 903 731 936 Sidereos
755 914 893 946 propere
917 903 1048 935 dabitur
1071 905 1259 946 contingere
1283 916 1424 947 campos,

576 955 752 997 Sanguinis
777 955 872 987 effusi
898 955 925 987 si
948 966 1008 987 nos
1033 956 1171 998 vestigia
1194 956 1326 988 ducant.

576 1007 725 1049 Martyrii
749 1007 877 1039 titulum
903 1007 1006 1039 tensis
1031 1008 1277 1050 complectimur
1300 1008 1386 1040 ulnis

575 1058 618 1090 Et
639 1062 754 1102 sponte
778 1059 963 1101 expetimus
986 1059 1153 1101 pulchram
1178 1070 1236 1102 per
1261 1060 1395 1091 vulnera
1418 1064 1562 1092 mortem.

577 1110 627 1142 Tu
651 1111 745 1142 modo
770 1121 828 1142 nos
851 1110 986 1153 dignare
1011 1114 1066 1142 tuo
1090 1121 1147 1153 pro
1171 1111 1300 1143 nomine
1325 1111 1446 1143 testes*

575 1162 668 1194 Haec
692 1162 804 1194 dicens
827 1163 1034 1204 animumque
1059 1163 1131 1194 neci
1156 1162 1339 1205 collumque
1363 1163 1499 1205 parabat

578 1214 740 1247 Carnifici.
787 1213 859 1246 Stat
882 1214 950 1245 fixa
973 1214 1039 1245 viro
1063 1215 1226 1246 sententia
1250 1214 1362 1245 mortis

575 1265 759 1308 Intrepidoe
783 1265 852 1304 sed⁷
877 1265 1018 1301 Christe.
1043 1266 1108 1297 tuis
1132 1265 1345 1297 mundissima
1369 1267 1483 1298 castris

574 1317 659 1350 Lilia
682 1328 754 1350 cum
778 1318 860 1349 rosis
884 1317 1006 1360 pariter
1030 1317 1204 1349 candentia
1227 1322 1363 1350 vernant

575 1369 644 1402 Nec
667 1373 700 1402 te
724 1369 870 1412 martyrii
893 1369 1077 1401 constantia
1101 1369 1171 1401 sola
1194 1373 1338 1401 meretur

574 1421 644 1453 Nec
667 1422 740 1453 ruso
763 1421 934 1464 quisquam
958 1424 1085 1452 tantum
1107 1421 1143 1452 fit
1167 1421 1325 1462 sanguine
1349 1425 1484 1463 martyr:

575 1473 682 1516 Saepe
707 1473 806 1505 etiam
830 1473 940 1504 multis
963 1473 1089 1515 peperit
1114 1473 1166 1515 pia
1190 1473 1256 1504 vita
1279 1483 1429 1504 eoronam

575 1525 698 1568 Estque
722 1524 928 1557 sacerdotum
953 1524 1116 1556 confessio
1140 1524 1259 1556 munda
1282 1528 1410 1556 tuorum

575 1577 677 1609 Grata
700 1576 770 1615 tibi,
795 1587 875 1619 quos
899 1577 1043 1608 iustitiae
1068 1577 1226 1620 perfectio
1250 1577 1358 1608 vestit.

617 1628 731 1672 Tuque
755 1628 848 1667 adeo,
873 1639 969 1671 quem
994 1639 1086 1660 mens
1110 1627 1171 1660 atri
1196 1628 1387 1671 plenissima
1410 1627 1494 1659 fellis

573 1682 611 1713 In
635 1686 782 1714 sanctum
804 1691 942 1724 peceare
966 1684 1087 1721 monet,
1111 1681 1299 1713 saevissime
1322 1680 1483 1723 princep5‚

574 1733 646 1765 Non
671 1732 730 1765 tibi
753 1733 797 1764 nil
821 1737 895 1764 voto
920 1743 984 1764 non
1008 1732 1205 1764 succedente
1229 1732 1370 1774 maligno

574 1785 738 1817 Collatum
761 1785 877 1817 ducas:
902 1789 935 1817 et
958 1790 994 1817 tu
1017 1784 1209 1827 quandoque
1232 1784 1358 1816 futurus

574 1837 670 1870 Certe
694 1837 825 1880 praesul
850 1837 913 1869 eris
937 1840 1004 1868 toto
1028 1836 1219 1868 notissimus
1243 1836 1335 1868 orbe:

573 1889 707 1921 Arbiter
724 1893 883 1921 aeternus
908 1889 972 1920 iam
995 1888 1117 1920 dudum
1141 1888 1294 1930 praesciit
1317 1887 1402 1919 istud

575 1941 644 1973 Nec
667 1941 743 1972 sinit
766 1941 905 1973 insontis
930 1941 1051 1972 foedari
1075 1939 1170 1972 sorde
1196 1939 1319 1971 cruoris

573 1992 759 2025 Praescitas
782 1993 823 2024 ad
847 2004 940 2025 saera
964 2002 1088 2032 manus,
1113 1991 1273 2023 medicina
1295 1991 1436 2022 salubris

574 2044 637 2076 Per
660 2055 740 2087 quas
766 2045 950 2076 innumeros
974 2044 1102 2076 fluxura
1125 2046 1257 2085 putatur
1282 2042 1322 2074 ad
1346 2053 1472 2084 aegros.

615 2096 752 2128 Praesul
774 2100 810 2128 ut
833 2096 1001 2128 emeritam
1025 2096 1126 2127 multo
1150 2095 1324 2126 certamine
1347 2094 1488 2136 palmam

574 2148 726 2182 Sumeret
749 2153 935 2192 assumptus
958 2148 1058 2180 divini
1081 2148 1113 2179 in
1137 2150 1229 2190 parte
1253 2150 1396 2185 senatus,

498 2212 536 2232 ηε»
570 2199 715 2244 Tempus
738 2205 807 2233 erat
831 2201 984 2242 licuitque
1009 2200 1077 2231 viro
1103 2197 1310 2242 praediscere
1333 2200 1472 2240 tempus,

315 2535 421 2561 schol-'a
449 2550 480 2554 —
510 2535 559 2563 301
588 2536 700 2570 accensi]
729 2537 853 2570 indignati

575 2252 679 2289 Quive
698 2253 786 2292 *foret
809 2253 893 2284 sacri
916 2263 975 2295 pos
1000 2262 1035 2283 se
1059 2260 1229 2282 successor
1252 2249 1382 2281 honoris

574 2304 758 2347 Inspirante
782 2304 842 2336 deo
866 2307 900 2336 et
922 2303 1027 2346 plebis
1051 2305 1186 2334 curante
1210 2301 1360 2332 salutem.

616 2355 702 2388 Urbs
725 2356 858 2398 antiqua
882 2355 942 2387 suit
965 2358 1032 2386 toto
1055 2352 1268 2386 celeberrima
1291 2352 1421 2390 mundo,

573 2407 690 2439 Aedua
713 2407 801 2439 dicta
823 2407 923 2450 prius.
970 2405 1127 2438 Primaria
1151 2415 1223 2436 cum
1247 2405 1431 2436 iacerentur

1797 153 1857 181 447

1623 452 1755 484 Comperta
1776 452 1836 476 Ger-

1602 495 1670 519 mani
1683 495 1857 526 iudiynaeioue

1601 544 1703 563 sanctas
1751 539 1858 562 Amator

1602 581 1719 613 martyrii
1759 581 1857 605 titulum

1603 625 1683 649 laetus
1690 624 1857 657 amplectitur.

1601 1638 1620 1661 A
1624 1638 1765 1670 postroplza
1794 1635 1853 1670 a<d)

1652 1681 1799 1713 principem.

1650 2109 1661 2132 Ι
1666 2109 1681 2132 'L
1699 2113 1801 2134 sanctus

1598 2152 1618 2176 Α
1622 2156 1704 2176 matur
1715 2151 1853 2177 Haeduum

1643 2195 1795 2227 perrexerit.

1598 2366 1740 2398 Denaripaecv
1765 2367 1852 2393 Edua-

1689 2419 1754 2435 Tum.

964 2535 1016 2562 308
1043 2533 1169 2568 breviora]
1197 2543 1241 2567 per
1265 2534 1414 2567 martyrium
1439 2535 1537 2560 scilicet
1592 2533 1751 2567 compendia]
1780 2535 1851 2560 lucra

210 2577 262 2603 310
279 2577 403 2612 sidereos]
423 2580 545 2606 caelestes
591 2579 704 2613 propere]
725 2581 876 2605 festinanter
953 2578 1003 2604 329
1022 2577 1150 2612 praesciit]
1170 2578 1359 2610 praeordinavit
1435 2575 1486 2602 333
1504 2576 1647 2610 emeritam]
1666 2578 1817 2610 condignum

311 2663 363 2690 298
382 2673 428 2691 nec
447 2665 480 2697 (5)
501 2675 568 2691 corr.
587 2665 612 2690 P
711 2664 763 2690 299
781 2666 906 2691 obductus
925 2666 958 2696 (ἕ)
977 2673 1043 2690 corr.
1064 2664 1088 2689 Ρ
1189 2661 1241 2688 303
1259 2663 1338 2696 possit
1356 2662 1480 2687 Boachiua

211 2706 262 2735 326
280 2707 322 2733 Nil
341 2708 387 2734 tibi
407 2708 442 2734 nil
462 2708 588 2734 Bacchius
691 2707 743 2734 336
762 2713 818 2743 post
834 2711 850 2734 2
868 2717 900 2733 m.
919 2708 944 2733 P
1044 2706 1096 2732 338
1114 2707 1162 2732 Urs
1180 2715 1245 2731 corr.
1265 2708 1281 2730 2
1298 2714 1331 2731 m.
1349 2705 1375 2730 P

312 2792 364 2821 338
384 2792 441 2827 Csr.
459 2793 526 2821 Aen.
546 2793 566 2819 I
576 2794 615 2822 1⁴3.

1578 2661 1629 2687 323
1647 2663 1725 2688 uestis
1744 2672 1810 2688 corr.
1830 2663 1854 2688 P
