<?xml version="1.0" encoding="UTF-8"?>
<!DOCTYPE html PUBLIC "-//W3C//DTD XHTML 1.0 Transitional//EN"
    "http://www.w3.org/TR/xhtml1/DTD/xhtml1-transitional.dtd">
<html xmlns="http://www.w3.org/1999/xhtml" xml:lang="en" lang="en">
 <head>
  <title>
</title>
<meta http-equiv="Content-Type" content="text/html;charset=utf-8" />
  <meta name='ocr-system' content='tesseract 3.04.00' />
  <meta name='ocr-capabilities' content='ocr_page ocr_carea ocr_par ocr_line ocrx_word'/>
</head>
<body>
  <div class='ocr_page' id='page_1' title='image "./monumentagerma03geseuoft/monumentagerma03geseuoft_0200.png"; bbox 0 0 2040 2996; ppageno 0'>
   <div class='ocr_carea' id='block_1_1' title="bbox 265 83 1355 119">
    <p class='ocr_par' dir='ltr' id='par_1_1' title="bbox 265 83 1355 119">
     <span class='ocr_line' id='line_1_1' title="bbox 265 83 1355 119; baseline -0.007 -2"><span class='ocrx_word' id='word_1_1' title='bbox 265 88 323 119; x_wconf 73' lang='lat'>184</span> <span class='ocrx_word' id='word_1_2' title='bbox 822 84 966 112; x_wconf 78' lang='lat' dir='ltr'>SEDULII</span> <span class='ocrx_word' id='word_1_3' title='bbox 985 84 1113 111; x_wconf 85' lang='lat' dir='ltr'>SCOTTI</span> <span class='ocrx_word' id='word_1_4' title='bbox 1133 83 1300 111; x_wconf 82' lang='lat' dir='ltr'>CARMINA</span> <span class='ocrx_word' id='word_1_5' title='bbox 1319 84 1355 110; x_wconf 92' lang='lat'>11.</span> 
     </span>
    </p>
   </div>
   <div class='ocr_carea' id='block_1_2' title="bbox 543 170 1553 1199">
    <p class='ocr_par' dir='ltr' id='par_1_2' title="bbox 543 170 1553 1199">
     <span class='ocr_line' id='line_1_2' title="bbox 627 170 1449 212; baseline -0.002 -8"><span class='ocrx_word' id='word_1_6' title='bbox 627 172 779 204; x_wconf 86' lang='lat' dir='ltr'>Sedulius</span> <span class='ocrx_word' id='word_1_7' title='bbox 803 172 929 204; x_wconf 84' lang='lat' dir='ltr'>vociter</span> <span class='ocrx_word' id='word_1_8' title='bbox 952 175 1068 203; x_wconf 90' lang='lat' dir='ltr'>octono</span> <span class='ocrx_word' id='word_1_9' title='bbox 1093 173 1274 212; x_wconf 84' lang='lat' dir='ltr'>grammate</span> <span class='ocrx_word' id='word_1_10' title='bbox 1299 170 1449 205; x_wconf 79' lang='lat' dir='ltr'><strong>Scottus:</strong></span> 
     </span>
     <span class='ocr_line' id='line_1_3' title="bbox 672 222 1429 265; baseline -0.004 -9"><span class='ocrx_word' id='word_1_11' title='bbox 672 224 792 256; x_wconf 84' lang='lat' dir='ltr'><strong>Dicere</strong></span> <span class='ocrx_word' id='word_1_12' title='bbox 815 224 997 265; x_wconf 84' lang='lat' dir='ltr'>Fulfengus</span> <span class='ocrx_word' id='word_1_13' title='bbox 1021 222 1129 254; x_wconf 84' lang='lat' dir='ltr'>nobile</span> <span class='ocrx_word' id='word_1_14' title='bbox 1153 233 1270 254; x_wconf 89' lang='lat' dir='ltr'>nomen</span> <span class='ocrx_word' id='word_1_15' title='bbox 1294 222 1429 254; x_wconf 88' lang='lat' dir='ltr'>habens.</span> 
     </span>
     <span class='ocr_line' id='line_1_4' title="bbox 557 274 1461 318; baseline -0.004 -10"><span class='ocrx_word' id='word_1_16' title='bbox 557 284 568 301; x_wconf 96' lang='grc'><strong>5</strong></span> <span class='ocrx_word' id='word_1_17' title='bbox 627 276 690 307; x_wconf 91' lang='lat' dir='ltr'>Ast</span> <span class='ocrx_word' id='word_1_18' title='bbox 713 276 807 308; x_wconf 90' lang='lat' dir='ltr'>nobis</span> <span class='ocrx_word' id='word_1_19' title='bbox 831 276 982 308; x_wconf 88' lang='lat' dir='ltr'>meritum</span> <span class='ocrx_word' id='word_1_20' title='bbox 1005 275 1118 318; x_wconf 77' lang='lat' dir='ltr'>dispar</span> <span class='ocrx_word' id='word_1_21' title='bbox 1141 285 1200 306; x_wconf 88' lang='lat' dir='ltr'>seu</span> <span class='ocrx_word' id='word_1_22' title='bbox 1224 275 1328 316; x_wconf 87' lang='lat' dir='ltr'>gloria</span> <span class='ocrx_word' id='word_1_23' title='bbox 1351 274 1461 311; x_wconf 86' lang='lat' dir='ltr'>saecli,</span> 
     </span>
     <span class='ocr_line' id='line_1_5' title="bbox 673 326 1359 368; baseline -0.004 -8"><span class='ocrx_word' id='word_1_24' title='bbox 673 327 809 360; x_wconf 82' lang='lat' dir='ltr'>Gaudeo</span> <span class='ocrx_word' id='word_1_25' title='bbox 833 328 897 360; x_wconf 86' lang='lat' dir='ltr'>fine</span> <span class='ocrx_word' id='word_1_26' title='bbox 921 327 985 359; x_wconf 91' lang='lat' dir='ltr'>mei</span> <span class='ocrx_word' id='word_1_27' title='bbox 1009 327 1149 359; x_wconf 90' lang='lat' dir='ltr'>nominis</span> <span class='ocrx_word' id='word_1_28' title='bbox 1174 329 1272 368; x_wconf 87' lang='lat' dir='ltr'>atque</span> <span class='ocrx_word' id='word_1_29' title='bbox 1296 326 1359 357; x_wconf 90' lang='lat' dir='ltr'>tui:</span> 
     </span>
     <span class='ocr_line' id='line_1_6' title="bbox 627 377 1495 416; baseline -0.003 -5"><span class='ocrx_word' id='word_1_30' title='bbox 627 379 696 411; x_wconf 75' lang='lat' dir='ltr'>‘Us&#39;</span> <span class='ocrx_word' id='word_1_31' title='bbox 721 379 800 411; x_wconf 91' lang='lat' dir='ltr'>mihi</span> <span class='ocrx_word' id='word_1_32' title='bbox 823 389 883 411; x_wconf 82' lang='lat' dir='ltr'>eeu</span> <span class='ocrx_word' id='word_1_33' title='bbox 906 379 999 411; x_wconf 86' lang='lat' dir='ltr'>vobis</span> <span class='ocrx_word' id='word_1_34' title='bbox 1023 382 1075 411; x_wconf 90' lang='lat' dir='ltr'>est</span> <span class='ocrx_word' id='word_1_35' title='bbox 1098 378 1236 410; x_wconf 88' lang='lat' dir='ltr'>nominis</span> <span class='ocrx_word' id='word_1_36' title='bbox 1259 377 1376 409; x_wconf 89' lang='lat' dir='ltr'>ultima</span> <span class='ocrx_word' id='word_1_37' title='bbox 1399 380 1495 416; x_wconf 89' lang='lat' dir='ltr'>meta,</span> 
     </span>
     <span class='ocr_line' id='line_1_7' title="bbox 673 429 1450 473; baseline -0.004 -11"><span class='ocrx_word' id='word_1_38' title='bbox 673 431 743 463; x_wconf 90' lang='lat' dir='ltr'>Nos</span> <span class='ocrx_word' id='word_1_39' title='bbox 767 431 842 473; x_wconf 90' lang='lat' dir='ltr'>quia</span> <span class='ocrx_word' id='word_1_40' title='bbox 866 431 1080 462; x_wconf 82' lang='lat' dir='ltr'>Christicolas</span> <span class='ocrx_word' id='word_1_41' title='bbox 1104 432 1211 462; x_wconf 86' lang='lat' dir='ltr'>rector</span> <span class='ocrx_word' id='word_1_42' title='bbox 1234 429 1328 460; x_wconf 90' lang='lat' dir='ltr'>Iesus</span> <span class='ocrx_word' id='word_1_43' title='bbox 1352 432 1450 460; x_wconf 85' lang='lat' dir='ltr'>amat.</span> 
     </span>
     <span class='ocr_line' id='line_1_8' title="bbox 627 480 1385 525; baseline -0.004 -11"><span class='ocrx_word' id='word_1_44' title='bbox 627 483 786 525; x_wconf 86' lang='lat' dir='ltr'>Vulfengi</span> <span class='ocrx_word' id='word_1_45' title='bbox 809 493 927 514; x_wconf 91' lang='lat' dir='ltr'>nomen</span> <span class='ocrx_word' id='word_1_46' title='bbox 951 481 1115 522; x_wconf 72' lang='lat' dir='ltr'>concludit</span> <span class='ocrx_word' id='word_1_47' title='bbox 1139 480 1268 523; x_wconf 80' lang='lat' dir='ltr'>syllaba</span> <span class='ocrx_word' id='word_1_48' title='bbox 1290 480 1385 520; x_wconf 88' lang='lat' dir='ltr'>trina,</span> 
     </span>
     <span class='ocr_line' id='line_1_9' title="bbox 546 532 1386 577; baseline -0.004 -11"><span class='ocrx_word' id='word_1_49' title='bbox 546 542 570 560; x_wconf 85' lang='lat'>1⁰</span> <span class='ocrx_word' id='word_1_50' title='bbox 675 534 736 566; x_wconf 86' lang='lat' dir='ltr'>Est</span> <span class='ocrx_word' id='word_1_51' title='bbox 758 534 844 577; x_wconf 92' lang='lat' dir='ltr'>quod</span> <span class='ocrx_word' id='word_1_52' title='bbox 868 534 1005 566; x_wconf 84' lang='lat' dir='ltr'>dilectus</span> <span class='ocrx_word' id='word_1_53' title='bbox 1030 537 1081 566; x_wconf 88' lang='lat' dir='ltr'>ter</span> <span class='ocrx_word' id='word_1_54' title='bbox 1103 534 1207 565; x_wconf 86' lang='lat' dir='ltr'>bonus</span> <span class='ocrx_word' id='word_1_55' title='bbox 1230 533 1284 564; x_wconf 89' lang='lat' dir='ltr'>ille</span> <span class='ocrx_word' id='word_1_56' title='bbox 1308 532 1386 569; x_wconf 84' lang='lat' dir='ltr'>deo;</span> 
     </span>
     <span class='ocr_line' id='line_1_10' title="bbox 629 584 1431 629; baseline -0.005 -10"><span class='ocrx_word' id='word_1_57' title='bbox 629 587 773 629; x_wconf 82' lang='lat' dir='ltr'>Syllaba,</span> <span class='ocrx_word' id='word_1_58' title='bbox 800 586 925 619; x_wconf 88' lang='lat' dir='ltr'>Sedulii</span> <span class='ocrx_word' id='word_1_59' title='bbox 949 597 1068 618; x_wconf 88' lang='lat' dir='ltr'>nomen</span> <span class='ocrx_word' id='word_1_60' title='bbox 1092 584 1249 617; x_wconf 85' lang='lat' dir='ltr'>conclude</span> <span class='ocrx_word' id='word_1_61' title='bbox 1272 587 1431 626; x_wconf 87' lang='lat' dir='ltr'>quaterna</span> 
     </span>
     <span class='ocr_line' id='line_1_11' title="bbox 673 637 1413 681; baseline -0.004 -11"><span class='ocrx_word' id='word_1_62' title='bbox 673 639 788 670; x_wconf 79' lang='lat' dir='ltr'>Fontis</span> <span class='ocrx_word' id='word_1_63' title='bbox 814 638 997 681; x_wconf 85' lang='lat' dir='ltr'>evangelici</span> <span class='ocrx_word' id='word_1_64' title='bbox 1021 648 1115 669; x_wconf 88' lang='lat' dir='ltr'>sacra</span> <span class='ocrx_word' id='word_1_65' title='bbox 1137 637 1261 669; x_wconf 86' lang='lat' dir='ltr'>fluenta</span> <span class='ocrx_word' id='word_1_66' title='bbox 1284 639 1413 668; x_wconf 87' lang='lat' dir='ltr'>notans.</span> 
     </span>
     <span class='ocr_line' id='line_1_12' title="bbox 625 688 1488 733; baseline -0.006 -10"><span class='ocrx_word' id='word_1_67' title='bbox 625 691 781 727; x_wconf 84' lang='lat' dir='ltr'>Quamvis</span> <span class='ocrx_word' id='word_1_68' title='bbox 805 701 866 723; x_wconf 87' lang='lat' dir='ltr'>nec</span> <span class='ocrx_word' id='word_1_69' title='bbox 889 691 1038 733; x_wconf 89' lang='lat' dir='ltr'>geminos</span> <span class='ocrx_word' id='word_1_70' title='bbox 1062 692 1179 722; x_wconf 88' lang='lat' dir='ltr'>ornent</span> <span class='ocrx_word' id='word_1_71' title='bbox 1202 688 1344 720; x_wconf 82' lang='lat' dir='ltr'>candore</span> <span class='ocrx_word' id='word_1_72' title='bbox 1369 688 1488 730; x_wconf 84' lang='lat' dir='ltr'>capilli,</span> 
     </span>
     <span class='ocr_line' id='line_1_13' title="bbox 674 740 1420 785; baseline -0.005 -10"><span class='ocrx_word' id='word_1_73' title='bbox 674 743 851 785; x_wconf 85' lang='lat' dir='ltr'>Speramus</span> <span class='ocrx_word' id='word_1_74' title='bbox 875 743 987 774; x_wconf 89' lang='lat' dir='ltr'>niveos</span> <span class='ocrx_word' id='word_1_75' title='bbox 1010 752 1070 774; x_wconf 87' lang='lat' dir='ltr'>nos</span> <span class='ocrx_word' id='word_1_76' title='bbox 1095 741 1152 773; x_wconf 89' lang='lat' dir='ltr'>sed</span> <span class='ocrx_word' id='word_1_77' title='bbox 1175 741 1298 772; x_wconf 89' lang='lat' dir='ltr'>habere</span> <span class='ocrx_word' id='word_1_78' title='bbox 1322 740 1420 782; x_wconf 86' lang='lat' dir='ltr'>pilos:</span> 
     </span>
     <span class='ocr_line' id='line_1_14' title="bbox 548 792 1553 836; baseline -0.004 -10"><span class='ocrx_word' id='word_1_79' title='bbox 548 802 570 820; x_wconf 80' lang='lat'>1⁵</span> <span class='ocrx_word' id='word_1_80' title='bbox 625 795 678 826; x_wconf 87' lang='lat' dir='ltr'>Sic</span> <span class='ocrx_word' id='word_1_81' title='bbox 703 794 879 826; x_wconf 91' lang='lat' dir='ltr'>Scithicam</span> <span class='ocrx_word' id='word_1_82' title='bbox 902 794 1050 826; x_wconf 87' lang='lat' dir='ltr'>referunt</span> <span class='ocrx_word' id='word_1_83' title='bbox 1074 803 1237 836; x_wconf 88' lang='lat' dir='ltr'>gemmam</span> <span class='ocrx_word' id='word_1_84' title='bbox 1262 792 1451 834; x_wconf 81' lang='lat' dir='ltr'>nigrescere</span> <span class='ocrx_word' id='word_1_85' title='bbox 1475 792 1553 830; x_wconf 87' lang='lat' dir='ltr'>sole,</span> 
     </span>
     <span class='ocr_line' id='line_1_15' title="bbox 673 845 1368 886; baseline -0.004 -8"><span class='ocrx_word' id='word_1_86' title='bbox 673 846 727 878; x_wconf 83' lang='lat' dir='ltr'>Sic</span> <span class='ocrx_word' id='word_1_87' title='bbox 752 846 855 878; x_wconf 84' lang='lat' dir='ltr'>noctis</span> <span class='ocrx_word' id='word_1_88' title='bbox 880 845 1033 878; x_wconf 88' lang='lat' dir='ltr'>tenebras</span> <span class='ocrx_word' id='word_1_89' title='bbox 1057 846 1114 877; x_wconf 91' lang='lat' dir='ltr'>illa</span> <span class='ocrx_word' id='word_1_90' title='bbox 1137 845 1243 877; x_wconf 89' lang='lat' dir='ltr'>nitore</span> <span class='ocrx_word' id='word_1_91' title='bbox 1266 845 1368 886; x_wconf 83' lang='lat' dir='ltr'>fugat.</span> 
     </span>
     <span class='ocr_line' id='line_1_16' title="bbox 627 897 1440 939; baseline -0.004 -9"><span class='ocrx_word' id='word_1_92' title='bbox 627 898 779 930; x_wconf 87' lang='lat' dir='ltr'>Caesaris</span> <span class='ocrx_word' id='word_1_93' title='bbox 803 898 941 930; x_wconf 87' lang='lat' dir='ltr'>illustris</span> <span class='ocrx_word' id='word_1_94' title='bbox 966 898 1094 929; x_wconf 81' lang='lat' dir='ltr'>furvum</span> <span class='ocrx_word' id='word_1_95' title='bbox 1118 897 1273 929; x_wconf 89' lang='lat' dir='ltr'>decorate</span> <span class='ocrx_word' id='word_1_96' title='bbox 1298 899 1440 939; x_wconf 88' lang='lat' dir='ltr'>poetam,</span> 
     </span>
     <span class='ocr_line' id='line_1_17' title="bbox 671 948 1387 991; baseline -0.004 -9"><span class='ocrx_word' id='word_1_97' title='bbox 671 950 806 982; x_wconf 85' lang='lat' dir='ltr'>Tradite</span> <span class='ocrx_word' id='word_1_98' title='bbox 830 950 979 982; x_wconf 85' lang='lat' dir='ltr'>versifico</span> <span class='ocrx_word' id='word_1_99' title='bbox 1004 949 1276 991; x_wconf 84' lang='lat' dir='ltr'>dalmaticamque</span> <span class='ocrx_word' id='word_1_100' title='bbox 1299 948 1387 980; x_wconf 86' lang='lat' dir='ltr'>viro:</span> 
     </span>
     <span class='ocr_line' id='line_1_18' title="bbox 625 1001 1472 1044; baseline -0.004 -10"><span class='ocrx_word' id='word_1_101' title='bbox 625 1003 717 1034; x_wconf 83' lang='lat' dir='ltr'>Tunc</span> <span class='ocrx_word' id='word_1_102' title='bbox 741 1013 793 1035; x_wconf 90' lang='lat' dir='ltr'>me</span> <span class='ocrx_word' id='word_1_103' title='bbox 817 1013 878 1034; x_wconf 88' lang='lat' dir='ltr'>nec</span> <span class='ocrx_word' id='word_1_104' title='bbox 904 1002 1033 1034; x_wconf 91' lang='lat' dir='ltr'>vincent</span> <span class='ocrx_word' id='word_1_105' title='bbox 1057 1004 1196 1044; x_wconf 88' lang='lat' dir='ltr'>septeno</span> <span class='ocrx_word' id='word_1_106' title='bbox 1219 1003 1351 1043; x_wconf 88' lang='lat' dir='ltr'>gutture</span> <span class='ocrx_word' id='word_1_107' title='bbox 1375 1001 1472 1041; x_wconf 89' lang='lat' dir='ltr'>cigni,</span> 
     </span>
     <span class='ocr_line' id='line_1_19' title="bbox 543 1051 1443 1096; baseline -0.004 -9"><span class='ocrx_word' id='word_1_108' title='bbox 543 1062 567 1081; x_wconf 78' lang='lat'>¹20</span> <span class='ocrx_word' id='word_1_109' title='bbox 671 1055 751 1086; x_wconf 90' lang='lat' dir='ltr'>Plus</span> <span class='ocrx_word' id='word_1_110' title='bbox 775 1065 833 1086; x_wconf 91' lang='lat' dir='ltr'>vos</span> <span class='ocrx_word' id='word_1_111' title='bbox 857 1053 1021 1096; x_wconf 83' lang='lat' dir='ltr'>organicis</span> <span class='ocrx_word' id='word_1_112' title='bbox 1045 1056 1122 1084; x_wconf 89' lang='lat' dir='ltr'>tunc</span> <span class='ocrx_word' id='word_1_113' title='bbox 1146 1052 1308 1084; x_wconf 86' lang='lat' dir='ltr'>resonabo</span> <span class='ocrx_word' id='word_1_114' title='bbox 1331 1051 1443 1094; x_wconf 84' lang='lat' dir='ltr'>tropis.</span> 
     </span>
     <span class='ocr_line' id='line_1_20' title="bbox 625 1103 1416 1148; baseline -0.005 -10"><span class='ocrx_word' id='word_1_115' title='bbox 625 1106 848 1138; x_wconf 81' lang='lat' dir='ltr'>Tesaurizatis</span> <span class='ocrx_word' id='word_1_116' title='bbox 872 1116 930 1148; x_wconf 93' lang='lat' dir='ltr'>pro</span> <span class='ocrx_word' id='word_1_117' title='bbox 954 1105 1064 1148; x_wconf 88' lang='lat' dir='ltr'>parvis</span> <span class='ocrx_word' id='word_1_118' title='bbox 1089 1105 1230 1136; x_wconf 83' lang='lat' dir='ltr'>maxima</span> <span class='ocrx_word' id='word_1_119' title='bbox 1253 1114 1329 1135; x_wconf 87' lang='lat' dir='ltr'>nam</span> <span class='ocrx_word' id='word_1_120' title='bbox 1354 1103 1416 1135; x_wconf 87' lang='lat' dir='ltr'>sic:</span> 
     </span>
     <span class='ocr_line' id='line_1_21' title="bbox 671 1157 1377 1199; baseline -0.003 -9"><span class='ocrx_word' id='word_1_121' title='bbox 671 1158 851 1190; x_wconf 88' lang='lat' dir='ltr'>Inmortale</span> <span class='ocrx_word' id='word_1_122' title='bbox 875 1157 975 1189; x_wconf 85' lang='lat' dir='ltr'>decus</span> <span class='ocrx_word' id='word_1_123' title='bbox 999 1158 1243 1199; x_wconf 87' lang='lat' dir='ltr'>perpetuasque</span> <span class='ocrx_word' id='word_1_124' title='bbox 1268 1166 1377 1197; x_wconf 86' lang='lat' dir='ltr'>gazas.</span> 
     </span>
    </p>
   </div>
   <div class='ocr_carea' id='block_1_3' title="bbox 403 2555 1387 2561">
    <p class='ocr_par' dir='ltr' id='par_1_3' title="bbox 403 2555 1387 2561">
     <span class='ocr_line' id='line_1_22' title="bbox 403 2555 1387 2561; baseline 0 0"><span class='ocrx_word' id='word_1_125' title='bbox 403 2555 1387 2561; x_wconf 95' lang='lat' dir='ltr'> </span> 
     </span>
    </p>
   </div>
   <div class='ocr_carea' id='block_1_4' title="bbox 255 1278 1916 2728">
    <p class='ocr_par' dir='ltr' id='par_1_4' title="bbox 1051 1278 1125 1300">
     <span class='ocr_line' id='line_1_23' title="bbox 1051 1278 1125 1300; baseline 0 0"><span class='ocrx_word' id='word_1_126' title='bbox 1051 1278 1125 1300; x_wconf 84' lang='lat' dir='ltr'>xvu.</span> 
     </span>
    </p>

    <p class='ocr_par' dir='ltr' id='par_1_5' title="bbox 346 1330 1911 1540">
     <span class='ocr_line' id='line_1_24' title="bbox 346 1330 1832 1376; baseline -0.003 -10"><span class='ocrx_word' id='word_1_127' title='bbox 346 1334 544 1376; x_wconf 86' lang='lat' dir='ltr'>IN(CIPIT)</span> <span class='ocrx_word' id='word_1_128' title='bbox 571 1334 804 1367; x_wconf 88' lang='lat' dir='ltr'>SAPHICUM</span> <span class='ocrx_word' id='word_1_129' title='bbox 828 1333 1015 1366; x_wconf 81' lang='lat' dir='ltr'>CARMEN</span> <span class='ocrx_word' id='word_1_130' title='bbox 1040 1332 1101 1365; x_wconf 78' lang='lat' dir='ltr'>DE</span> <span class='ocrx_word' id='word_1_131' title='bbox 1126 1332 1264 1365; x_wconf 88' lang='lat' dir='ltr'>OBITU</span> <span class='ocrx_word' id='word_1_132' title='bbox 1288 1330 1544 1364; x_wconf 84' lang='lat' dir='ltr'>PONTIFICIS</span> <span class='ocrx_word' id='word_1_133' title='bbox 1568 1330 1832 1363; x_wconf 77' lang='lat' dir='ltr'><strong>HARTGARII.</strong></span> 
     </span>
     <span class='ocr_line' id='line_1_25' title="bbox 366 1391 1882 1435; baseline -0.003 -9"><span class='ocrx_word' id='word_1_134' title='bbox 366 1395 478 1427; x_wconf 89' lang='lat' dir='ltr'>Mente</span> <span class='ocrx_word' id='word_1_135' title='bbox 501 1395 670 1427; x_wconf 86' lang='lat' dir='ltr'>tristamur</span> <span class='ocrx_word' id='word_1_136' title='bbox 693 1396 792 1427; x_wconf 90' lang='lat' dir='ltr'>nimio</span> <span class='ocrx_word' id='word_1_137' title='bbox 816 1395 940 1435; x_wconf 88' lang='lat' dir='ltr'>dolore,</span> <span class='ocrx_word' id='word_1_138' title='bbox 1223 1394 1341 1426; x_wconf 88' lang='lat' dir='ltr'>Lilium</span> <span class='ocrx_word' id='word_1_139' title='bbox 1366 1393 1536 1435; x_wconf 90' lang='lat' dir='ltr'>pulchrum</span> <span class='ocrx_word' id='word_1_140' title='bbox 1561 1402 1738 1433; x_wconf 87' lang='lat' dir='ltr'>roseusque</span> <span class='ocrx_word' id='word_1_141' title='bbox 1762 1391 1882 1430; x_wconf 88' lang='lat' dir='ltr'>vultus,</span> 
     </span>
     <span class='ocr_line' id='line_1_26' title="bbox 367 1443 1911 1490; baseline -0.004 -11"><span class='ocrx_word' id='word_1_142' title='bbox 367 1446 476 1478; x_wconf 83' lang='lat' dir='ltr'>Corda</span> <span class='ocrx_word' id='word_1_143' title='bbox 497 1450 696 1489; x_wconf 86' lang='lat' dir='ltr'>pertemptat</span> <span class='ocrx_word' id='word_1_144' title='bbox 718 1448 840 1479; x_wconf 89' lang='lat' dir='ltr'>feriens</span> <span class='ocrx_word' id='word_1_145' title='bbox 863 1447 1019 1490; x_wconf 85' lang='lat' dir='ltr'>procella,</span> <span class='ocrx_word' id='word_1_146' title='bbox 1225 1446 1340 1478; x_wconf 88' lang='lat' dir='ltr'>Palma</span> <span class='ocrx_word' id='word_1_147' title='bbox 1364 1445 1540 1477; x_wconf 88' lang='lat' dir='ltr'>florescens</span> <span class='ocrx_word' id='word_1_148' title='bbox 1565 1443 1772 1486; x_wconf 86' lang='lat' dir='ltr'>viridansque</span> <span class='ocrx_word' id='word_1_149' title='bbox 1795 1443 1911 1475; x_wconf 87' lang='lat' dir='ltr'>cedrus</span> 
     </span>
     <span class='ocr_line' id='line_1_27' title="bbox 367 1495 1767 1540; baseline -0.004 -10"><span class='ocrx_word' id='word_1_150' title='bbox 367 1498 433 1530; x_wconf 88' lang='lat' dir='ltr'>Ora</span> <span class='ocrx_word' id='word_1_151' title='bbox 456 1498 621 1540; x_wconf 87' lang='lat' dir='ltr'>perfundit</span> <span class='ocrx_word' id='word_1_152' title='bbox 644 1499 836 1531; x_wconf 89' lang='lat' dir='ltr'>lacrimosus</span> <span class='ocrx_word' id='word_1_153' title='bbox 859 1499 973 1538; x_wconf 85' lang='lat' dir='ltr'>imber,</span> <span class='ocrx_word' id='word_1_154' title='bbox 1222 1497 1311 1529; x_wconf 87' lang='lat' dir='ltr'>Eece</span> <span class='ocrx_word' id='word_1_155' title='bbox 1335 1496 1510 1528; x_wconf 88' lang='lat' dir='ltr'>marcescis</span> <span class='ocrx_word' id='word_1_156' title='bbox 1534 1495 1642 1526; x_wconf 87' lang='lat' dir='ltr'>subita</span> <span class='ocrx_word' id='word_1_157' title='bbox 1665 1495 1767 1534; x_wconf 84' lang='lat' dir='ltr'>ruina,</span> 
     </span>
    </p>

    <p class='ocr_par' dir='ltr' id='par_1_6' title="bbox 516 1547 1686 1593">
     <span class='ocr_line' id='line_1_28' title="bbox 516 1547 1686 1593; baseline -0.004 -11"><span class='ocrx_word' id='word_1_158' title='bbox 516 1550 630 1582; x_wconf 84' lang='lat' dir='ltr'>Fletus</span> <span class='ocrx_word' id='word_1_159' title='bbox 654 1554 688 1583; x_wconf 86' lang='lat' dir='ltr'>et</span> <span class='ocrx_word' id='word_1_160' title='bbox 710 1551 843 1593; x_wconf 79' lang='lat' dir='ltr'>ingens3</span> <span class='ocrx_word' id='word_1_161' title='bbox 1374 1548 1451 1580; x_wconf 90' lang='lat' dir='ltr'>Heu</span> <span class='ocrx_word' id='word_1_162' title='bbox 1474 1551 1568 1590; x_wconf 85' lang='lat' dir='ltr'>pater</span> <span class='ocrx_word' id='word_1_163' title='bbox 1590 1547 1686 1579; x_wconf 90' lang='lat' dir='ltr'>alme.</span> 
     </span>
    </p>

    <p class='ocr_par' dir='ltr' id='par_1_7' title="bbox 301 1621 1891 1773">
     <span class='ocr_line' id='line_1_29' title="bbox 301 1621 1808 1670; baseline -0.002 -12"><span class='ocrx_word' id='word_1_164' title='bbox 301 1635 311 1651; x_wconf 84' lang='grc'><strong>5</strong></span> <span class='ocrx_word' id='word_1_165' title='bbox 365 1627 522 1660; x_wconf 88' lang='lat' dir='ltr'>Franciae</span> <span class='ocrx_word' id='word_1_166' title='bbox 546 1631 633 1659; x_wconf 87' lang='lat' dir='ltr'>totus</span> <span class='ocrx_word' id='word_1_167' title='bbox 655 1628 794 1670; x_wconf 86' lang='lat' dir='ltr'>populus</span> <span class='ocrx_word' id='word_1_168' title='bbox 816 1628 986 1670; x_wconf 85' lang='lat' dir='ltr'>gemescit,</span> <span class='ocrx_word' id='word_1_169' title='bbox 1141 1635 1166 1653; x_wconf 77' lang='lat'>2⁵</span> <span class='ocrx_word' id='word_1_170' title='bbox 1219 1626 1295 1658; x_wconf 90' lang='lat' dir='ltr'>Heu</span> <span class='ocrx_word' id='word_1_171' title='bbox 1318 1625 1397 1657; x_wconf 83' lang='lat' dir='ltr'>mihi</span> <span class='ocrx_word' id='word_1_172' title='bbox 1420 1625 1511 1656; x_wconf 82' lang='lat' dir='ltr'>flenti</span> <span class='ocrx_word' id='word_1_173' title='bbox 1534 1625 1652 1656; x_wconf 89' lang='lat' dir='ltr'>misero</span> <span class='ocrx_word' id='word_1_174' title='bbox 1676 1621 1808 1667; x_wconf 78' lang='lat' dir='ltr'>poetae:</span> 
     </span>
     <span class='ocr_line' id='line_1_30' title="bbox 367 1676 1891 1722; baseline -0.003 -11"><span class='ocrx_word' id='word_1_175' title='bbox 367 1679 510 1711; x_wconf 88' lang='lat' dir='ltr'>Scottica</span> <span class='ocrx_word' id='word_1_176' title='bbox 533 1682 566 1711; x_wconf 86' lang='lat' dir='ltr'>et</span> <span class='ocrx_word' id='word_1_177' title='bbox 589 1680 686 1711; x_wconf 86' lang='lat' dir='ltr'>tellus</span> <span class='ocrx_word' id='word_1_178' title='bbox 708 1680 892 1722; x_wconf 88' lang='lat' dir='ltr'>Italumque</span> <span class='ocrx_word' id='word_1_179' title='bbox 916 1679 1021 1711; x_wconf 86' lang='lat' dir='ltr'>Roma</span> <span class='ocrx_word' id='word_1_180' title='bbox 1223 1678 1290 1709; x_wconf 89' lang='lat' dir='ltr'>Vix</span> <span class='ocrx_word' id='word_1_181' title='bbox 1314 1688 1397 1719; x_wconf 91' lang='lat' dir='ltr'>queo</span> <span class='ocrx_word' id='word_1_182' title='bbox 1421 1676 1527 1708; x_wconf 88' lang='lat' dir='ltr'>verbis</span> <span class='ocrx_word' id='word_1_183' title='bbox 1551 1687 1706 1708; x_wconf 86' lang='lat' dir='ltr'>resonare</span> <span class='ocrx_word' id='word_1_184' title='bbox 1730 1678 1891 1707; x_wconf 88' lang='lat' dir='ltr'>maestum</span> 
     </span>
     <span class='ocr_line' id='line_1_31' title="bbox 365 1727 1869 1773; baseline -0.003 -11"><span class='ocrx_word' id='word_1_185' title='bbox 365 1730 491 1763; x_wconf 87' lang='lat' dir='ltr'>Maeret</span> <span class='ocrx_word' id='word_1_186' title='bbox 514 1731 672 1773; x_wconf 88' lang='lat' dir='ltr'>Hartgari</span> <span class='ocrx_word' id='word_1_187' title='bbox 695 1730 903 1773; x_wconf 88' lang='lat' dir='ltr'>gemebunda</span> <span class='ocrx_word' id='word_1_188' title='bbox 927 1741 1038 1762; x_wconf 87' lang='lat' dir='ltr'>casum</span> <span class='ocrx_word' id='word_1_189' title='bbox 1225 1728 1332 1761; x_wconf 89' lang='lat' dir='ltr'>Corde</span> <span class='ocrx_word' id='word_1_190' title='bbox 1355 1731 1545 1771; x_wconf 89' lang='lat' dir='ltr'>conceptum</span> <span class='ocrx_word' id='word_1_191' title='bbox 1570 1729 1687 1760; x_wconf 89' lang='lat' dir='ltr'>misero</span> <span class='ocrx_word' id='word_1_192' title='bbox 1711 1727 1869 1767; x_wconf 89' lang='lat' dir='ltr'>dolorem,</span> 
     </span>
    </p>

    <p class='ocr_par' dir='ltr' id='par_1_8' title="bbox 516 1779 1722 1814">
     <span class='ocr_line' id='line_1_32' title="bbox 516 1779 1722 1814; baseline -0.002 0"><span class='ocrx_word' id='word_1_193' title='bbox 516 1782 684 1814; x_wconf 88' lang='lat' dir='ltr'>Praesulis</span> <span class='ocrx_word' id='word_1_194' title='bbox 708 1782 796 1814; x_wconf 90' lang='lat' dir='ltr'>almi.</span> <span class='ocrx_word' id='word_1_195' title='bbox 1260 1795 1263 1797; x_wconf 52' lang='lat'>&gt;</span> <span class='ocrx_word' id='word_1_196' title='bbox 1373 1780 1450 1812; x_wconf 88' lang='lat' dir='ltr'>Heu</span> <span class='ocrx_word' id='word_1_197' title='bbox 1473 1780 1556 1812; x_wconf 90' lang='lat' dir='ltr'>bone</span> <span class='ocrx_word' id='word_1_198' title='bbox 1582 1779 1722 1811; x_wconf 88' lang='lat' dir='ltr'>Christe.</span> 
     </span>
    </p>

    <p class='ocr_par' dir='ltr' id='par_1_9' title="bbox 364 1857 1847 1902">
     <span class='ocr_line' id='line_1_33' title="bbox 364 1857 1847 1902; baseline -0.003 -11"><span class='ocrx_word' id='word_1_199' title='bbox 364 1860 544 1902; x_wconf 88' lang='lat' dir='ltr'>Pauperes,</span> <span class='ocrx_word' id='word_1_200' title='bbox 568 1859 664 1900; x_wconf 83' lang='lat' dir='ltr'>dites,</span> <span class='ocrx_word' id='word_1_201' title='bbox 687 1859 772 1900; x_wconf 86' lang='lat' dir='ltr'>laici,</span> <span class='ocrx_word' id='word_1_202' title='bbox 795 1862 959 1902; x_wconf 86' lang='lat' dir='ltr'>potentes,</span> <span class='ocrx_word' id='word_1_203' title='bbox 1223 1857 1385 1890; x_wconf 83' lang='lat' dir='ltr'>Caelitum</span> <span class='ocrx_word' id='word_1_204' title='bbox 1407 1857 1533 1889; x_wconf 85' lang='lat' dir='ltr'>laetans</span> <span class='ocrx_word' id='word_1_205' title='bbox 1557 1857 1697 1900; x_wconf 87' lang='lat' dir='ltr'>populus</span> <span class='ocrx_word' id='word_1_206' title='bbox 1720 1857 1847 1895; x_wconf 87' lang='lat' dir='ltr'>beatus,</span> 
     </span>
    </p>

    <p class='ocr_par' dir='ltr' id='par_1_10' title="bbox 288 1909 1803 2005">
     <span class='ocr_line' id='line_1_34' title="bbox 288 1909 1803 1953; baseline -0.003 -10"><span class='ocrx_word' id='word_1_207' title='bbox 288 1919 312 1937; x_wconf 89' lang='lat'>¹⁰</span> <span class='ocrx_word' id='word_1_208' title='bbox 367 1911 486 1943; x_wconf 85' lang='lat' dir='ltr'>Clerici</span> <span class='ocrx_word' id='word_1_209' title='bbox 509 1911 598 1953; x_wconf 86' lang='lat' dir='ltr'>regis</span> <span class='ocrx_word' id='word_1_210' title='bbox 623 1911 759 1943; x_wconf 87' lang='lat' dir='ltr'>sabaoth</span> <span class='ocrx_word' id='word_1_211' title='bbox 782 1911 931 1952; x_wconf 88' lang='lat' dir='ltr'>ministri,</span> <span class='ocrx_word' id='word_1_212' title='bbox 1143 1916 1168 1935; x_wconf 83' lang='lat'>³⁰</span> <span class='ocrx_word' id='word_1_213' title='bbox 1220 1910 1346 1952; x_wconf 84' lang='lat' dir='ltr'>Excipe</span> <span class='ocrx_word' id='word_1_214' title='bbox 1370 1910 1490 1941; x_wconf 86' lang='lat' dir='ltr'>claram</span> <span class='ocrx_word' id='word_1_215' title='bbox 1516 1909 1638 1951; x_wconf 84' lang='lat' dir='ltr'>pictate</span> <span class='ocrx_word' id='word_1_216' title='bbox 1664 1909 1803 1948; x_wconf 84' lang='lat' dir='ltr'>stellam,</span> 
     </span>
     <span class='ocr_line' id='line_1_35' title="bbox 367 1960 1803 2005; baseline -0.001 -10"><span class='ocrx_word' id='word_1_217' title='bbox 367 1963 481 1995; x_wconf 89' lang='lat' dir='ltr'>Omnis</span> <span class='ocrx_word' id='word_1_218' title='bbox 505 1963 624 1995; x_wconf 85' lang='lat' dir='ltr'>aetatis</span> <span class='ocrx_word' id='word_1_219' title='bbox 647 1962 749 1995; x_wconf 87' lang='lat' dir='ltr'>decus</span> <span class='ocrx_word' id='word_1_220' title='bbox 773 1966 870 2005; x_wconf 84' lang='lat' dir='ltr'>atque</span> <span class='ocrx_word' id='word_1_221' title='bbox 894 1964 1006 2001; x_wconf 82' lang='lat' dir='ltr'>sexus,</span> <span class='ocrx_word' id='word_1_222' title='bbox 1223 1961 1350 1994; x_wconf 85' lang='lat' dir='ltr'>Sentiat</span> <span class='ocrx_word' id='word_1_223' title='bbox 1374 1961 1452 1992; x_wconf 86' lang='lat' dir='ltr'>Sion</span> <span class='ocrx_word' id='word_1_224' title='bbox 1477 1960 1618 1992; x_wconf 86' lang='lat' dir='ltr'>Solimae</span> <span class='ocrx_word' id='word_1_225' title='bbox 1643 1971 1803 2002; x_wconf 85' lang='lat' dir='ltr'>supernae</span> 
     </span>
    </p>

    <p class='ocr_par' dir='ltr' id='par_1_11' title="bbox 515 2012 1648 2054">
     <span class='ocr_line' id='line_1_36' title="bbox 515 2012 1648 2054; baseline -0.001 -8"><span class='ocrx_word' id='word_1_226' title='bbox 515 2014 655 2047; x_wconf 85' lang='lat' dir='ltr'>Fundite</span> <span class='ocrx_word' id='word_1_227' title='bbox 680 2015 786 2047; x_wconf 89' lang='lat' dir='ltr'>fletus.</span> <span class='ocrx_word' id='word_1_228' title='bbox 1373 2013 1480 2044; x_wconf 87' lang='lat' dir='ltr'>Aucta</span> <span class='ocrx_word' id='word_1_229' title='bbox 1503 2012 1648 2054; x_wconf 85' lang='lat' dir='ltr'>trophea.</span> 
     </span>
    </p>

    <p class='ocr_par' dir='ltr' id='par_1_12' title="bbox 364 2089 1916 2186">
     <span class='ocr_line' id='line_1_37' title="bbox 364 2089 1916 2133; baseline -0.002 -9"><span class='ocrx_word' id='word_1_230' title='bbox 364 2092 465 2124; x_wconf 85' lang='lat' dir='ltr'>Astra</span> <span class='ocrx_word' id='word_1_231' title='bbox 487 2092 657 2123; x_wconf 88' lang='lat' dir='ltr'>fuscantur</span> <span class='ocrx_word' id='word_1_232' title='bbox 680 2091 887 2133; x_wconf 89' lang='lat' dir='ltr'>titubantque</span> <span class='ocrx_word' id='word_1_233' title='bbox 911 2092 995 2131; x_wconf 88' lang='lat' dir='ltr'>luce,</span> <span class='ocrx_word' id='word_1_234' title='bbox 1222 2090 1340 2122; x_wconf 85' lang='lat' dir='ltr'>Tristis</span> <span class='ocrx_word' id='word_1_235' title='bbox 1364 2093 1416 2122; x_wconf 88' lang='lat' dir='ltr'>est</span> <span class='ocrx_word' id='word_1_236' title='bbox 1438 2090 1547 2129; x_wconf 86' lang='lat' dir='ltr'>tellus,</span> <span class='ocrx_word' id='word_1_237' title='bbox 1571 2090 1667 2132; x_wconf 90' lang='lat' dir='ltr'>polus</span> <span class='ocrx_word' id='word_1_238' title='bbox 1690 2090 1761 2132; x_wconf 88' lang='lat' dir='ltr'>ipse</span> <span class='ocrx_word' id='word_1_239' title='bbox 1781 2089 1916 2131; x_wconf 82' lang='lat' dir='ltr'>gaudet:</span> 
     </span>
     <span class='ocr_line' id='line_1_38' title="bbox 366 2141 1811 2186; baseline -0.002 -11"><span class='ocrx_word' id='word_1_240' title='bbox 366 2144 421 2176; x_wconf 89' lang='lat' dir='ltr'>Sol</span> <span class='ocrx_word' id='word_1_241' title='bbox 445 2147 479 2176; x_wconf 89' lang='lat' dir='ltr'>et</span> <span class='ocrx_word' id='word_1_242' title='bbox 502 2143 672 2175; x_wconf 83' lang='lat' dir='ltr'>abscondit</span> <span class='ocrx_word' id='word_1_243' title='bbox 695 2144 841 2186; x_wconf 88' lang='lat' dir='ltr'>speciem</span> <span class='ocrx_word' id='word_1_244' title='bbox 866 2154 1049 2175; x_wconf 85' lang='lat' dir='ltr'>coruscam:</span> <span class='ocrx_word' id='word_1_245' title='bbox 1223 2142 1343 2184; x_wconf 88' lang='lat' dir='ltr'>Angeli</span> <span class='ocrx_word' id='word_1_246' title='bbox 1366 2145 1504 2174; x_wconf 88' lang='lat' dir='ltr'>vernent</span> <span class='ocrx_word' id='word_1_247' title='bbox 1526 2141 1651 2173; x_wconf 89' lang='lat' dir='ltr'>melicis</span> <span class='ocrx_word' id='word_1_248' title='bbox 1675 2145 1708 2173; x_wconf 89' lang='lat' dir='ltr'>et</span> <span class='ocrx_word' id='word_1_249' title='bbox 1730 2141 1811 2178; x_wconf 84' lang='lat' dir='ltr'>odis,</span> 
     </span>
    </p>

    <p class='ocr_par' dir='ltr' id='par_1_13' title="bbox 287 2193 1910 2238">
     <span class='ocr_line' id='line_1_39' title="bbox 287 2193 1910 2238; baseline -0.001 -11"><span class='ocrx_word' id='word_1_250' title='bbox 287 2203 310 2221; x_wconf 81' lang='lat'>1⁵</span> <span class='ocrx_word' id='word_1_251' title='bbox 363 2195 447 2227; x_wconf 86' lang='lat' dir='ltr'>Nam</span> <span class='ocrx_word' id='word_1_252' title='bbox 471 2195 549 2235; x_wconf 88' lang='lat' dir='ltr'>ruis,</span> <span class='ocrx_word' id='word_1_253' title='bbox 574 2195 675 2235; x_wconf 91' lang='lat' dir='ltr'>sidus,</span> <span class='ocrx_word' id='word_1_254' title='bbox 699 2196 846 2238; x_wconf 87' lang='lat' dir='ltr'>speciosa</span> <span class='ocrx_word' id='word_1_255' title='bbox 868 2195 1006 2237; x_wconf 85' lang='lat' dir='ltr'>lampas,</span> <span class='ocrx_word' id='word_1_256' title='bbox 1144 2202 1168 2220; x_wconf 80' lang='grc'>35</span> <span class='ocrx_word' id='word_1_257' title='bbox 1222 2194 1415 2226; x_wconf 86' lang='lat' dir='ltr'>Praesulem</span> <span class='ocrx_word' id='word_1_258' title='bbox 1440 2196 1588 2225; x_wconf 87' lang='lat' dir='ltr'>sanctum</span> <span class='ocrx_word' id='word_1_259' title='bbox 1612 2193 1758 2235; x_wconf 87' lang='lat' dir='ltr'>pretiosa</span> <span class='ocrx_word' id='word_1_260' title='bbox 1781 2203 1910 2235; x_wconf 87' lang='lat' dir='ltr'>semper</span> 
     </span>
    </p>

    <p class='ocr_par' dir='ltr' id='par_1_14' title="bbox 516 2245 1623 2289">
     <span class='ocr_line' id='line_1_40' title="bbox 516 2245 1623 2289; baseline -0.002 -11"><span class='ocrx_word' id='word_1_261' title='bbox 516 2247 634 2279; x_wconf 88' lang='lat' dir='ltr'>Inelite</span> <span class='ocrx_word' id='word_1_262' title='bbox 657 2250 784 2289; x_wconf 79' lang='lat' dir='ltr'>pastor:</span> <span class='ocrx_word' id='word_1_263' title='bbox 1070 2284 1073 2285; x_wconf 20' lang='lat'><em>⁷</em></span> <span class='ocrx_word' id='word_1_264' title='bbox 1373 2245 1479 2277; x_wconf 85' lang='lat' dir='ltr'>Infola</span> <span class='ocrx_word' id='word_1_265' title='bbox 1502 2248 1623 2282; x_wconf 89' lang='lat' dir='ltr'>comat;</span> 
     </span>
    </p>

    <p class='ocr_par' dir='ltr' id='par_1_15' title="bbox 363 2322 1896 2470">
     <span class='ocr_line' id='line_1_41' title="bbox 363 2322 1830 2366; baseline -0.002 -10"><span class='ocrx_word' id='word_1_266' title='bbox 363 2323 432 2356; x_wconf 90' lang='lat' dir='ltr'>Aer</span> <span class='ocrx_word' id='word_1_267' title='bbox 456 2335 496 2356; x_wconf 89' lang='lat' dir='ltr'>en</span> <span class='ocrx_word' id='word_1_268' title='bbox 520 2324 640 2356; x_wconf 90' lang='lat' dir='ltr'>imbres</span> <span class='ocrx_word' id='word_1_269' title='bbox 663 2324 746 2366; x_wconf 87' lang='lat' dir='ltr'>pluit</span> <span class='ocrx_word' id='word_1_270' title='bbox 770 2327 868 2366; x_wconf 86' lang='lat' dir='ltr'>atque</span> <span class='ocrx_word' id='word_1_271' title='bbox 892 2324 988 2363; x_wconf 89' lang='lat' dir='ltr'>rivos,</span> <span class='ocrx_word' id='word_1_272' title='bbox 1222 2323 1309 2355; x_wconf 87' lang='lat' dir='ltr'>Ecce</span> <span class='ocrx_word' id='word_1_273' title='bbox 1333 2323 1489 2354; x_wconf 87' lang='lat' dir='ltr'>mirentur</span> <span class='ocrx_word' id='word_1_274' title='bbox 1512 2322 1644 2353; x_wconf 89' lang='lat' dir='ltr'>rutilum</span> <span class='ocrx_word' id='word_1_275' title='bbox 1667 2325 1830 2364; x_wconf 83' lang='lat' dir='ltr'>topazum,</span> 
     </span>
     <span class='ocr_line' id='line_1_42' title="bbox 365 2374 1856 2418; baseline -0.001 -11"><span class='ocrx_word' id='word_1_276' title='bbox 365 2376 473 2407; x_wconf 86' lang='lat' dir='ltr'>Testis</span> <span class='ocrx_word' id='word_1_277' title='bbox 498 2379 549 2408; x_wconf 89' lang='lat' dir='ltr'>est</span> <span class='ocrx_word' id='word_1_278' title='bbox 572 2376 675 2408; x_wconf 89' lang='lat' dir='ltr'>nostri</span> <span class='ocrx_word' id='word_1_279' title='bbox 698 2376 850 2407; x_wconf 88' lang='lat' dir='ltr'>lacrimas</span> <span class='ocrx_word' id='word_1_280' title='bbox 873 2375 1048 2418; x_wconf 87' lang='lat' dir='ltr'>stupendo:</span> <span class='ocrx_word' id='word_1_281' title='bbox 1185 2392 1188 2394; x_wconf 61' lang='lat'>&gt;</span> <span class='ocrx_word' id='word_1_282' title='bbox 1222 2375 1370 2407; x_wconf 89' lang='lat' dir='ltr'>Aureum</span> <span class='ocrx_word' id='word_1_283' title='bbox 1394 2374 1478 2406; x_wconf 85' lang='lat' dir='ltr'>caeli</span> <span class='ocrx_word' id='word_1_284' title='bbox 1501 2378 1698 2406; x_wconf 84' lang='lat' dir='ltr'>venerentur</span> <span class='ocrx_word' id='word_1_285' title='bbox 1722 2376 1856 2412; x_wconf 87' lang='lat' dir='ltr'>astrum,</span> 
     </span>
     <span class='ocr_line' id='line_1_43' title="bbox 366 2426 1896 2470; baseline -0.001 -12"><span class='ocrx_word' id='word_1_286' title='bbox 366 2427 519 2459; x_wconf 88' lang='lat' dir='ltr'>Sentiunt</span> <span class='ocrx_word' id='word_1_287' title='bbox 539 2428 666 2460; x_wconf 86' lang='lat' dir='ltr'>tristem</span> <span class='ocrx_word' id='word_1_288' title='bbox 686 2427 914 2470; x_wconf 88' lang='lat' dir='ltr'>trepidantque</span> <span class='ocrx_word' id='word_1_289' title='bbox 932 2428 1061 2470; x_wconf 89' lang='lat' dir='ltr'>lapsum</span> <span class='ocrx_word' id='word_1_290' title='bbox 1224 2426 1434 2468; x_wconf 84' lang='lat' dir='ltr'>Cognoscant</span> <span class='ocrx_word' id='word_1_291' title='bbox 1457 2430 1584 2468; x_wconf 88' lang='lat' dir='ltr'>patrem</span> <span class='ocrx_word' id='word_1_292' title='bbox 1608 2426 1728 2458; x_wconf 87' lang='lat' dir='ltr'>hilares</span> <span class='ocrx_word' id='word_1_293' title='bbox 1753 2426 1896 2457; x_wconf 85' lang='lat' dir='ltr'>salutent</span> 
     </span>
    </p>

    <p class='ocr_par' dir='ltr' id='par_1_16' title="bbox 282 2476 1621 2511">
     <span class='ocr_line' id='line_1_44' title="bbox 282 2476 1621 2511; baseline -0.003 1"><span class='ocrx_word' id='word_1_294' title='bbox 282 2486 307 2505; x_wconf 88' lang='lat'>2⁰</span> <span class='ocrx_word' id='word_1_295' title='bbox 516 2479 642 2511; x_wconf 91' lang='lat' dir='ltr'>Cuncta</span> <span class='ocrx_word' id='word_1_296' title='bbox 666 2479 839 2511; x_wconf 86' lang='lat' dir='ltr'>elementa.</span> <span class='ocrx_word' id='word_1_297' title='bbox 1139 2485 1165 2503; x_wconf 72' lang='lat'>4⁰</span> <span class='ocrx_word' id='word_1_298' title='bbox 1374 2476 1490 2509; x_wconf 86' lang='lat' dir='ltr'>Castra</span> <span class='ocrx_word' id='word_1_299' title='bbox 1513 2477 1621 2509; x_wconf 84' lang='lat' dir='ltr'>beata.</span> 
     </span>
    </p>

    <p class='ocr_par' dir='ltr' id='par_1_17' title="bbox 361 2606 1916 2641">
     <span class='ocr_line' id='line_1_45' title="bbox 361 2606 1916 2641; baseline -0.001 -8"><span class='ocrx_word' id='word_1_300' title='bbox 361 2609 378 2634; x_wconf 78' lang='grc' dir='ltr'>ἴ)</span> <span class='ocrx_word' id='word_1_301' title='bbox 396 2618 431 2633; x_wconf 85' lang='lat' dir='ltr'>an</span> <span class='ocrx_word' id='word_1_302' title='bbox 453 2608 507 2634; x_wconf 66' lang='lat' dir='ltr'>*Sit</span> <span class='ocrx_word' id='word_1_303' title='bbox 519 2609 531 2633; x_wconf 70' lang='lat'>3</span> <span class='ocrx_word' id='word_1_304' title='bbox 629 2608 661 2634; x_wconf 89' lang='lat'>13</span> <span class='ocrx_word' id='word_1_305' title='bbox 685 2608 766 2641; x_wconf 69' lang='lat' dir='ltr'>*Quis</span> <span class='ocrx_word' id='word_1_306' title='bbox 781 2609 803 2634; x_wconf 81' lang='lat'><em>0</em></span> <span class='ocrx_word' id='word_1_307' title='bbox 821 2610 891 2641; x_wconf 86' lang='lat' dir='ltr'>Quos</span> <span class='ocrx_word' id='word_1_308' title='bbox 916 2609 1026 2634; x_wconf 79' lang='lat' dir='ltr'>necdum</span> <span class='ocrx_word' id='word_1_309' title='bbox 1044 2617 1068 2640; x_wconf 86' lang='lat' dir='ltr'>g.</span> <span class='ocrx_word' id='word_1_310' title='bbox 1088 2613 1182 2633; x_wconf 82' lang='lat' dir='ltr'>ornant</span> <span class='ocrx_word' id='word_1_311' title='bbox 1200 2607 1291 2640; x_wconf 79' lang='lat' dir='ltr'>Haupt</span> <span class='ocrx_word' id='word_1_312' title='bbox 1389 2606 1420 2632; x_wconf 78' lang='lat'>14</span> <span class='ocrx_word' id='word_1_313' title='bbox 1443 2608 1520 2634; x_wconf 80' lang='lat' dir='ltr'>habet</span> <span class='ocrx_word' id='word_1_314' title='bbox 1544 2608 1625 2641; x_wconf 85' lang='lat' dir='ltr'>epilos</span> <span class='ocrx_word' id='word_1_315' title='bbox 1640 2608 1662 2633; x_wconf 80' lang='grc' dir='ltr'><em>Ο</em></span> <span class='ocrx_word' id='word_1_316' title='bbox 1677 2617 1743 2633; x_wconf 85' lang='lat' dir='ltr'>corr.</span> <span class='ocrx_word' id='word_1_317' title='bbox 1763 2606 1916 2633; x_wconf 76' lang='lat' dir='ltr'>Duemmler</span> 
     </span>
    </p>

    <p class='ocr_par' dir='ltr' id='par_1_18' title="bbox 255 2649 1915 2728">
     <span class='ocr_line' id='line_1_46' title="bbox 257 2649 1914 2686; baseline -0.001 -9"><span class='ocrx_word' id='word_1_318' title='bbox 257 2652 289 2678; x_wconf 84' lang='lat'>15</span> <span class='ocrx_word' id='word_1_319' title='bbox 308 2652 439 2677; x_wconf 61' lang='lat' dir='ltr'>scithicum</span> <span class='ocrx_word' id='word_1_320' title='bbox 458 2660 488 2676; x_wconf 70' lang='lat' dir='ltr'>ez</span> <span class='ocrx_word' id='word_1_321' title='bbox 506 2660 573 2677; x_wconf 53' lang='lat' dir='ltr'>corr⁴</span> <span class='ocrx_word' id='word_1_322' title='bbox 589 2652 615 2677; x_wconf 67' lang='lat' dir='ltr'>C‘</span> <span class='ocrx_word' id='word_1_323' title='bbox 740 2651 822 2685; x_wconf 85' lang='lat' dir='ltr'>[xvn.]</span> <span class='ocrx_word' id='word_1_324' title='bbox 842 2653 878 2677; x_wconf 86' lang='lat' dir='ltr'>IN</span> <span class='ocrx_word' id='word_1_325' title='bbox 899 2651 921 2677; x_wconf 81' lang='lat' dir='ltr'><em>O</em></span> <span class='ocrx_word' id='word_1_326' title='bbox 935 2652 1020 2684; x_wconf 66' lang='lat' dir='ltr'>suppl.</span> <span class='ocrx_word' id='word_1_327' title='bbox 1039 2651 1185 2676; x_wconf 70' lang='lat' dir='ltr'>Bellzmann</span> <span class='ocrx_word' id='word_1_328' title='bbox 1238 2651 1435 2676; x_wconf 79' lang='lat' dir='ltr'>SCAI’HICVM</span> <span class='ocrx_word' id='word_1_329' title='bbox 1451 2651 1473 2676; x_wconf 81' lang='lat'><em>0</em></span> <span class='ocrx_word' id='word_1_330' title='bbox 1488 2660 1555 2677; x_wconf 82' lang='lat' dir='ltr'>corr.</span> <span class='ocrx_word' id='word_1_331' title='bbox 1574 2651 1666 2683; x_wconf 65' lang='lat' dir='ltr'>IIaraept</span> <span class='ocrx_word' id='word_1_332' title='bbox 1753 2650 1769 2674; x_wconf 80' lang='grc'><strong>6</strong></span> <span class='ocrx_word' id='word_1_333' title='bbox 1787 2649 1914 2686; x_wconf 65' lang='grc' dir='ltr'>*ὃοοῑίίος</span> 
     </span>
     <span class='ocr_line' id='line_1_47' title="bbox 255 2692 1915 2728; baseline -0.001 -8"><span class='ocrx_word' id='word_1_334' title='bbox 255 2696 332 2721; x_wconf 86' lang='lat' dir='ltr'>tellus</span> <span class='ocrx_word' id='word_1_335' title='bbox 346 2695 368 2719; x_wconf 81' lang='lat' dir='ltr'>O</span> <span class='ocrx_word' id='word_1_336' title='bbox 418 2695 529 2720; x_wconf 77' lang='lat' dir='ltr'>scottiae</span> <span class='ocrx_word' id='word_1_337' title='bbox 546 2695 624 2720; x_wconf 79' lang='lat' dir='ltr'>tellus</span> <span class='ocrx_word' id='word_1_338' title='bbox 637 2695 667 2720; x_wconf 79' lang='lat' dir='ltr'>de</span> <span class='ocrx_word' id='word_1_339' title='bbox 680 2695 839 2728; x_wconf 61' lang='lat' dir='ltr'>Reiffenbery</span> <span class='ocrx_word' id='word_1_340' title='bbox 920 2693 951 2719; x_wconf 83' lang='lat'>14</span> <span class='ocrx_word' id='word_1_341' title='bbox 964 2703 1096 2720; x_wconf 73' lang='lat' dir='ltr'>coruscam</span> <span class='ocrx_word' id='word_1_342' title='bbox 1106 2694 1133 2719; x_wconf 75' lang='lat' dir='ltr'>in</span> <span class='ocrx_word' id='word_1_343' title='bbox 1145 2694 1298 2719; x_wconf 79' lang='lat' dir='ltr'>choruscam</span> <span class='ocrx_word' id='word_1_344' title='bbox 1311 2703 1378 2719; x_wconf 87' lang='lat' dir='ltr'>corr.</span> <span class='ocrx_word' id='word_1_345' title='bbox 1394 2694 1416 2720; x_wconf 89' lang='lat' dir='ltr'>C&#39;</span> <span class='ocrx_word' id='word_1_346' title='bbox 1490 2693 1523 2719; x_wconf 80' lang='lat'>27</span> <span class='ocrx_word' id='word_1_347' title='bbox 1537 2693 1675 2719; x_wconf 70' lang='lat' dir='ltr'>*miserum</span> <span class='ocrx_word' id='word_1_348' title='bbox 1690 2694 1712 2718; x_wconf 80' lang='lat' dir='ltr'><strong><em>G</em></strong></span> <span class='ocrx_word' id='word_1_349' title='bbox 1787 2692 1819 2718; x_wconf 78' lang='lat'>31</span> <span class='ocrx_word' id='word_1_350' title='bbox 1833 2693 1915 2718; x_wconf 75' lang='lat' dir='ltr'>Sentit</span> 
     </span>
    </p>
   </div>
   <div class='ocr_carea' id='block_1_5' title="bbox 255 2737 900 2770">
    <p class='ocr_par' dir='ltr' id='par_1_19' title="bbox 255 2737 900 2770">
     <span class='ocr_line' id='line_1_48' title="bbox 255 2737 900 2770; baseline 0.002 -7"><span class='ocrx_word' id='word_1_351' title='bbox 255 2743 282 2763; x_wconf 85' lang='lat' dir='ltr'>at</span> <span class='ocrx_word' id='word_1_352' title='bbox 297 2738 319 2763; x_wconf 75' lang='lat' dir='ltr'>(J</span> <span class='ocrx_word' id='word_1_353' title='bbox 334 2746 400 2763; x_wconf 79' lang='lat' dir='ltr'>corr.</span> <span class='ocrx_word' id='word_1_354' title='bbox 421 2737 513 2770; x_wconf 69' lang='lat' dir='ltr'>Haupt</span> <span class='ocrx_word' id='word_1_355' title='bbox 599 2737 632 2763; x_wconf 78' lang='lat'>37</span> <span class='ocrx_word' id='word_1_356' title='bbox 652 2739 777 2764; x_wconf 73' lang='lat' dir='ltr'>mirantur</span> <span class='ocrx_word' id='word_1_357' title='bbox 796 2747 863 2764; x_wconf 80' lang='lat' dir='ltr'>corr.</span> <span class='ocrx_word' id='word_1_358' title='bbox 878 2738 900 2764; x_wconf 81' lang='lat' dir='ltr'>C</span> 
     </span>
    </p>
   </div>
  </div>
 </body>
</html>
