2138 3106
301 191 361 221 348
900 185 1067 212 CARMINA
1086 183 1348 211 CENTULENSIA.

1047 313 1202 345 CXXXI.

770 378 831 413 DE
862 376 1130 413 VELATIONE
1157 375 1478 412 MEMBRORVM.

667 451 731 482 Hic
755 451 862 482 Adam
886 451 1074 493 pariterque
1099 449 1169 481 Eva
1192 450 1349 491 genitalia
1373 450 1482 482 celant

712 503 740 534 E
765 503 852 534 foliis
875 503 955 544 ligni
980 513 999 534 a
1022 502 1152 534 domino
1177 502 1276 534 vetiti.

1039 710 1213 744 CXXXII.

865 775 924 810 DE
953 774 1174 811 EIECTION
1175 775 1204 810 E
1231 775 1391 811 IPSIVS.

668 849 763 881 Vade
788 849 888 889 foras,
913 849 1030 889 Adam,
1055 849 1209 892 paradysi
1234 848 1319 880 haud
1345 849 1455 890 sisque
1480 849 1631 880 colonus:

710 901 813 933 Terra
836 902 895 933 tibi
921 902 1031 944 spinas
1056 902 1216 943 germinet
1239 912 1276 932 ac
1300 901 1445 932 tribulos.

669 953 707 984 Iu
731 953 848 985 sudore
873 953 991 985 dehine
1015 953 1092 985 edas
1117 964 1175 995 pro
1199 953 1332 985 crimine
1355 963 1485 995 panem,

713 1005 827 1037 Donec
853 1005 894 1037 ad
917 1005 1030 1037 matris
1054 1008 1089 1036 tu
1113 1006 1272 1047 gremium
1296 1004 1423 1038 redeas.

1038 1213 1228 1246 CXXXIII.

963 1277 1028 1313 AD
1057 1277 1300 1322 QVENDAM.

674 1353 781 1384 Aures
806 1363 983 1395 suspensas
1007 1355 1115 1389 teneo,
1140 1352 1319 1390 carissime,
1344 1363 1475 1394 semper

673 1404 803 1436 Ardens
828 1405 967 1448 praelati
991 1405 1127 1436 nimium
1150 1405 1210 1436 tibi
1234 1415 1352 1436 nomen
1378 1405 1504 1444 adesse,

674 1456 817 1488 Cernere
842 1460 940 1499 teque
964 1456 1101 1488 ambone
1125 1456 1243 1488 dehinc
1268 1460 1376 1488 astare
1401 1457 1558 1489 decenter

672 1509 793 1550 Legem
820 1509 984 1550 euangelii
1009 1508 1173 1540 subiectos
1198 1509 1261 1540 rite
1284 1509 1445 1541 docendo:

623 1574 634 1592 5
674 1561 811 1604 Sceptro
837 1561 877 1593 de
901 1561 1031 1601 domini,
1055 1572 1163 1604 poena
1186 1562 1372 1604 pariterque
1398 1562 1580 1604 gehennae,

673 1613 838 1656 Expertes
862 1613 931 1644 fieri
956 1613 996 1644 de
1021 1623 1084 1655 qua
1108 1623 1292 1645 mereamur
1315 1617 1462 1656 uterque.
1508 1613 1627 1646 Amen.

1041 1819 1227 1852 CXXXIV.
1363 1854 1366 1856 ,

822 1883 870 1919 ΙΝ
898 1883 1099 1927 QVODAM
1129 1882 1446 1919 GESTATORIO.

675 1959 810 1990 Decutit
833 1958 982 1990 ardorem
1007 1959 1086 1990 solis
1110 1959 1319 2001 pluviamque
1343 1958 1460 1990 ferenti

718 2011 792 2043 Hoc
816 2014 949 2053 tegmen
974 2011 1091 2053 eapitis
1115 2014 1261 2053 tempore
1285 2011 1442 2054 disparili.

1056 2221 1223 2254 CXXXV.

977 2285 1026 2322 IN
1052 2284 1310 2322 MVSCARIO.

677 2359 846 2403 Obsequio
870 2361 1001 2403 gemino
1026 2360 1165 2392 divisum
1190 2363 1255 2392 stat
1279 2370 1360 2403 opus
1384 2358 1487 2395 istud;

720 2413 804 2445 Nam
829 2424 959 2445 muscas
983 2413 1077 2456 pellit
1099 2412 1391 2454 umbraculumque
1414 2411 1501 2443 facit.

677 2464 802 2497 Bruma
825 2466 935 2508 nilque
958 2465 1058 2505 iuvat,
1082 2465 1223 2497 ferventi
1246 2467 1393 2507 tempore
1416 2463 1566 2506 prodest;

721 2517 791 2549 Nec
815 2518 942 2558 mirum,
968 2517 1120 2560 quoniam
1145 2520 1291 2559 tempora
1315 2519 1402 2548 stant
1425 2516 1524 2548 varia.

418 2664 553 2698 [CXXXI]
573 2664 589 2690 2
607 2665 681 2699 ligni]
700 2666 741 2691 fici
759 2666 787 2690 in
805 2675 887 2699 mary.
907 2666 932 2691 B

418 2707 570 2740 [cxxxn]
588 2708 605 2733 2
623 2708 664 2741 ae]
684 2714 709 2734 et
727 2718 793 2734 corr.
812 2709 837 2734 B
940 2710 957 2735 3
976 2709 1089 2742 crimine]
1109 2718 1123 2735 c
1141 2718 1172 2734 ecc
1190 2718 1205 2735 a
1224 2709 1249 2734 B

419 2750 580 2783 [CXXXIII]
599 2751 615 2777 6
635 2754 716 2777 Amen
734 2757 786 2778 not.
810 2753 862 2777 Tir.
882 2753 905 2777 B

420 2792 579 2827 [CXXXIV]
599 2794 615 2819 2
634 2796 754 2828 disparali
773 2805 840 2821 corr.
859 2796 884 2820 B

419 2835 566 2870 [CXXXV]
588 2838 599 2862 1
621 2839 661 2862 hic
681 2848 745 2871 opus
763 2839 844 2864 adstat
864 2840 1061 2873 dillnyraphimn
1082 2840 1107 2864 »⁶71
1125 2848 1207 2871 wiary.
1225 2838 1287 2863 add.
1307 2838 1332 2863 B
