2060 3074
427 302 464 320 115

379 560 464 581 ,120

427 819 464 838 125

424 1087 462 1108 1³⁰

421 1347 459 1367 1³5

418 1606 456 1626 140

709 153 798 180 VITA
816 153 842 180 S.
855 154 1008 181 AMANDI.
1040 154 1148 181 LIBER
1165 155 1212 182 IV.

508 237 558 270 Ac
580 249 677 281 prece
702 250 797 282 quam
821 241 961 272 celerem
986 241 1125 283 quivisse
1148 242 1270 273 referre
1293 243 1467 284 medelam,

509 290 608 322 Cuius
630 291 752 333 limpha
773 302 886 323 manus
910 292 990 323 lucis
1013 293 1147 334 largitur
1168 293 1348 326 honorem?

508 341 598 373 Cede
620 343 703 383 loco,
726 342 866 375 medice:
892 344 966 375 trito
989 354 1061 376 cum
1084 345 1217 387 pulvere
1243 346 1320 388 quid
1342 349 1430 378 stas?

507 393 647 425 Pulvere
673 395 757 426 enim
781 395 907 426 caecari
931 396 1040 427 oculos
1063 407 1115 428 res
1137 397 1243 429 notior
1265 401 1366 430 extat.

507 445 592 487 Hae,
616 447 642 478 si
665 447 779 487 credis,
802 458 908 490 aquae
931 453 1085 491 superant
1107 451 1229 482 colliria
1251 455 1380 484 cuncta:

509 497 613 534 Quam
636 498 777 530 mundae
801 499 926 531 sordes!
950 511 969 531 o
992 511 1088 543 quam
1111 503 1259 544 purgatio
1282 507 1377 546 pura!

508 548 613 585 Quam
638 550 752 582 doctus
775 550 930 591 medicus,
955 562 1018 593 quo
1043 556 1157 584 cuncta
1180 554 1316 586 obscura
1338 556 1510 598 refulgent,

506 600 558 632 De
583 601 672 633 cuius
695 601 802 644 digitis
825 602 945 634 stillant
968 603 1181 636 medicamina
1202 606 1356 648 pulchris!

507 652 599 684 Talia
621 653 722 695 signa,
746 654 804 694 sui,
827 654 977 696 produnt,
1001 656 1139 698 vestigia
1161 658 1247 699 regis

508 703 603 740 Quod
625 705 783 747 sequitur:
807 715 926 748 perpes
948 706 1022 738 hinc
1045 706 1172 740 Christo
1196 709 1299 751 gloria
1322 721 1456 752 summo,

507 755 633 798 Dignus
657 756 761 788 honor
782 757 878 798 iusto,
902 768 966 800 quo
988 769 1052 790 non
1077 760 1249 801 pretiosior
1270 762 1352 793 alter

507 807 561 839 Ad
584 809 666 840 caeli
689 819 826 851 regnum
848 810 1007 841 sociomm
1031 821 1073 842 ex
1095 812 1224 853 agmine
1247 813 1343 845 venit.

507 859 630 892 Obvius
654 864 769 893 ornata
792 861 868 893 dum
891 873 1009 904 sponso
1032 863 1184 906 lampade
1207 866 1324 907 pergit,

505 911 618 943 Manat
640 912 794 955 oliviferis
816 923 894 944 mox
915 913 1030 955 igneus
1053 914 1149 946 ardor
1171 915 1212 947 ab
1235 916 1318 948 ulnis

507 963 700 996 Accendens
722 965 854 1007 propria
877 965 1072 1007 reliquorum
1095 965 1136 998 de
1159 966 1230 999 face
1250 967 1372 1008 taedas,

505 1014 646 1048 Fulserit
669 1019 702 1047 et
725 1019 855 1059 quanto,
879 1016 1101 1049 demonstrant
1123 1018 1218 1059 facta,
1242 1018 1369 1052 decore.

548 1075 606 1108 IV.
630 1076 781 1119 Dumque
805 1077 867 1108 iter
888 1077 1074 1120 incoeptum
1097 1078 1192 1110 variis
1214 1079 1383 1111 virtutibus
1406 1081 1477 1121 iret,

505 1127 703 1160 Francorum
725 1128 767 1160 ad
789 1139 924 1171 regnum
948 1129 1034 1161 felici
1056 1130 1184 1162 tramite
1208 1131 1296 1163 venit

504 1179 679 1223 Elegitque
702 1180 819 1222 locum,
843 1191 907 1223 quo
930 1181 1066 1213 verbum
1090 1186 1270 1225 spargeret,
1293 1187 1414 1226 aptum.

504 1231 543 1263 In
567 1242 630 1274 quo
654 1232 774 1264 devota
795 1233 931 1264 fratrum
954 1234 1128 1266 comitante
1152 1234 1295 1275 cohorte,

505 1283 568 1320 Qui
590 1285 696 1316 varias
719 1283 838 1316 Christi
860 1285 1002 1316 tulerant
1024 1295 1082 1327 pro
1105 1286 1235 1318 nomine
1258 1296 1390 1328 poenas,

504 1334 605 1367 Sacra
627 1336 815 1368 monasterii
840 1337 1018 1368 construxit
1041 1337 1181 1368 claustra
1202 1338 1331 1371 novelli.

502 1387 600 1419 Felix
622 1388 678 1420 illa
701 1388 760 1419 fuit
782 1387 842 1419 sub
865 1390 956 1419 tanto
980 1388 1068 1420 scola
1089 1389 1255 1431 magistro,

502 1439 555 1471 De
579 1449 643 1482 qua
665 1439 859 1481 multiplices
882 1439 1062 1482 procedunt
1084 1440 1153 1472 iure
1177 1441 1352 1484 sophistae,

502 1490 695 1523 Pontificum
718 1501 891 1523 numerosa
914 1491 1029 1523 cohors
1052 1490 1202 1534 doctique
1225 1493 1353 1535 patroni

501 1541 682 1583 Ecclesiae,
705 1542 812 1575 verbis
834 1543 906 1585 puri
928 1543 1094 1585 gestisque
1117 1543 1266 1575 nitentes.

501 1593 618 1635 Gallia,
642 1595 706 1626 iam
728 1593 825 1626 rediit
846 1597 985 1634 sanctus,
1008 1594 1153 1635 laetare„
1166 1594 1341 1637 benignum
1365 1587 1428 1632 est3

502 1645 628 1689 Sparge
652 1646 769 1678 alacris
791 1646 904 1678 flores:
929 1646 1056 1678 tibimet
1079 1646 1216 1678 salvatio
1238 1647 1336 1679 venit.

460 1727 462 1729 .
499 1697 572 1730 Hac
595 1698 716 1730 etenim
739 1707 804 1730 non
826 1700 919 1740 parte
942 1697 1042 1738 cadis,
1066 1708 1130 1740 qua
1152 1698 1246 1730 turris
1269 1697 1410 1741 Olympo

418 1865 456 1885 145

423 2123 461 2142 150

416 2391 454 2411 155

238 2668 288 2695 124
305 2670 437 2703 presiotior
449 2670 475 2695 A

502 1749 624 1782 Contra
648 1748 843 1792 sanguineas
869 1749 956 1781 acies
980 1753 1014 1781 et
1035 1749 1124 1782 bella
1145 1749 1299 1782 Damasci

499 1801 599 1834 Forte
622 1801 696 1833 tulit
718 1804 825 1844 caput,
849 1802 933 1833 ultra
956 1804 989 1833 et
1011 1801 1118 1833 sidera
1142 1802 1283 1833 constitit
1304 1802 1383 1844 ipsa.

499 1852 584 1885 Nam
608 1853 635 1885 si
658 1852 845 1896 pervalidae
869 1852 992 1885 Oceani
1015 1852 1056 1884 de
1079 1855 1172 1895 parte
1195 1853 1360 1895 procellae

498 1904 665 1945 Irruerint,
690 1904 777 1936 nullo
802 1903 937 1946 quibunt
959 1903 1188 1936 transcendere
1210 1907 1317 1947 pacto,

500 1955 654 1988 Passibus
678 1955 820 1998 egregiis
843 1965 907 1998 qua
929 1965 1076 1997 gressum
1099 1955 1170 1987 fixit
1192 1955 1368 1997 Amandus,

503 2007 538 2040 Si
561 2011 672 2040 tamen
695 2007 820 2050 egregii
843 2007 976 2039 secteris
998 2007 1085 2039 iussa
1106 2008 1261 2050 magistri.

499 2059 561 2091 Est
583 2070 700 2102 neque,
724 2058 811 2102 quod
834 2062 959 2091 metuas
982 2059 1120 2091 ferventi
1142 2059 1175 2091 in
1197 2059 1324 2091 turbine
1348 2059 1431 2091 freta

503 2111 578 2143 Hoc
601 2111 736 2143 ductore
761 2114 827 2151 tuo,
852 2111 906 2153 qui
929 2121 993 2142 non
1016 2110 1161 2142 debellat
1182 2111 1308 2153 iniquos

499 2163 619 2204 Armis,
642 2162 701 2195 sed
724 2163 848 2195 meritis
870 2162 944 2194 hinc
966 2173 1068 2205 usque
1092 2161 1134 2194 ad
1157 2162 1264 2194 sidera
1286 2163 1379 2194 notis.

543 2223 583 2256 V.
606 2224 768 2267 Tempore
795 2234 857 2266 quo
879 2223 1028 2266 princeps
1048 2233 1184 2265 regnum
1203 2221 1387 2254 Hildericus
1406 2222 1527 2264 agebat

499 2275 815 2318 Invasasquegravi
837 2275 924 2307 bello
947 2274 1108 2306 tractabat
1130 2273 1284 2315 habenas,

498 2326 585 2360 Dum
609 2329 786 2359 fremerent
808 2327 953 2369 reliquae
976 2326 1089 2370 Martis
1113 2325 1288 2358 certamine
1311 2328 1426 2367 gentes

497 2379 540 2411 Et
561 2379 662 2422 gladii
684 2379 820 2421 gladios,
844 2378 1002 2410 umbones
1026 2377 1179 2409 redderet
1201 2376 1300 2408 umbo

497 2431 548 2463 Ac
570 2432 671 2463 frater
693 2431 837 2471 fratrem,
861 2429 990 2472 genitus
1013 2432 1177 2472 premeret
1199 2429 1380 2470 genitorem

498 2483 668 2526 Saevaque
692 2485 835 2515 vastaret
858 2482 996 2524 populos
1018 2481 1185 2524 populatio
1208 2481 1327 2511 multos

497 2534 708 2578 Tempestate
732 2534 823 2576 gravi
845 2536 948 2565 totum
972 2535 1141 2574 grassante
1164 2542 1224 2574 per
1247 2531 1374 2563 orbem:

556 2669 606 2695 125
623 2669 741 2695 examine
759 2677 825 2694 corr.
838 2667 868 2693 K
946 2666 994 2692 138
1011 2665 1122 2700 patroni]
1142 2666 1257 2699 magistri
1271 2665 1295 2690 A
1378 2664 1426 2690 141
1445 2665 1531 2691 alicu-is
1544 2665 1569 2690 A

135 2712 227 2747 cellae]
243 2713 272 2738 in
288 2722 372 2747 mar-9.
391 2713 452 2739 dani
465 2713 495 2738 K

237 2793 286 2820 126
304 2792 357 2826 CYr.
374 2792 472 2820 unuh.
489 2793 532 2826 25,
545 2794 637 2820 1-13.

1727 161 1785 191 601

1653 2665 1702 2691 141
1721 2675 1780 2700 pro-
