2060 3074
194 169 256 199 492

481 474 517 492 110

480 733 515 751 115·

478 993 515 1011 120

474 1253 510 1272 1⁴25

471 1512 508 1531 1:30

469 1773 504 1792 135

465 2033 502 2052 140

463 2293 499 2313 145

852 169 989 196 HEIRICI
1008 169 1183 196 CARMINA.

560 255 654 292 Care,
678 257 771 298 petit,
796 256 920 287 meritis
945 259 978 288 et
1001 256 1174 298 relligione
1200 256 1348 296 Senator,

556 307 701 349 Hospitii
726 311 818 349 grato
843 318 1005 349 pensurus
1028 307 1163 340 foenore
1188 308 1309 341 dotem.

557 358 713 389 Constitit
736 363 812 390 ante
837 359 950 390 oculos
975 359 1083 391 subito
1107 359 1267 402 producta
1289 361 1399 402 puella

556 410 743 442 Omnimodi
768 411 926 442 sermonis
950 411 1053 453 inops,
1078 421 1173 453 quam
1198 412 1296 453 longa
1321 413 1434 444 coaevi

556 461 696 493 Cardine
720 462 769 493 bis
793 461 877 494 deno
901 460 1079 504 carpebant
1102 463 1244 505 dampna
1268 464 1386 495 silenti.

555 512 744 544 Comminus
768 513 932 545 admotam
956 515 1038 545 miro
1062 514 1250 556 dignamine
1274 517 1404 558 praesul

556 564 715 607 Suscipit:
739 565 815 597 inde
838 576 937 597 manu
962 566 1077 598 faciem
1099 567 1278 608 perlustrat
1301 568 1406 599 amica

555 616 612 655 Os,
636 617 776 650 frontem
802 621 835 650 et
858 621 962 650 totum
985 619 1193 661 permulcens
1217 620 1361 661 unguine
1386 621 1520 654 vultum.

554 668 702 711 Tresque
727 669 842 701 dehinc
867 671 961 712 panis
986 671 1058 702 vino
1081 671 1270 713 permiscuit
1294 672 1374 703 offas

555 721 658 763 Inque
683 732 719 753 os
744 722 903 754 attonitae
929 733 1127 765 componens
1151 724 1285 765 virginis
1309 735 1405 756 unam

552 772 706 815 Imperat,
731 777 900 816 acceptum
925 779 1059 816 praeeat
1082 775 1268 807 benedictio
1292 786 1424 818 panem:

553 825 614 856 Illa
638 825 818 857 sacerdotis
841 836 961 868 parens
984 826 1025 858 ad
1048 827 1177 868 singula
1200 827 1309 859 verbis

552 877 660 909 Edicit
683 878 790 919 plen0‚
813 878 945 920 praesul
970 878 1054 920 quod
1079 879 1230 917 iusserat,
1254 890 1324 911 ore:

553 928 607 960 Sic
632 933 748 961 exorta
771 940 856 962 novo
881 941 1015 961 manans
1039 931 1193 963 facundia
1215 931 1277 963 ritu

553 981 681 1012 Aetatis
705 981 847 1023 reliquos
872 982 947 1013 exin
971 982 1099 1014 duravit
1121 983 1153 1014 in
1177 994 1290 1015 annos.

595 1032 676 1064 Inde
701 1033 918 1075 profecturus,
942 1038 1170 1076 praeterquam
1193 1035 1277 1067 forte
1300 1036 1436 1070 solebat.

550 1084 664 1116 Artius
688 1085 875 1116 unanimem
900 1086 1124 1128 complexibus
1148 1090 1243 1128 urget
1266 1088 1404 1120 amicum

551 1136 705 1178 Interque
730 1137 902 1179 amplexus
926 1147 1022 1179 quam
1045 1138 1135 1169 molli
1158 1138 1279 1170 famine
1304 1140 1450 1171 mulcens

549 1189 742 1220 ‘Aeternum
767 1189 887 1229 valeam
911 1189 1013 1221 frater
1035 1189 1229 1230 karissime,'
1254 1191 1336 1222 dixit

549 1240 745 1272 ‘Indisereta
768 1251 861 1273 meae
886 1252 945 1283 per
969 1242 1103 1273 saecula
1126 1242 1232 1284 portio
1255 1243 1386 1275 mentis.

546 1293 681 1324 Annuat
705 1293 921 1335 omnipotens,
944 1293 1040 1325 rebus
1064 1305 1136 1326 cum
1160 1294 1224 1326 fine
1248 1306 1400 1337 supremo

547 1345 685 1377 Venerit
709 1349 888 1377 extremam
914 1345 1078 1378 districtus
1102 1357 1223 1388 ponere
1248 1351 1401 1380 moetam.

547 1397 702 1429 Vultibus
725 1399 761 1428 ut
784 1397 862 1429 laeti
886 1408 946 1430 nos
971 1402 1184 1430 contueamur
1207 1399 1326 1441 opacis.

545 1449 629 1480 Nam
654 1449 757 1481 donec
782 1449 877 1481 huius
902 1450 1047 1482 solvatur
1070 1450 1198 1482 sarcina
1221 1452 1338 1486 carnis,

545 1500 682 1532 Alterno
707 1501 845 1533 vetitum
869 1501 1006 1544 posthac
1030 1512 1224 1534 concurrere
1248 1502 1341 1535 visu.⁴

547 1552 639 1584 Haec
663 1556 758 1596 pater
782 1553 898 1585 effudit
920 1553 1071 1595 digressu
1094 1554 1182 1586 dicta
1205 1565 1355 1597 supremo

544 1605 671 1647 Hisque
697 1605 872 1637 salutatum
896 1606 1068 1638 discedens
1092 1606 1192 1649 liquid
1215 1607 1366 1639 amicum.

546 1657 655 1698 Dicat,
680 1658 818 1699 quisque
842 1658 931 1697 velit⁷
956 1658 1112 1690 decessus
1137 1662 1286 1702 tempora
1309 1664 1457 1692 sanctum

543 1708 721 1751 Ignorasse
746 1710 806 1747 sui,
830 1710 994 1752 propriam
1019 1721 1091 1742 cum
1115 1711 1277 1752 linqueret
1299 1711 1424 1745 urbem.

543 1761 763 1793 Continuabat
786 1762 848 1793 iter
870 1762 983 1804 paucis
1008 1772 1050 1794 ex
1073 1773 1162 1794 more
1186 1763 1351 1797 ministris.

543 1812 648 1844 Obvia
671 1813 730 1845 sed
754 1814 881 1856 populis
905 1814 1046 1856 stipabat
1069 1814 1165 1846 turba
1188 1815 1325 1850 coactis:

542 1865 603 1896 His
627 1869 720 1907 pater
743 1866 869 1897 aeterni
893 1865 1052 1898 fundebat
1073 1867 1200 1898 semina
1224 1868 1325 1899 verbi.

542 1916 644 1959 quue
667 1918 757 1949 iuvat
780 1918 968 1950 meminisse
992 1919 1108 1960 magis,
1132 1919 1226 1961 quod,
1252 1919 1279 1950 si
1302 1930 1366 1962 qua
1389 1921 1532 1953 locorum

541 1970 608 2000 Aut
632 1980 729 2002 orans
754 1974 810 2001 aut
834 1970 917 2002 forte
942 1970 1063 2003 docens
1088 1971 1285 2003 lustraverat
1308 1972 1396 2007 olim,

538 2021 724 2053 Persistunt
747 2021 907 2064 hodieque
932 2023 1034 2054 sacris
1058 2023 1228 2054 notissima
1251 2023 1342 2055 cellis

539 2073 607 2105 Aut
631 2074 735 2105 crucis
761 2074 883 2105 elatum
907 2074 1014 2116 fulget
1037 2075 1224 2106 venerabile
1249 2075 1388 2117 signum.

582 2126 789 2158 Perlustrans
814 2125 924 2158 Hedui
948 2126 1107 2168 posthaec
1132 2126 1270 2158 confinia
1293 2127 1369 2169 pagi

538 2178 673 2210 Mitibus
698 2178 814 2209 officiis
837 2179 954 2210 summi
978 2179 1102 2221 pietate
1126 2179 1247 2210 favoris

536 2229 709 2272 Excipitur
732 2230 840 2261 solito:
864 2230 992 2262 fervent
1015 2230 1170 2262 examina
1193 2230 1293 2272 vulgi,

538 2281 651 2313 Omnis
676 2281 770 2313 adest
794 2285 897 2321 aetas,
921 2292 1021 2314 sexus
1045 2282 1206 2314 concurrit
1229 2285 1376 2324 uterque.

535 2333 605 2365 Nec
630 2337 726 2366 vacat
749 2338 782 2366 et
806 2335 939 2366 nimium
963 2337 1014 2366 est
1036 2334 1144 2376 fragili
1167 2334 1368 2366 committere
1393 2344 1531 2377 pennae.¹

535 2385 683 2422 Quantus
709 2389 779 2418 erat
803 2386 908 2418 sancti
933 2389 1123 2418 cunctorum
1147 2386 1311 2418 mentibus
1335 2386 1441 2421 ardor.

534 2437 667 2470 Affectu
691 2441 824 2480 quanto,
849 2441 971 2480 quanta
994 2439 1116 2480 pietate
1141 2438 1304 2477 colebant,

534 2489 639 2525 Quem
663 2492 781 2521 norant
804 2500 966 2522 summum
989 2500 1136 2522 summae
1159 2489 1291 2522 deitatis
1315 2490 1466 2522 amicum.

1583 1044 1614 1069 Ut
1642 1046 1720 1072 pidem
1754 1057 1835 1073 excen-

1577 1097 1631 1113 temn
1673 1092 1835 1122 praedixerit

1667 1143 1747 1159 suum.

1571 2138 1602 2163 Ut
1619 2139 1651 2163 ab
1665 2139 1763 2166 Hfflluis
1781 2150 1822 2166 επ-

1622 2187 1708 2215 ceptus
1725 2185 1763 2209 eit.

271 2603 376 2628 Scholia
399 2617 427 2620 —
450 2602 497 2628 107
518 2602 656 2636 pensurus]
676 2611 830 2636 repensurus
937 2603 985 2629 116
1004 2605 1122 2636 Imperat..
1141 2601 1284 2636 acceptum]
1304 2603 1373 2628 deest
1393 2601 1462 2636 <‘ut'>

270 2689 320 2714 110
337 2689 432 2714 silentii
455 2689 476 2714 P

580 2688 629 2714 128
648 2698 699 2714 non
717 2693 837 2715 tueamur
856 2689 961 2715 coniecit
978 2689 1104 2714 Boschiws

270 2773 318 2799 124
343 2773 396 2806 (ΥΤ.
423 2775 489 2800 Aen.
511 2773 558 2799 XI
568 2774 600 2800 97
611 2782 648 2807 sq.
755 2775 804 2801 129
828 2775 904 2801 Fert·
927 2774 954 2800 (Ὺ.
975 2774 1023 2800 111
1035 2776 1058 2808 fi,
1071 2775 1103 2801 41
1128 2774 1253 2801 solvatur
1275 2773 1384 2800 sarcina
1408 2782 1498 2801 curae.

163 2826 212 2857 cfr.
232 2825 370 2853 (lon-stam.
388 2826 438 2852 Vir.
459 2826 539 2852 Germ
559 2826 597 2852 ΙΙ
609 2827 629 2853 1.
738 2827 787 2853 144
809 2827 885 2853 Fast.
906 2827 983 2854 1379
1000 2827 1109 2854 fervent
1128 2825 1258 2853 examina
1278 2826 1353 2860 pum¹
1372 2826 1411 2852 De
1430 2826 1508 2853 bove.

1605 2774 1654 2800 140
1676 2773 1814 2807 hodieque
1828 2805 1832 2809 ὁ
