2138 3106
835 129 986 156 MICONIS
1006 130 1182 159 CARMINA.
1773 139 1832 169 367

550 212 645 245 Felix
667 213 754 245 felici
779 215 898 246 renitet
921 216 961 248 de
986 217 1127 258 nomine5
1152 218 1284 260 dicque:

551 264 677 296 Idcirco
701 266 791 298 socia
814 267 933 298 caritas
958 269 1005 300 sic
1030 269 1133 311 fulget
1156 271 1187 301 in
1212 271 1277 309 illo,

550 316 620 348 Nec
645 317 780 348 mixtum
804 319 976 361 quicquam
1001 321 1129 362 placeat
1153 333 1225 354 cum
1248 323 1326 355 felle
1351 327 1472 363 tenere,

486 381 512 399 πο
551 368 616 400 Sed
641 369 704 400 sibi
727 370 893 402 subiectos
918 371 1050 403 studeat
1073 376 1212 406 tractare
1236 375 1387 418 benigne,

550 419 603 451 Ex
626 419 686 452 hoc
709 424 746 452 ut
769 421 877 454 valeat
901 423 1084 455 mercedem
1108 435 1236 458 sumere
1261 426 1393 469 dignam

552 469 590 501 In
614 480 712 512 regno
739 471 861 504 Christi
885 484 923 504 ae
947 483 1077 516 semper
1100 475 1168 507 sine
1192 476 1257 508 fine
1280 482 1466 511 manentem

551 522 694 554 Adiutus
717 523 869 566 precibus
893 525 1026 557 Martini
1049 527 1208 568 praesulis
1232 529 1318 560 almi.

548 573 594 605 Et
617 574 723 606 cordis
746 576 869 617 plectro
893 580 961 608 tum
984 577 1046 609 dic:
1072 578 1181 610 ‘Pater
1204 580 1300 620 alme,
1325 580 1455 613 valeto?

486 638 511 657 πε,
550 625 658 668 Atque
683 627 745 658 cito
769 627 810 658 ad
834 633 978 660 nostrum
1003 632 1109 662 certes
1133 642 1280 664 remeare
1304 633 1465 668 locellum.

551 676 622 712 Quo
644 678 772 719 potiora
796 689 898 721 queas
922 684 997 722 post
1019 681 1081 713 hoc
1105 686 1231 715 certare
1256 685 1385 716 iuvante

548 728 619 764 Illo,
644 729 698 771 qui
721 730 881 762 modicum
905 732 1019 764 tribuit
1041 733 1099 765 tibi
1122 734 1245 776 fingere
1269 746 1375 778 posse.

548 1013 1364 1028 ················

548 1065 1364 1079 ················

549 1116 1364 1131 ················

547 1168 1364 1185 ................

546 1203 657 1241 Miror,
681 1215 739 1237 cur
761 1206 894 1239 minime
917 1209 1113 1250 promissum
1136 1209 1278 1242 reddidit
1300 1211 1381 1253 ipse,

546 1255 642 1292 Quod
665 1257 782 1299 grat(is
806 1258 913 1299 nob)is
937 1260 1060 1292 studuit
1082 1261 1282 1303 promittere.
1328 1261 1413 1298 Quid
1436 1263 1488 1301 sit,

548 1307 583 1339 Si
606 1308 739 1350 ignarus
763 1309 872 1349 fuerit,
896 1311 1028 1344 minime
1052 1312 1113 1345 hoc
1136 1316 1168 1345 te
1192 1313 1244 1345 dic
1267 1323 1396 1356 quoque
1420 1325 1530 1347 nosse.

546 1358 612 1391 Far
636 1360 699 1392 sibi
723 1360 912 1394 distractum
937 1364 1056 1406 poterit
1079 1375 1212 1397 narrare
1237 1365 1380 1398 silenter.

493 1423 504 1441 5
542 1410 618 1443 Rite
642 1422 716 1454 per·
741 1412 791 1445 his
816 1415 913 1446 -aetis
937 1419 1065 1447 tensum
1090 1417 1265 1459 valeatque
1288 1428 1347 1459 per
1369 1427 1495 1457 aevum⁷

546 1462 628 1495 Post
650 1464 736 1496 vitae
760 1465 857 1498 finem
882 1467 1020 1507 caelum,
1043 1468 1105 1506 dic,
1131 1468 1266 1500 scandat
1288 1469 1321 1500 in
1344 1469 1456 1509 altum,

547 1514 620 1551 Quo
644 1526 716 1548 cum
742 1518 910 1550 caeliculis
933 1520 1062 1552 animae
1086 1521 1127 1552 sit
1150 1520 1254 1563 gloria
1277 1531 1405 1563 perpes.

937 1726 1068 1759 CLXX.

0 1779 5 1824 ξ
547 1783 676 1817 Fistula
698 1789 819 1825 nostra,
844 1788 968 1819 referre
991 1791 1090 1830 queat
1112 1788 1199 1831 quid,
1224 1789 1316 1826 scire,
1341 1789 1468 1831 pusilla,

0 1826 1 1830 ¹
547 1835 616 1868 Iam
640 1837 744 1877 vobis⁷
768 1838 910 1878 minime,
934 1842 1028 1882 pater
1050 1839 1211 1876 almivole,
1235 1840 1353 1872 asserit
1374 1841 1469 1872 ultra.

547 1887 648 1920 Nulla
671 1889 721 1920 sui
744 1889 838 1922 vobis
863 1901 942 1923 cura
964 1894 1024 1929 est,
1047 1891 1214 1924 miseratio
1237 1892 1342 1923 nulla:

547 1939 618 1972 Scit
639 1943 778 1981 tantum,
802 1942 1020 1985 quoniamque
1044 1942 1133 1975 videt
1154 1943 1216 1975 hoc
1241 1953 1369 1986 semper
1392 1946 1426 1975 et
1448 1943 1548 1974 audit.

495 2003 506 2021 ε,
544 1990 673 2024 Occinit
688 2011 729 2016 —
746 1993 816 2036 ipsa
839 1993 938 2026 refert
956 2013 996 2017 —
1013 1994 1107 2026 vobis
1130 1995 1224 2037 quasi
1246 1995 1366 2027 bucina
1389 1995 1484 2027 aselli

545 2043 650 2076 Aures
674 2044 716 2076 ad
739 2045 849 2078 stolidi
873 2046 1003 2083 frustra,
1029 2046 1088 2078 sed
1111 2057 1229 2089 meque
1251 2050 1402 2079 mouente

545 2094 720 2135 Plectrum,
744 2097 852 2137 credo,
876 2097 993 2130 dehinc
1017 2097 1146 2130 ardebit
1170 2098 1330 2140 stringere
1354 2098 1495 2140 linguae,

545 2147 594 2179 Ne
617 2149 747 2190 gemina
771 2149 802 2181 in
826 2159 962 2181 vacuum
987 2149 1081 2181 feriat
1103 2149 1276 2192 rogitando
1299 2149 1428 2182 labella.

544 2197 690 2240 Dapsilis
714 2199 746 2230 in
769 2199 861 2231 eaelo
884 2199 978 2232 dator
1001 2203 1052 2232 est
1074 2202 1186 2232 noster
1207 2199 1289 2232 deus
1313 2200 1390 2240 alto,

480 2261 504 2280 ιο
541 2248 605 2286 Qui
629 2251 731 2282 sterili
754 2250 875 2290 thema‚
899 2251 1051 2293 quicquid
1075 2261 1161 2283 nuuc
1184 2252 1355 2287 cernimus,
1379 2251 1457 2283 olim

546 2300 812 2344 Composuitque.
836 2303 896 2341 sui,
921 2303 1015 2344 regit,
1040 2302 1110 2345 ipse
1134 2307 1243 2345 potest
1265 2303 1413 2335 misereri

544 2351 613 2384 Nec
637 2363 701 2385 non
725 2354 896 2386 interulam
921 2354 1008 2393 dare,
1033 2365 1129 2397 quam
1152 2355 1316 2397 quaesivit
1339 2355 1445 2386 inane.

281 2496 314 2522 2?
333 2498 373 2523 hic
390 2499 491 2531 aplieit
508 2499 563 2524 cod.
584 2499 668 2525 10470
686 2501 712 2525 in
724 2503 780 2534 Jine
797 2503 972 2534 quaternionis
991 2502 1040 2526 ΧΙ.

281 2539 415 2574 [CLXIX]
432 2542 520 2575 incipit
543 2543 598 2568 cod.
619 2543 715 2569 10859:
733 2544 879 2570 eoecc‘derunt
897 2553 984 2570 versun
1007 2546 1061 2574 fere
1080 2543 1130 2570 546
1148 2546 1197 2575 cfr.
1215 2553 1296 2577 supra
1311 2553 1339 2577 p.
1358 2543 1409 2569 265
1516 2543 1528 2568 l
1548 2543 1660 2568 fistulam
1677 2544 1826 2576 alloquitur,

178 2591 244 2615 quae
261 2583 300 2609 Ιιίε
316 2585 448 2610 neoterici:
465 2586 568 2611 omnino
581 2595 634 2619 pro
651 2587 769 2613 chartula
786 2591 822 2612 εει
925 2587 942 2613 2
960 2587 1056 2620 *gratis
1074 2587 1100 2612 B

280 2661 315 2687 25
331 2660 381 2693 cfr.
398 2667 421 2687 c.
441 2660 548 2694 CLIII,
561 2661 584 2688 7.

281 2710 421 2746 [CLXIX]
438 2711 456 2738 2
473 2712 525 2745 cfr.
541 2720 563 2739 c.
584 2712 697 2746 XXIV,
713 2714 751 2740 12.

282 2762 407 2799 [chx.]
426 2763 441 2790 '1
457 2763 506 2798 cfr.
523 2772 544 2792 c.
565 2764 683 2798 XXXL
696 2765 719 2792 7.
