2060 3074
0 1099 5 1132 ,ι

0 1137 4 1151 l

0 1182 9 1240 ,ἱ

710 213 757 239 DE
777 213 1004 241 SOBRIE'I'ATE
1023 214 1131 242 LIBER.
1150 215 1186 241 11.
1713 219 1775 249 645

221 298 262 331 V.
285 299 337 331 De
360 299 485 331 malitia
507 300 681 332 mulierum
705 303 738 332 et
762 301 850 343 quod
873 311 915 333 ex
937 302 1106 334 saturitate
1129 301 1231 334 libido
1254 302 1421 334 nutriatur.

205 351 263 382 VI.
290 350 385 386 Quod
408 351 554 383 Christus
586 352 681 384 nobis
702 353 766 393 via,
788 353 907 384 veritas
939 356 972 386 et
993 354 1060 386 vita
1082 354 1186 386 faetus
1209 357 1438 397 temptatorem
1463 365 1619 397 superans
1642 365 1776 397 supera-

287 402 387 434 bilem
410 403 534 435 fecerit.

190 453 266 486 VII.
289 453 341 485 De
365 453 524 486 ebrietate
549 457 582 486 et
605 454 691 497 quod
713 455 851 498 plurima
875 467 918 487 ex
940 467 981 488 ea
1003 457 1264 489 mala'oriantur.

174 505 268 537 VIII.
291 505 344 537 De
366 516 476 548 pugna
499 507 603 538 carnis
626 510 660 538 et
682 507 819 540 animae.

207 556 268 590 IX.
290 557 341 588 Ne
363 558 396 589 in
419 557 562 589 adventu
585 557 704 590 Christi
726 560 824 600 gulae
847 560 1026 591 servientes
1048 561 1258 592 inveniamur.

226 609 269 643 X.
292 609 344 641 De
367 612 520 652 quattuor
539 610 710 642 virtutibus
733 611 972 653 principalibus.

210 661 268 692 XI.
290 661 453 703 Exempla
475 661 659 693 sobrietatis
683 661 724 694 de
748 661 876 694 Christo
901 666 935 694 et
957 664 1114 706 apostolis
1132 665 1227 696 illius.

190 712 267 744 XII.
290 712 404 744 Brevis
427 712 601 755 descriptio
625 716 734 745 textus
758 715 939 756 euangelici
963 719 996 747 et
1019 716 1094 758 quia
1118 716 1263 748 Christus
1287 726 1352 759 pax
1374 719 1484 748 nostra
1507 719 1565 748 est.

172 763 266 796 XIII.
291 763 387 801 Quod
409 765 464 796 lex
487 764 593 796 divina
613 765 761 797 omuibus
776 766 893 798 habilis
916 767 958 798 sit
981 770 1014 798 et
1037 767 1077 799 de
1093 778 1188 810 pane,
1211 768 1299 810 pisce
1324 771 1357 799 et
1380 778 1441 799 ovo
1460 778 1480 799 a
1502 770 1594 810 patre
1615 766 1775 809 petendis.

158 815 267 848 XIIII.
289 816 335 848 Ut
357 817 438 859 lapsi
460 827 520 859 per
541 817 774 859 paenitentiam
798 821 832 849 et
854 818 1090 851 confessionem
1113 829 1283 861 resurgere
1309 819 1443 851 discant.

196 867 269 900 XV.
293 867 344 900 De
367 868 432 900 filio
455 867 603 911 prodigo,
628 869 682 911 qui
705 872 797 911 patre
820 870 933 902 relicto
957 881 1074 912 porcos
1096 871 1195 913 pavit.

174 919 266 951 XVI.
289 918 385 956 Quod
406 930 466 962 per
488 920 720 962 paenitentiam
744 924 911 953 revertens
934 921 1188 954 misericorditer
1209 924 1360 964 receptus
1383 923 1432 954 sit.

163 970 270 1002 XVII.
293 964 344 1003 De
367 971 463 1003 laude
485 970 660 1014 pudicitiae
684 965 718 1004 et
740 972 931 1014 virginitatis
956 976 990 1004 et
1012 973 1053 1005 de
1076 974 1176 1006 verbo
1200 974 1376 1015 incarnatO.

143 1021 269 1054 XVIII.
292 1022 344 1054 De
366 1023 555 1065 inpudicitia
577 1024 752 1056 carnalium
776 1024 990 1056 sacerdotum.

175 1074 268 1106 XIX.
293 1074 343 1106 De
366 1075 479 1107 habitu
502 1075 696 1108 sacerdotali
719 1079 753 1108 et
774 1087 879 1119 pauca
903 1077 944 1109 de
966 1077 1142 1120 hypogrisi.

194 1125 269 1157 XX.
292 1125 343 1157 De
365 1126 462 1158 laudo
486 1130 520 1160 et
541 1127 687 1160 doctrina
708 1128 866 1160 bonorum
890 1129 1105 1161 sacerdotum.

179 1177 272 1209 XXI.
294 1177 516 1210 Lacrimabilis
538 1179 685 1221 planctus
707 1181 847 1212 auctoris
870 1181 964 1213 huius
987 1181 1142 1224 opusculi.

160 1228 270 1262 XXII.
291 1228 474 1262 Luctuosae
497 1241 612 1273 preces
634 1231 780 1264 eiusdem
803 1235 837 1264 et
860 1236 997 1275 quantus
1018 1244 1122 1276 pavor
1144 1234 1196 1265 vel
1220 1243 1304 1276 quae
1327 1232 1445 1264 fiducia
1467 1232 1500 1263 in
1523 1231 1575 1263 die
1599 1231 1720 1263 mortis.

141 1279 269 1312 XXIII.
291 1279 411 1313 Finalis
433 1282 604 1323 invocatio,
627 1286 663 1315 ut
685 1284 746 1316 sibi
767 1284 800 1316 in
822 1284 940 1316 iudicio
963 1285 1144 1317 severitatis
1169 1285 1280 1316 obviet
1301 1284 1465 1317 miseratio
1489 1283 1628 1325 pietatis.

123 1331 266 1364 XXIIII.
290 1331 446 1375 Epilogus
468 1335 566 1366 totius
589 1336 735 1378 opusculi
758 1346 829 1368 cum
853 1337 1030 1378 signaculo.

449 1402 613 1436 FINITIS
637 1404 814 1437 TITULIS
837 1405 1012 1437 URAMA
1034 1404 1158 1437 MUSA
1180 1404 1348 1437 BOABIT

290 1452 404 1485 EOOE
427 1453 659 1488 SECUNDUS
682 1455 761 1489 HIC
783 1456 866 1489 EST
887 1456 948 1488 DE
972 1456 1254 1489 SOBROETATE
1276 1454 1505 1488 LIBELLUS.

531 1567 558 1600 Ι.
581 1567 749 1600 Hactenus
771 1569 920 1612 antiquos
943 1568 1098 1611 descripsi
1120 1569 1261 1600 carmine
1285 1571 1409 1611 patres,-

488 1619 582 1652 Nunc
605 1621 812 1663 euangelicas
835 1624 884 1653 est
907 1631 966 1663 par
989 1623 1155 1663 temptare'
1175 1619 1346 1652 Camenas.

488 1671 652 1704 Virtutum
675 1673 819 1715 inprimis
841 1673 952 1705 titulos
975 1673 1008 1704 in
1030 1673 1177 1704 versibus
1198 1673 1278 1710 istis,

489 1723 591 1766 Virgo
614 1723 728 1765 Maria,
751 1727 823 1756 tuos
846 1735 910 1768 qua
932 1735 1064 1767 possum
1086 1723 1184 1756 laude
1206 1724 1325 1756 beabo.

431 1787 444 1806 ε
487 1775 663 1808 Altithroni
685 1776 836 1819 genitrix,
860 1777 930 1808 laus
953 1775 1074 1815 mundi,
1099 1776 1203 1818 gloria
1225 1776 1318 1816 caeli,

488 1827 555 1860 Per
576 1831 609 1860 te
632 1827 749 1860 diffusa
771 1832 822 1861 est
844 1829 878 1861 in
901 1832 1005 1860 totum
1028 1829 1134 1871 gratia
1156 1827 1324 1860 mundum:

490 1876 577 1911 Fons
599 1880 744 1922 signatus
765 1891 880 1923 aquae,
904 1880 1076 1923 purissima
1100 1890 1184 1911 vena
1207 1879 1329 1919 salutis,

489 1930 613 1963 Hortus
636 1932 803 1964 conclusus
826 1943 889 1975 quo
913 1932 984 1964 fons
1006 1931 1165 1974 processit
1186 1931 1351 1971 honestus,
1385 1954 1388 1958 .

489 1982 634 2015 Gaedrus
658 1994 826 2027 cypressus
848 1985 997 2027 platanus
1019 1994 1086 2015 nux
1108 1986 1230 2025 myrtus
1255 1983 1350 2022 oliva,

424 2047 448 2066 ιο
490 2034 600 2077 Myrra
622 2038 734 2067 storax
757 2036 900 2067 calamus
923 2036 996 2067 thus
1018 2035 1165 2067 balsama
1187 2035 1290 2066 cassia
1311 2033 1440 2074 nardus,

492 2086 586 2130 Onyx
609 2087 767 2119 cristallus
789 2088 915 2130 prasius
937 2088 1070 2119 berillus
1093 2087 1202 2129 iaspis,

491 2138 592 2171 Ianua
614 2140 733 2179 clausa,
757 2140 870 2172 domus
892 2151 956 2182 qua
979 2140 1066 2171 solus
1088 2138 1235 2170 conditor
1257 2138 1335 2177 exit,

491 2190 541 2222 Tu
563 2194 674 2233 portas
696 2191 838 2234 paradisi
861 2191 978 2234 aperis,
1002 2201 1081 2233 quas
1104 2190 1264 2222 clauserat
1286 2188 1366 2228 Eva,

491 2242 692 2275 Loetiferum
715 2243 816 2275 vetita
839 2243 915 2275 dum
939 2243 1042 2285 carpit
1064 2242 1105 2274 ab
1129 2241 1243 2273 arbore
1267 2241 1402 2277 malum;

426 2307 451 2326 ιε
494 2293 561 2326 Sed
584 2295 685 2326 crucis
707 2295 739 2326 in
762 2295 860 2327 ramis
882 2305 979 2338 pomo
1003 2293 1168 2336 pendente
1191 2292 1313 2324 salubri

492 2346 667 2389 Progenito
691 2347 732 2380 de
755 2358 851 2380 earne
874 2351 939 2388 tua,
962 2351 996 2379 tu
1018 2346 1199 2390 planctibus
1221 2346 1351 2385 instans,

228 2515 288 2543 pont
300 2511 330 2536 V.
348 2511 416 2537 anati
438 2517 462 2537 ec
485 2513 537 2538 duo
560 2521 648 2538 vernas
671 2513 750 2538 niualis
771 2513 906 2545 πώεα-ἐμῆ
920 2512 991 2545 folio
1009 2519 1062 2536 uno
1079 2511 1162 2536 exciso
1180 2510 1317 2542 perierunt
1335 2509 1356 2534 L
1443 2509 1488 2534 lx.
1512 2510 1551 2534 De
1574 2510 1599 2534 in
1622 2510 1738 2535 aduentu
1751 2510 1775 2535 A

130 2554 175 2580 11.
193 2554 264 2580 illiu-
281 2563 362 2580 Μαι
379 2555 483 2588 aequali
499 2556 562 2582 add.
576 2556 600 2581 A
671 2557 741 2582 XIX.
760 2555 902 2589 hypogrisil
914 2555 938 2580 A
1007 2553 1018 2586 H
1035 2553 1051 2579 9
1070 2555 1162 2579 mirtus
1176 2553 1199 2577 A
1275 2551 1308 2578 13
1327 2552 1449 2586 paradysi
1467 2550 1502 2584 (et
1519 2552 1555 2577 sic
1573 2551 1682 2585 semper)
1696 2552 1719 2578 L

234 2638 260 2666 7.
271 2639 289 2666 8
307 2638 437 2666 Aureolos.
455 2639 488 2666 de
507 2639 601 2667 Maria
620 2641 710 2668 Laud.
730 2641 794 2675 virg.
809 2640 875 2667 1737
894 2640 990 2666 hortus
1009 2638 1154 2665 conclusus
1173 2637 1263 2670 (Cant.
1282 2637 1307 2667 4.
1322 2637 1365 2670 12)
1384 2636 1495 2663 florenti
1513 2636 1616 2663 vertice
1635 2645 1753 2663 vernaus
1768 2635 1772 2670 Ι

131 2689 194 2716 fons
211 2698 323 2724 quoque
340 2690 469 2725 signatus
487 2690 579 2723 (Cant.
597 2691 673 2726 ibid.)
691 2692 805 2719 caelesti
823 2691 937 2727 gurgite
960 2691 1068 2726 pollens
1083 2690 1088 2724 1
1103 2698 1155 2716 nec
1173 2697 1229 2716 uon
1248 2690 1277 2715 et
1295 2690 1388 2715 turtur
1409 2688 1553 2719 tremulus,
1573 2687 1617 2715 cui
1637 2687 1777 2722 praescius

131 2739 194 2768 infit
208 2740 214 2776 Ι
227 2741 346 2776 angelus
365 2745 407 2769 'en
426 2742 548 2770 sobolem
566 2743 725 2778 generabis,
748 2742 840 2778 virgo,
866 2742 1034 2777 perennem'.
1127 2741 1144 2766 9
1167 2739 1263 2766 cedrus
1287 2739 1378 2766 Salzer
1396 2738 1549 2766 Sirmbssder
1565 2738 1624 2765 wnd
1643 2739 1777 2766 Beiworte

131 2791 257 2820 uer-im
274 2792 348 2820 Lim
366 2794 432 2821 1893
445 2802 509 2828 pay.
522 2795 586 2827 151;
605 2803 750 2829 cypressus
767 2793 832 2822 ibid.
847 2795 910 2825 153;
928 2793 1059 2828 platanus
1077 2791 1139 2818 ibid.
1153 2791 1211 2818 140.
1300 2791 1333 2817 10
1352 2791 1408 2824 Cfr.
1429 2790 1521 2818 Βαῖτιν
1539 2791 1556 2817 1.
1569 2798 1589 2817 c.
1604 2798 1667 2824 paq.
1682 2790 1731 2816 157
1750 2792 1775 2816 et

128 2844 238 2878 paudus.
327 2846 355 2871 11
379 2845 435 2878 Gsr.
454 2845 545 2873 Sabor
558 2854 622 2880 paq.
637 2847 695 2873 199.
785 2847 817 2873 12
834 2846 927 2872 Βαῖτιν
942 2853 1004 2879 paq.
1017 2845 1059 2871 28.
1149 2843 1182 2870 13
1202 2842 1292 2869 Salm-
1305 2850 1367 2876 Μ.
1380 2842 1422 2869 29.

235 2896 339 2924 Pon-n
357 2906 441 2925 urm
458 2906 517 2925 nvi
535 2898 659 2925 Cuomm
679 2897 727 2931 111,
740 2897 765 2924 2.
1539 2893 1574 2920 82
