2060 3074
678 132 789 159 VITAE
808 133 834 160 S.
854 132 1021 160 GERMANI
1041 133 1318 161 COMMENDATIO.
1726 151 1728 154 >
1759 138 1817 167 431

182 217 341 249 industria
367 218 569 258 formaverit,
600 218 707 250 audax
736 219 902 251 temeritas
933 220 1181 262 pessumdabit?
1225 220 1408 262 Numquam
1443 222 1502 252 tiro
1531 222 1685 253 victoriae
1710 232 1823 253 monu-

181 273 292 300 menta
308 280 421 311 parma
444 269 575 312 depicta
597 270 750 312 gestabit,
775 271 802 302 si
818 281 901 302 eum
923 271 1020 303 docta
1042 273 1189 304 veterani
1206 273 1356 314 exempla
1379 284 1443 304 non
1462 274 1684 305 instruxerint.
1718 273 1822 304 Num-

182 330 278 362 quam
302 321 400 352 etiam
430 321 516 353 aeris
539 322 601 353 sibi
625 332 814 353 concessum
838 323 984 364 patulum
1008 324 1070 355 iter
1099 324 1168 356 ales
1193 327 1282 355 tutus
1311 325 1488 363 resecabit,
1519 326 1571 356 cui
1601 325 1734 367 praevia
1757 325 1824 356 dux

184 372 344 414 penniger
368 376 473 404 mater
495 383 559 404 non
583 374 689 404 fuerit.
726 373 851 406 Iacebit
867 375 1015 416 profecto
1036 376 1191 407 fluctuum
1216 376 1349 408 elisione
1374 380 1550 415 truncatus,
1575 378 1719 419 quisquis
1744 388 1822 409 suae

184 424 392 465 procacitatis
428 425 506 456 fisus
543 428 784 457 auctoramento
820 425 992 458 indocilem
1030 427 1108 458 ratis
1136 427 1303 458 dexteram
1331 429 1450 470 ingerit
1481 429 1582 460 clavo.
1636 428 1689 460 Sie-
1723 439 1822 459 unus-

181 475 345 517 quis(que)
376 476 407 507 in
438 476 602 508 diversum
637 477 818 519 imperitiae
853 477 948 509 hamo
984 478 1192 514 inscinditur,
1230 480 1256 510 si
1292 479 1460 512 doctorum
1495 480 1660 512 favoribus
1692 481 1823 511 minime

181 526 363 559 adiuvetur.
402 527 501 569 Ergo,
525 529 716 560 beatissime
733 529 792 566 vir,
817 539 948 571 quaeso,
972 533 1007 561 ut
1031 530 1087 561 illa
1101 530 1198 561 michi
1215 532 1343 562 eulmen
1368 532 1468 573 apicis
1493 532 1538 563 tui
1562 532 1716 574 imponat,
1740 542 1823 574 quac

181 578 278 610 facile
302 589 354 611 me
378 590 474 622 posse
498 580 651 623 perficere
675 591 738 612 non
762 580 898 612 dubitat.
945 581 978 612 Si
1008 586 1117 613 tamen
1149 586 1182 613 et
1210 583 1241 613 in
1271 583 1330 614 hoc
1359 594 1472 625 opere,
1504 583 1655 625 quicquid
1679 583 1822 625 inlepide

135 635 139 637 ’
181 630 544 663 autrinfacetc‘rustica
567 633 739 673 garrulitas
755 632 939 674 digesserit,
964 634 1202 675 aequanimiter
1221 635 1315 673 feras,
1339 636 1510 677 aggrediar
1533 639 1567 666 et
1589 635 1715 671 faciam,
1739 645 1822 676 quae

130 693 156 712 10

130 953 154 973 15

127 1469 154 1489 25

182 684 318 724 paterna
342 682 480 724 imperat
503 694 541 714 ac
566 683 658 715 iubet
680 684 867 715 auctoritas.
914 684 997 716 Vale
1029 685 1160 727 longum
1190 686 1221 717 in
1250 689 1398 728 tempus,
1428 686 1555 718 domine
1580 696 1707 728 semper
1730 696 1822 717 meus

181 737 214 765 et
237 734 416 775 apostolice
441 737 555 777 papa.“

282 785 344 816 His
376 786 514 818 sollicita
543 787 682 818 lectione
715 787 860 819 decursis
895 787 1090 830 tandemque
1124 789 1228 819 relatu
1264 789 1486 820 assistentium
1520 789 1704 820 huiusmodi
1741 799 1822 831 opus

180 847 281 880 penes
298 848 356 869 nos
372 849 536 881 nunquam
561 843 594 871 et
617 850 775 881 nusquam
792 840 941 882 paruisse
959 841 1175 882 comperiens,
1199 841 1302 872 multa
1319 842 1522 873 animositate
1539 844 1714 883 correptus,
1738 840 1823 882 quod

182 891 309 921 tantum
333 900 413 932 opus
437 890 557 922 frustra
580 891 745 923 hominum
770 892 908 923 notitiae
932 892 1122 934 deperisset,
1147 903 1205 934 per
1229 892 1299 924 dies
1316 893 1440 935 aliquot
1457 894 1592 925 internis
1609 892 1708 924 animi
1723 903 1821 934 ango-

181 939 269 972 ribus
287 941 490 984 carpebatur.
525 942 736 984 Tandemque
752 953 815 981 me,
839 943 892 985 qui
911 947 978 974 tum
995 954 1110 975 recens
1129 943 1224 974 scolis
1247 955 1455 979 emerseram,
1478 948 1655 976 convocato
1679 944 1822 975 dolorem

179 993 282 1035 aperit
307 993 513 1029 intestinum
537 997 636 1036 utque
661 994 703 1031 ei,
727 994 754 1025 si
779 1005 842 1036 qua
867 1005 1007 1037 possem,
1032 995 1159 1027 ratione
1183 995 1341 1028 mederer.
1367 996 1581 1038 importunius
1605 998 1821 1028 contestatur:

181 1044 306 1076 scilicet
329 1049 374 1084 ut,
400 1045 484 1088 quod
509 1046 710 1078 elaboratum
735 1046 897 1088 quondam
921 1047 953 1078 in
978 1047 1134 1089 praefatis
1160 1047 1306 1089 epistolis
1332 1048 1469 1089 legerat,
1494 1049 1644 1079 iterarem
1668 1051 1822 1088 actusque

179 1095 333 1128 Germani
361 1098 692 1139 praecellentissimos
721 1109 739 1129 a
768 1109 863 1140 prosa
892 1099 923 1130 in
961 1102 1100 1130 metrum
1136 1098 1306 1130 desideriis
1337 1099 1423 1130 illius
1459 1100 1683 1131 satisfacturus
1717 1102 1822 1130 trans-

180 1147 360 1180 funderem.
402 1148 529 1191 Expavi
553 1149 686 1190 (fateor)
709 1150 875 1192 negotium
901 1154 933 1181 ct
957 1161 1056 1192 supra
1080 1150 1164 1182 vires
1189 1161 1263 1182 esse
1288 1154 1457 1193 reputans,
1482 1151 1565 1192 quod
1588 1150 1822 1193 imponebatur.

181 1199 286 1242 quoad
310 1201 416 1243 potui,
445 1201 528 1232 colla
553 1201 703 1232 subduxi.
749 1201 887 1234 Obiectu
917 1202 1048 1234 tandem
1075 1203 1235 1244 regularis
1260 1203 1391 1245 capituli
1418 1202 1580 1241 addictus,
1615 1202 1700 1244 quod
1724 1202 1821 1234 etiam

181 1252 395 1294 impossibilia
419 1257 595 1295 praecepta
619 1253 747 1285 abbatis
771 1255 903 1286 minime
928 1254 1117 1296 refugienda
1147 1254 1355 1296 praescribit,
1385 1255 1512 1296 suscepi
1540 1254 1669 1296 quidem
1694 1253 1743 1295 (ut
1765 1264 1823 1295 par

181 1303 264 1346 erat)
288 1304 431 1336 iubentis
448 1305 630 1348 imperium,
654 1316 838 1348 quanquam
863 1306 952 1337 nulla
969 1307 1085 1338 virium
1105 1306 1314 1342 conscientia,
1340 1317 1462 1340 verum.
1486 1310 1522 1337 ut
1546 1306 1703 1337 institutio
1727 1316 1822 1347 prae-

180 1359 292 1388 monet
307 1357 476 1398 regularis,
500 1356 540 1388 de
565 1357 702 1389 caritate
727 1357 892 1389 confidens
917 1362 949 1389 et
965 1357 1005 1389 de
1023 1357 1182 1389 adiutorio
1199 1357 1251 1389 dei
1275 1357 1462 1390 oboediens.
1497 1357 1562 1389 Vix
1577 1358 1697 1399 primas
1715 1357 1822 1399 operis

179 1411 289 1451 partes
311 1409 499 1450 attigeram:
524 1413 559 1440 ut
582 1409 662 1451 (heu
687 1409 805 1441 misera
822 1409 985 1441 humanae
1003 1409 1150 1441 condicio
1175 1409 1285 1450 sortis)
1309 1408 1409 1440 abbas
1434 1409 1486 1440 ille
1504 1401 1613 1448 meus,
1637 1408 1822 1452 propediem

180 1459 307 1491 futurus
337 1459 369 1491 in
399 1459 476 1492 orbe
505 1463 663 1492 terrarum
692 1461 869 1497 mirabilis,
906 1465 1037 1492 teneros
1073 1460 1236 1492 excedens
1271 1464 1360 1492 artus
1395 1461 1624 1503 intempestiva
1656 1460 1821 1491 saeculum

181 1514 284 1543 morte
302 1510 455 1543 deseruit.
493 1511 557 1544 Hic
575 1523 670 1544 casus
687 1515 751 1544 tam
776 1512 932 1555 lugubriS,
957 1516 1023 1544 tam
1047 1512 1184 1544 acerbus
1208 1513 1315 1544 omnia
1338 1513 1435 1544 michi
1459 1512 1575 1550 studia,
1599 1523 1711 1544 omnes
1729 1522 1821 1543 curas

179 1567 384 1602 excusserat,
416 1564 477 1595 nisi
506 1564 684 1606 probabilis
714 1564 770 1596 illa
802 1564 967 1596 sententia
990 1564 1098 1596 animo
1131 1564 1338 1596 subvenisset
1365 1564 1517 1596 ‘dolorem
1542 1568 1686 1606 tempore
1710 1564 1821 1601 minui,

180 1614 330 1657 quodque
354 1614 548 1647 diuturnitas
573 1615 711 1647 allatura
734 1619 837 1652 esset,
861 1626 944 1657 quae
968 1616 1259 1647 maximos'luctus
1282 1619 1446 1648 vetustate
1470 1616 1567 1653 tollit,
1591 1616 1622 1647 id
1647 1626 1705 1647 nos
1729 1618 1820 1646 antc-

180 1664 265 1699 ferre
282 1667 418 1699 consilio
434 1667 668 1710 prudentiaque
687 1667 829 1700 debere.'
860 1667 932 1699 Hac
950 1667 1146 1709 cogitatione
1163 1667 1304 1699 animum
1322 1667 1443 1710 impuli,
1467 1671 1502 1699 ut
1518 1668 1590 1699 vivo
1606 1668 1821 1709 morigeratus

179 1718 318 1757 fueram,
342 1719 440 1750 etiam
464 1723 590 1751 mortuo
612 1719 747 1762 obsequi
770 1719 867 1762 inque
891 1719 1036 1751 defuncti
1060 1719 1197 1761 gratiam
1229 1723 1345 1762 coepto
1373 1720 1461 1761 operi
1489 1718 1722 1761 perfecti(onis)
1748 1730 1820 1760 pcr-

180 1770 331 1803 tinaciam
363 1770 546 1803 admovere.
598 1771 720 1805 Institi.
747 1774 783 1802 ut
809 1771 913 1813 potui:
942 1775 975 1803 et
1003 1781 1067 1802 non
1099 1771 1199 1802 invita
1230 1770 1378 1802 Minerva
1408 1771 1565 1802 voluntati
1594 1771 1697 1802 bonae
1729 1771 1820 1801 laxas

179 1822 371 1864 permittens
387 1822 532 1854 habenas
554 1826 729 1866 conceptos
753 1822 912 1854 interdum
932 1823 1038 1854 luctus
1056 1822 1223 1854 Musarum
1240 1822 1379 1854 colludio
1397 1828 1550 1864 tanquam
1566 1823 1632 1855 noti
1654 1821 1819 1853 cuiusdam

180 1873 400 1906 medicaminis
425 1878 494 1906 arte
518 1874 677 1906 levabam.

283 1925 474 1958 Confectum
499 1937 577 1958 sane
602 1937 683 1969 opus
706 1926 738 1958 in
762 1926 925 1969 publicum
950 1926 1047 1958 edere
1072 1925 1283 1968 displicebat,
1314 1925 1417 1968 quod,
1446 1926 1497 1956 cui
1521 1925 1599 1956 illud
1623 1925 1819 1957 destinarem

181 1978 376 2021 specialiter,
399 1989 462 2010 non
479 1979 558 2010 satis
575 1979 680 2010 animo
698 1978 966 2010 deliberaveram.
1004 1977 1069 2009 Diu
1087 1978 1248 2009 cunctanti
1265 1988 1331 2016 VOS,
1357 1977 1482 2009 Caesar
1497 1977 1819 2020 praecellentissime,

180 2040 239 2061 vos
273 2030 403 2072 inquam
439 2030 612 2062 intestatae
638 2030 744 2073 ,prolis
782 2030 878 2062 heres
917 2030 1084 2072 proximus
1117 2029 1319 2061 occurristis:
1356 2029 1425 2061 eius
1461 2029 1545 2060 bona
1581 2029 1621 2060 ad
1658 2039 1714 2060 vos
1746 2029 1819 2070 lege

182 2081 355 2114 redierunt.
400 2082 462 2114 His
493 2082 600 2114 animo
631 2081 798 2114 subductis
827 2092 942 2113 ausum
970 2082 1064 2124 coepi
1095 2081 1156 2114 hoc
1180 2081 1362 2112 litterarum
1386 2080 1427 2112 ad
1450 2084 1591 2112 vestram
1616 2082 1820 2112 maiestatem

181 2134 404 2176 praemittere,
435 2145 518 2176 quae
546 2125 714 2176 sequentis
747 2134 854 2176 operis
882 2133 1112 2165 continentiam
1136 2135 1340 2175 praestructo
1364 2132 1498 2164 rationis
1522 2131 1633 2164 ordine
1656 2142 1819 2164 commen-

183 2184 308 2218 darent.
352 2185 449 2218 Habe
473 2186 572 2228 igitur
594 2189 669 2228 post
691 2185 789 2217 funus
812 2184 1014 2217 dilectissimi
1039 2185 1096 2216 filii
1118 2183 1352 2216 hereditarium
1376 2184 1507 2226 pignus,
1535 2194 1598 2226 quo
1622 2187 1654 2215 ct
1676 2183 1820 2215 defuncti

183 2237 371 2270 memoriam
395 2238 539 2270 suaviter
561 2237 716 2270 refricare
740 2240 773 2269 et
797 2237 922 2278 integre
945 2236 1050 2268 fidelis
1075 2235 1188 2267 famuli
1205 2235 1412 2267 devotionem
1429 2234 1597 2267 advertere
1615 2235 1742 2271 valeas;
1766 2235 1820 2276 qui

182 2291 214 2320 te
237 2289 327 2320 nullo
352 2289 446 2320 modo
470 2300 584 2332 passus
607 2299 678 2321 sum
695 2286 840 2321 'extremi
864 2289 979 2320 saltem
1004 2288 1146 2320 muneris
1170 2287 1311 2319 utilitate
1335 2287 1487 2319 fraudari.

284 2340 418 2372 confeci
435 2345 608 2383 praeterea
631 2352 673 2373 ex
690 2341 854 2372 miraculis
870 2339 1172 2382 praecellentissimi
1189 2339 1345 2370 Germani
1361 2339 1553 2380 opusculum
1570 2338 1658 2370 aliud
1683 2338 1820 2380 geminis

185 2390 370 2424 distinctum
395 2392 502 2425 libris:
533 2392 566 2424 in
598 2403 662 2435 quo
689 2393 765 2435 quia
796 2393 893 2424 vestri
925 2395 993 2424 tum
1021 2391 1160 2423 nominis
1190 2394 1258 2422 tum
1289 2390 1445 2432 temporis
1476 2390 1596 2422 mentio
1619 2390 1820 2432 frequentius

285 2548 297 2574 l
324 2553 380 2581 tyro
402 2549 428 2574 P
442 2549 481 2580 (5)
583 2548 600 2574 2
625 2557 713 2582 parma
735 2548 802 2581 quod
825 2552 863 2573 est
886 2548 953 2581 picta
977 2547 1055 2572 Gesta
1107 2546 1215 2579 exempli
1238 2554 1330 2571 manus
1355 2554 1380 2570 n.
1404 2545 1526 2571 instruxit
1549 2546 1627 2570 Gesta
1729 2544 1746 2570 3
1771 2545 1820 2570 sibi

182 2600 330 2618 eoueoemm
343 2601 390 2617 om.
404 2591 513 2617 Baucis.-
530 2593 668 2624 «cripuerat
682 2591 826 2623 sephama
838 2591 886 2616 sibi
899 2599 1050 2616 concessum
1063 2590 1110 2615 iter
1122 2589 1176 2614 ales
1189 2593 1261 2614 tutus
1275 2587 1367 2621 (tutius
1382 2587 1468 2619 Gesta)
1487 2588 1610 2614 reserabit
1679 2587 1695 2613 4
1715 2589 1821 2621 pennier

182 2643 249 2660 corr.
267 2634 293 2660 1²
391 2634 408 2659 6
426 2643 495 2660 uuus
512 2635 570 2668 quis
588 2635 613 2660 P
714 2634 731 2660 9
749 2639 778 2659 ut
795 2635 887 2659 faciam
906 2634 931 2658 P
1031 2631 1065 2658 24
1083 2637 1109 2658 et
1127 2633 1177 2658 heu
1195 2632 1286 2657 Bosch.
1391 2631 1425 2657 30
1443 2632 1650 2664 perfectinaciam
1669 2630 1694 2656 P

285 2727 319 2754 27
345 2727 434 2754 Cicero
455 2734 492 2761 op.
519 2726 563 2754 ad.
587 2726 651 2759 fam.
670 2726 762 2760 Vim
785 2734 850 2753 nam
872 2726 947 2760 quod
971 2725 1092 2752 allatura
1115 2727 1157 2752 est
1181 2725 1243 2759 ipsa
1264 2723 1450 2757 diuturnitas,
1479 2732 1551 2757 quae
1573 2723 1707 2751 maximos
1731 2724 1821 2752 luctus

184 2779 323 2806 vetustate
341 2778 425 2812 tollit,
445 2778 472 2805 id
491 2787 541 2806 nos
560 2778 720 2814 praecipere
739 2777 855 2806 consilio
874 2777 1077 2822 prudentiaque
1095 2777 1232 2804 debemus.
1337 2776 1371 2802 42
1397 2775 1439 2802 De
1459 2775 1602 2802 Miraculis
1619 2783 1702 2808 supra
1715 2783 1744 2809 p.
1762 2776 1821 2803 423.
