2040 2996
295 148 313 176 4
782 141 870 167 VITA
890 140 1000 166 BEATI
1021 139 1242 166 LEUDEGARII
1263 137 1461 164 MARTYRIS.

290 233 441 269 poemata
456 230 476 260 ¹.
525 229 612 268 Quae
626 239 819 268 quamquam
833 238 895 267 per
914 238 946 258 se
961 237 1100 266 quaeque
1115 226 1259 256 iudicata
1268 235 1388 265 parum
1406 224 1482 263 fidei
1495 234 1576 263 prae
1595 234 1627 254 se
1641 223 1724 263 ferre
1737 234 1801 255 non
1815 225 1945 264 infitior,

293 292 363 312 eum
378 282 441 311 iam
455 281 534 311 inter
546 290 579 311 se
594 281 756 319 aptissime
771 282 800 310 et
810 278 1039 318 simplicissime
1052 277 1246 314 cohaereant,
1262 286 1326 307 non
1341 276 1456 313 dubito,
1469 275 1548 315 quin
1553 275 1646 315 prior
1658 274 1769 306 Pitrae
1779 276 1944 314 sententia,

292 343 388 372 quam
406 333 471 371 ipsc
483 334 596 372 postea
610 332 733 371 sprevit,
757 331 956 362 corroborata
977 330 1020 360 sit
1042 332 1071 360 et
1086 328 1279 369 accipienda.
1314 327 1349 358 F
1349 327 1445 358 loruit
1459 327 1517 366 qui
1534 327 1632 358 vitam
1653 327 1816 366 conposuit
1829 327 1946 359 summi

296 385 447 424 martyris
462 383 605 414 Pietatis
627 383 750 422 sepulti,
773 381 946 421 exemplum
967 383 1093 412 secutus
1115 379 1260 411 monaehi
1283 379 1451 410 cuiusdam
1465 378 1600 416 Pictavi,
1623 378 1679 417 qui
1686 381 1816 418 praeter
1829 389 1944 411 morem

291 435 329 466 (le
350 446 408 466 sno
431 435 614 466 narrationi
635 435 772 465 inseruit
793 436 823 464 et
838 433 1014 473 praeconia
1028 432 1059 464 S.
1076 431 1188 463 Hilari
1210 431 1345 470 episcopi
1361 430 1487 462 Pictavi
1509 431 1538 460 et
1552 429 1797 469 descriptionem,
1820 430 1944 470 qualem

291 490 381 517 testes
406 487 554 517 adhibent
576 485 704 523 oculati,
728 484 874 516 basilicae
897 484 927 516 S.
944 483 1094 515 Maxenti
1117 483 1277 520 Pictavae,
1300 483 1357 522 qui
1379 482 1416 513 de
1438 481 1588 512 Ermoldo
1618 481 1668 512 hic
1691 481 1756 512 illic
1780 484 1945 514 mutuatus

292 541 336 569 est
360 538 469 569 elerico
493 538 666 577 Aquitano,
691 537 802 575 floruit
824 537 956 576 inquam
977 538 1007 567 et
1036 535 1102 574 ipse
1124 535 1160 565 in
1190 534 1348 566 territorio
1371 533 1511 564 Pictavo.
1563 532 1633 570 Ubi,
1656 535 1701 564 ut.
1715 533 1759 564 ad
1779 533 1944 566 emordium

291 592 494 626 revertamur,
515 591 586 628 post
608 599 731 620 annum
753 589 826 626 826,
849 598 910 627 quo
933 587 1106 619 Ermoldus
1128 587 1253 618 threnos
1275 587 1362 618 misit
1384 585 1575 617 Hludowieo
1598 585 1790 625 imperatori,
1819 588 1849 617 et
1870 589 1944 617 ante

290 642 363 679 857,
387 641 424 673 cle
446 651 506 680 quo
530 650 630 680 supra
653 643 697 671 est
720 640 904 679 expositum,
929 649 1055 670 carmen
1077 649 1205 669 sacrum
1227 638 1376 669 condidit.
1416 637 1558 676 Suscepti
1573 639 1678 668 autem
1701 636 1818 668 laboris
1840 638 1943 669 taedio

291 693 391 723 vietus
404 692 416 710 ²
438 695 496 723 aut
518 691 632 723 Ursino
656 692 781 722 auctori
802 691 899 722 nimis
921 687 1068 721 addictus
1091 690 1253 729 obmutuit,
1271 692 1441 729 postquam
1463 699 1547 731 quae·
1567 689 1721 720 commode
1735 689 1779 720 ad
1801 689 1943 729 ezpilaw

290 744 366 774 dum
389 746 480 774 crant
495 746 619 783 parata
636 743 769 782 penitus
791 743 946 774 eoehausit.

402 795 529 826 Traditi
549 798 626 826 sunt
643 794 737 826 libelli
753 795 789 826 in
804 795 868 838 cod.
886 794 1086 835 Sanqallensi
1101 795 1164 825 573
1179 804 1201 825 a
1209 804 1244 833 p.
1261 794 1325 823 408
1347 792 1391 823 ad
1404 793 1469 823 466
1481 791 1553 833 (G),
1581 792 1618 823 de
1633 803 1693 832 quo
1709 793 1778 824 vide
1792 792 1942 824 Duemm-

291 845 390 877 lerum
405 846 447 877 N.
463 847 505 877 A.
520 846 582 884 IV,
605 848 670 878 277
685 849 714 877 et
729 847 791 876 109
814 849 843 877 et
866 847 901 877 in
923 849 994 878 tom.
1017 846 1116 877 huius
1139 845 1278 885 corporis
1292 844 1337 875 II
1340 855 1375 883 p.
1391 845 1465 875 264..
1507 844 1646 884 Quorum
1669 855 1740 875 cum
1762 845 1943 877 memoriam

289 898 536 929 resuscitavisset
559 898 694 929 Mabilio
723 898 824 938 (anal.
855 900 910 930 vet.
934 898 996 936 IV,
1019 899 1081 928 639
1105 914 1144 924 =
1168 899 1224 928 vet.
1249 895 1335 928 anal.
1358 906 1425 927 nov.
1449 896 1523 936 20),
1547 895 1693 926 Domnus
1714 895 1832 927 Pitra³
1860 897 1944 928 duas

289 949 439 980 editiones
461 950 497 980 in
518 949 624 989 volqus
646 950 757 988 emisit,
783 951 867 980 1846
888 950 924 980 in
946 949 1075 980 histoire
1099 949 1136 980 de
1153 949 1241 979 saint
1256 948 1354 988 Leqer
1367 949 1431 978 464
1446 957 1509 987 sqq.
1534 947 1594 987 (P)
1617 947 1747 979 et1852
1767 948 1804 979 in
1819 947 1943 988 Miqnei

282 1001 400 1040 patrol.
424 1001 479 1032 vol.
501 1001 623 1039 CXIV,
649 1004 731 1032 1131
747 1011 810 1041 sqq.
834 1001 929 1042 (P2);
951 1002 999 1032 ita
1021 1004 1126 1032 tamen
1148 1000 1347 1040 neqleqenter,
1370 1002 1407 1030 ut
1422 1001 1594 1038 postquam
1616 998 1711 1029 codex
1732 999 1847 1031 iterum
1869 1010 1942 1031 eon-

289 1052 374 1084 latns
397 1055 442 1083 est
464 1063 485 1083 a
507 1053 716 1091 Duemmlero,
742 1053 839 1084 multo
861 1064 947 1084 nunc
969 1053 1161 1084 emendatior
1177 1052 1312 1092 prodeat
1334 1051 1409 1082 vita.

246 1201 248 1203 ‚
292 1163 333 1196 II,
352 1167 384 1190 62
398 1172 434 1197 sq.
452 1164 637 1197 frequentatur
654 1173 672 1190 a
691 1165 833 1190 Karolinis
844 1172 863 1190 e.
874 1173 899 1198 q.
912 1173 930 1190 a
951 1164 1092 1196 Theudulsl
1106 1164 1146 1197 II,
1160 1167 1192 1190 19
1215 1164 1250 1196 (I,
1270 1164 1329 1196 452)
1349 1162 1435 1189 Radb.
1454 1162 1547 1188 Pasch.
1563 1162 1620 1188 VA.
1639 1161 1676 1188 ed.
1698 1161 1770 1188 Mab.
1788 1170 1818 1196 p.
1831 1165 1877 1189 311
1893 1162 1940 1196 cfr.

287 1215 345 1241 DC.
377 1219 400 1241 et
427 1215 494 1242 Diee
520 1216 586 1242 WB.
611 1224 631 1243 s.
654 1225 692 1249 v.;
715 1216 853 1249 ‘propiare'
879 1223 931 1249 pro
959 1224 1012 1249 quo
1040 1215 1166 1249 volqatius
1193 1218 1251 1241 erat
1276 1214 1451 1248 ‘appropiare’
1478 1221 1497 1239 e.
1514 1222 1539 1247 9.
1564 1213 1631 1239 titul.
1655 1213 1724 1247 Auq.
1748 1214 1809 1248 111,
1828 1217 1845 1240 2
1869 1215 1940 1248 (tom.

287 1266 332 1299 ΙΙ,
353 1269 420 1300 426).
452 1267 532 1293 ‘Heu’
551 1267 674 1300 confudit
698 1276 759 1293 eum
783 1267 821 1293 ‘ei'
840 1268 884 1300 ΙΙ,
904 1271 937 1294 69
960 1270 992 1293 ut
1009 1267 1109 1300 planet.
1127 1267 1223 1293 Karrol.
1243 1267 1271 1300 I,
1291 1269 1340 1293 435
1363 1266 1424 1292 Heu
1448 1265 1518 1291 mihi
1536 1265 1645 1291 misero.
1677 1264 1776 1291 ‘Gallis’
1793 1265 1848 1292 iam
1865 1265 1942 1300 apud

291 1318 431 1345 Sedulium
454 1319 567 1345 ocem-rit
584 1319 691 1345 notione
716 1319 757 1345 ita
774 1322 879 1345 mutata
904 1321 935 1345 ut
963 1320 1024 1352 ‘pes’
1041 1319 1075 1345 sit
1092 1319 1152 1351 (cfr.
1172 1319 1276 1352 solum),
1295 1317 1339 1344 sed
1360 1317 1394 1343 ab
1416 1317 1507 1343 inscii-s
1525 1324 1599 1350 saepe
1617 1316 1779 1343 adtrectatur
1795 1315 1940 1350 esi-sSetlul.

287 1370 345 1403 ΙΙΙ,
365 1374 414 1396 229
433 1373 482 1396 aet.
503 1370 531 1396 S.
552 1370 656 1397 Iulian.
676 1371 743 1396 Boll.
763 1371 823 1397 Ian.
837 1371 860 1403 I,
874 1373 923 1396 582
940 1370 1067 1397 Radberti
1086 1370 1115 1397 V.
1126 1370 1160 1396 A.
1172 1373 1205 1397 33
1222 1378 1298 1403 quem
1314 1369 1419 1402 frastra
1436 1371 1544 1402 temptat
1562 1368 1666 1395 Sim-son
1679 1368 1773 1395 Ludw.
1786 1368 1811 1395 d.
1825 1369 1858 1396 F.
1871 1369 1896 1402 I,
1908 1372 1941 1396 22

285 1421 348 1446 adn.
367 1426 388 1447 1.
420 1421 633 1454 Praepositiones
647 1424 849 1455 postponuntur
865 1421 1015 1454 saepissime
1032 1421 1080 1453 cfr.
1098 1421 1123 1454 Ι,
1142 1424 1181 1447 25.
1200 1424 1253 1447 219.
1272 1423 1328 1447 232.
1347 1423 1402 1447 371.
1422 1424 1480 1447 554.
1500 1424 1557 1447 589.
1578 1423 1626 1447 703
1643 1420 1683 1454 ΙΙ,
1697 1423 1734 1446 12,
1752 1423 1791 1447 35.
1811 1436 1844 1440 -
1868 1421 1896 1449 Α
1911 1429 1942 1447 re

285 1473 393 1498 metrica
412 1481 494 1506 quam
511 1473 592 1499 eremit
610 1473 646 1498 ad
664 1473 815 1506 aequal-ium
831 1473 959 1499 amussim
978 1481 1046 1506 quae
1063 1473 1199 1499 subnotem
1217 1472 1301 1506 diyna
1323 1472 1377 1505 fere
1398 1473 1474 1498 haec.-
1498 1472 1516 1498 h
1537 1473 1709 1498 consonantis
1731 1473 1785 1499 viee
1805 1473 1940 1508 fungitur,

283 1525 396 1551 iniustus
413 1533 482 1551 nom.
500 1525 543 1557 (ut
560 1525 691 1551 Venantio
709 1533 728 1551 e.
745 1533 769 1558 9.
788 1527 884 1559 coetus)
899 1525 923 1558 I,
940 1528 969 1552 73
974 1535 983 1558 ;
1001 1525 1148 1551 reverentia
1165 1525 1216 1551 abl.
1234 1527 1264 1551 ut
1282 1525 1313 1551 in
1327 1524 1494 1558 polysyllaba
1511 1532 1567 1550 voce
1580 1524 1603 1557 L
1617 1528 1663 1550 415
1680 1524 1739 1557 (cfr.
1752 1532 1772 1551 e.
1783 1532 1808 1559 9.
1820 1524 1941 1551 Δῖιῧιάηι

285 1577 301 1602 l.
319 1577 383 1610 virq.
400 1580 457 1603 578.
476 1580 541 1603 1202
565 1577 756 1603 necromantia
781 1577 868 1603 fretus
891 1586 912 1603 v.
932 1578 965 1604 L.
983 1578 1097 1604 Mueller
1113 1577 1138 1604 d.
1156 1586 1178 1603 r.
1197 1586 1229 1603 m.
1250 1578 1325 1611 341),·
1344 1577 1445 1610 parieti
1468 1576 1498 1610 Ι,
1516 1579 1563 1603 535
1582 1579 1766 1609 pavimentum
1783 1579 1815 1603 ut
1831 1577 1939 1611 Anyt'lb.

291 1627 321 1659 V,
342 1637 375 1661 ιι,
395 1633 408 1654 1
427 1631 485 1654 tom.
504 1629 527 1661 Ι,
546 1631 595 1655 365
615 1631 677 1662 qest.
696 1628 782 1662 Apoll.
801 1632 836 1655 86
859 1631 918 1656 tom.
939 1630 980 1663 ΙΙ,
999 1633 1051 1656 487
1071 1629 1119 1662 cfr.
1137 1629 1234 1655 Claud.
1259 1628 1296 1654 ed.
1321 1628 1380 1661 Ieep
1403 1628 1445 1661 ΙΙ,
1466 1631 1510 1654 196
1532 1627 1756 1661 Auqusndunum
1779 1629 1802 1660 L
1822 1632 1876 1656 127.
1893 1633 1943 1656 227

283 1679 320 1712 (et
340 1679 415 1705 Fort.
436 1679 464 1706 (J.
484 1680 563 1713 VHI,
582 1683 606 1713 3,
626 1681 684 1713 160)
709 1682 798 1706 sesiam
816 1680 856 1714 II,
874 1683 925 1707 386
947 1680 1039 1713 τ’ἰὶφῖίεν
1059 1680 1082 1713 I,
1101 1683 1157 1706 309.
1178 1683 1228 1706 530
1251 1679 1298 1712 cfr.
1319 1679 1352 1706 L.
1372 1679 1485 1705 Mueller
1502 1678 1527 1705 d.
1545 1687 1567 1704 r.
1586 1687 1619 1705 m.
1637 1682 1686 1706 364
1705 1678 1751 1706 Fl.
1765 1682 1832 1706 1867
1849 1688 1876 1713 p.
1889 1684 1941 1707 496

286 1730 336 1757 Rh.
351 1731 393 1756 M.
406 1735 447 1764 20,
460 1734 514 1758 360
532 1731 586 1764 (sed
603 1731 668 1757 mire
685 1731 751 1757 idem
770 1731 823 1758 Rh.
838 1732 879 1758 M.
894 1735 934 1764 22,
949 1733 1013 1765 152).
1050 1731 1075 1764 1,
1090 1734 1138 1757 622
1155 1739 1211 1756 non
1230 1738 1315 1756 ausus
1333 1733 1369 1756 est
1385 1730 1528 1764 Verqilium
1546 1731 1625 1764 sequi,
1643 1730 1688 1756 sed
1705 1739 1795 1757 crassa
1813 1731 1940 1758 Minerva

282 1783 398 1809 correxit
416 1784 610 1817 steterantque
629 1791 731 1809 comae.
761 1783 868 1817 Proloyi
881 1783 1039 1817 pentametri
1058 1783 1263 1808 ‘concinnantes’
1278 1782 1331 1814 sere
1348 1785 1420 1808 sunt.
1436 1797 1467 1801 —
1486 1782 1643 1808 Antitlwseis
1661 1783 1753 1816 quales
1769 1780 1834 1809 sarit
1849 1783 1872 1818 I,
1885 1787 1939 1810 516.

284 1839 340 1862 425.
359 1839 407 1862 545
424 1835 557 1861 addidicit
575 1843 588 1861 e
607 1834 715 1861 Sedulio
733 1843 751 1861 e.
763 1844 787 1869 q.
806 1835 834 1868 V,
848 1839 900 1862 150
918 1836 958 1862 vel
976 1835 1112 1861 Aldlwlmo
1130 1843 1149 1860 e.
1159 1843 1183 1868 9.
1204 1834 1220 1860 l.
1238 1834 1300 1867 τήτῃ.
1319 1837 1388 1861 1159.
1426 1828 1569 1860 For-mulas
1591 1827 1678 1867 epicos
1697 1843 1747 1867 per
1767 1837 1850 1861 totum
1871 1843 1939 1869 qnae

286 1886 408 1920 dispersit
426 1889 457 1912 ut
476 1886 623 1912 Ermoldus
639 1887 689 1919 cfr.
707 1894 726 1913 e.
738 1895 762 1920 9.
782 1887 806 1920 I,
827 1890 884 1914 189.
902 1889 951 1913 530
969 1886 1011 1919 ΙΙ,
1030 1889 1087 1913 503.
1443 1916 1445 1918 ,

388 1938 413 1970 1)
433 1937 506 1963 Nam
526 1937 685 1963 Ermoldum
704 1938 796 1971 potius
817 1938 974 1964 imitatorem
994 1937 1078 1970 fuisse
1101 1937 1162 1970 quis
1185 1935 1290 1962 creda?
1313 1945 1373 1963 cum
1394 1937 1549 1964 intellexerit
1571 1938 1686 1965 custode
1708 1939 1804 1964 tuetur
1825 1938 1884 1971 (cfr.
1901 1938 1939 1964 ad

282 1989 349 2015 vitae
366 1991 437 2015 metr.
450 1989 473 2022 Ι,
494 1991 550 2022 193)
569 1997 601 2015 ez·
619 1989 743 2015 Ermoldi
761 1997 815 2015 usu
833 1997 885 2015 esse
903 1989 1002 2016 dietum
1022 1989 1079 2022 (cfr.
1098 1989 1145 2015 vol.
1165 1989 1208 2021 II,
1227 1992 1251 2022 2,
1270 1990 1304 2022 5),
1330 1989 1405 2023 apud
1426 1998 1501 2023 quem
1521 1998 1581 2016 cum
1601 1991 1685 2016 multa
1709 1990 1764 2016 alia
1782 1990 1938 2024 deponentia

282 2044 339 2067 tum
358 2041 444 2067 ‘tueri’
461 2041 569 2073 effertur
586 2042 695 2074 passive,
715 2042 747 2067 in
763 2050 898 2076 anonymo
916 2042 1009 2067 similis
1026 2049 1094 2067 usus
1107 2043 1213 2074 praeter
1230 2041 1317 2066 locum
1334 2041 1405 2067 hune
1422 2044 1572 2074 surreptum
1590 2045 1615 2068 et
1627 2042 1650 2075 Ι,
1663 2045 1711 2069 213
1723 2042 1779 2075 (ubi
1791 2042 1938 2068 ‘imitarier’

282 2095 317 2118 est
331 2093 480 2126 passivum)
499 2093 606 2119 nullum
624 2093 752 2126 adparere
770 2093 912 2130 vestigium.
1000 2094 1027 2126 2)
1048 2092 1102 2125 CYr.
1116 2093 1156 2126 IL
1169 2096 1218 2119 268
1228 2100 1287 2126 sqq..
1375 2093 1402 2126 3)
1422 2093 1508 2119 Vitam
1526 2096 1588 2119 ante
1602 2094 1708 2120 Pitram
1725 2094 1780 2120 iam
1797 2103 1815 2119 a
1829 2093 1938 2120 canisio

281 2145 350 2170 inter
368 2144 531 2178 Walahfridi
549 2145 672 2171 carmina
690 2145 788 2172 editam
805 2153 858 2171 esse
876 2153 936 2172 cum
953 2145 1067 2172 tradant
1085 2145 1222 2178 biam-aphi
1238 2147 1263 2171 et
1280 2144 1459 2178 biblioqraphi,
1485 2145 1621 2171 alticinari
1639 2153 1681 2171 eos
1699 2148 1764 2172 recte
1782 2145 1837 2171 iam
1854 2145 1936 2171 obser-

281 2196 350 2222 vavit
367 2197 427 2223 hist.
446 2197 484 2223 lit.
503 2196 528 2224 d.
547 2197 563 2223 l.
579 2196 687 2223 Franee
705 2196 735 2230 V,
757 2201 794 2223 76.
