2040 2996
474 133 683 162 PASSIONUM
701 134 754 161 ΒΒ.
773 135 915 163 IULIANI
933 135 981 162 ET
1000 136 1184 164 SOCIORUM
1204 137 1284 165 EIUS
1303 138 1411 166 LIBER
1429 140 1463 168 ΙΙ.
1753 143 1794 173 95

145 228 169 249 c.
183 227 224 248 n
420 227 458 246 1³0
510 220 605 253 Haec
628 231 765 253 cernens
788 232 923 264 praeses
946 223 1094 255 turbatus
1117 224 1279 267 praecipit
1302 226 1403 263 illum,

510 272 560 304 Ne
585 273 696 315 populi
719 273 776 305 fiat
798 272 970 313 dissensio,
993 285 1126 307 carcere
1150 276 1257 308 claudi

511 324 593 356 Cum
617 325 738 356 sanctis
763 325 926 367 anuloque
951 336 1009 357 suo
1034 327 1176 368 signavit
1199 331 1232 360 et
1255 329 1337 371 ipse.

511 375 617 412 Quem
640 376 772 408 doctum
794 376 954 410 babtizari
978 377 1058 410 fecit
1080 378 1227 411 Iulianus

509 427 649 460 Nomine
671 427 884 460 Anestasium
909 430 1108 472 compellans
1133 441 1223 463 more
1247 436 1383 475 paterno

419 486 455 505 1³³
507 479 551 511 Et
574 490 686 512 secum
709 480 824 520 tenuit,
848 480 952 513 donec
977 482 1158 524 compleret
1180 493 1329 525 agonem.

553 531 666 563 Intera
689 542 825 574 praeses
848 531 949 564 dictat
971 543 1164 575 componere
1187 546 1322 577 poenas,

374 620 377 621 ⁷
397 617 401 619 ,
510 583 654 625 Augusti
676 584 800 615 sanctis
824 594 906 626 quas
930 595 1117 627 exposuere
1139 586 1277 620 feroces.

144 639 241 661 G-XIL‘
310 628 317 631 ³
510 635 554 667 Et
575 636 727 668 veniente
753 636 807 669 die
830 647 930 669 sexus
954 638 1116 670 concurrit
1139 643 1173 670 et
1196 643 1287 672 aetas

508 687 553 719 Et
575 688 670 720 simul
695 691 872 731 expectant
893 689 991 722 finem
1015 691 1204 723 certaminis
1227 696 1303 725 ante

419 748 456 767 1⁴⁰
507 740 676 773 Praesidis
698 744 880 784 aspectum.
915 742 988 779 Quo
1012 743 1254 776 conscendente
1277 745 1431 785 tribunal,

507 791 652 824 Primum
675 803 860 825 sermonem
884 793 973 831 fecit,
999 794 1024 826 si
1050 795 1162 826 concio
1184 798 1263 835 tota,

506 842 618 883 Plebs,
642 844 748 876 omnis
773 855 874 876 sexus
898 845 1116 888 populusque,
1140 857 1245 879 senex
1268 847 1471 891 iuvenisque,

506 895 654 936 Adforet,
679 906 718 928 ac
733 895 896 928 frendens
920 897 1031 937 mittit,
1055 898 1110 940 qui
1134 903 1311 942 congreget
1333 911 1456 934 omneS.

508 946 602 979 Haec
625 947 708 979 fiunt
730 947 844 987 donec,
868 948 1005 981 terdena
1027 953 1127 992 atque
1151 951 1284 994 insuper
1306 962 1405 984 unum

413 1005 450 1025 ¹4⁵
508 998 608 1031 Delia
631 999 838 1042 complentur
859 1001 992 1043 plumbo
1015 1002 1176 1045 piceoque
1200 1003 1335 1046 liquore,

509 1051 703 1096 Siccetoque
724 1053 805 1085 mari
828 1057 968 1097 stuppae
992 1055 1171 1098 spinaeque
1195 1056 1254 1088 sub
1278 1057 1357 1099 ipsis

509 1103 683 1136 Adduntur
706 1105 875 1148 silvaeque
899 1116 1028 1148 graves,
1051 1111 1088 1139 ut
1112 1108 1278 1141 montibus
1301 1109 1376 1140 eltis

508 1155 627 1188 Ferme
650 1157 722 1199 rogi
745 1157 868 1189 similes
891 1159 1038 1190 centenis
1061 1159 1213 1202 passibus
1237 1161 1323 1192 aucti

509 1207 709 1240 Cernentum
731 1209 880 1251 quatiant
901 1210 1029 1243 animos
1052 1211 1224 1244 formidine
1248 1223 1383 1245 summa.

142 1258 166 1279 C·
180 1258 244 1281 11¹¹-
414 1267 452 1285 1⁵⁰
507 1258 672 1292 Exultans
695 1260 803 1292 animo
825 1271 960 1303 praeses
984 1262 1060 1294 dum
1084 1263 1164 1295 talia.
1186 1263 1300 1302 cernit,

507 1310 700 1343 Conclamat
722 1311 831 1355 plebis
854 1312 977 1356 primos
1001 1314 1172 1357 sociosque
1194 1314 1320 1355 fideles,

506 1362 561 1394 Illi
583 1373 664 1406 quos
688 1363 769 1406 legit
790 1363 940 1397 Romana
963 1367 1113 1408 potentia
1134 1366 1236 1399 fortes

506 1414 622 1446 Militia
646 1414 802 1457 obsequio
825 1415 984 1458 praebere
1008 1427 1069 1460 per
1091 1417 1202 1449 omnia
1224 1418 1319 1449 vires.

507 1466 600 1504 ‘Quis
623 1467 665 1499 sit
686 1467 807 1500 tantus'
831 1468 878 1500 ait
901 1468 1072 1509 ‘dominus‚
1097 1470 1151 1512 qui
1174 1469 1294 1502 liberet
1316 1470 1398 1502 istos

413 1526 450 1545 ιω
507 1518 559 1550 De
582 1519 680 1550 tantis
703 1519 820 1562 poenis
845 1531 973 1552 summa
995 1522 1115 1553 virtute
1139 1522 1273 1564 paratis,

507 1569 631 1607 Dicite;
654 1581 741 1603 nune
764 1574 893 1604 nostros
916 1572 1031 1604 ulcisci
1054 1573 1184 1607 flamma
1206 1573 1330 1605 valebit

507 1621 670 1654 Custodes
693 1633 897 1666 magnosque
921 1623 1001 1656 deos
1024 1624 1230 1666 Martemque
1254 1624 1431 1667 Iovemque

506 1673 550 1706 Et
573 1684 674 1706 sexus
697 1675 819 1717 gemini
843 1675 1038 1718 quingentos
1061 1675 1344 1719 cunctipotentes'.

506 1725 576 1758 Nec
600 1729 730 1769 spectat
752 1737 920 1770 responsa,
944 1728 1033 1760 videt
1056 1729 1111 1771 qui
1135 1732 1253 1761 cuneta
1274 1731 1397 1771 parata.

411 1784 450 1803 ¹⁶⁰
573 1777 640 1810 Sed
662 1788 741 1810 mox
765 1778 860 1810 educi
884 1782 1016 1811 sanctos
1040 1779 1081 1812 de
1105 1790 1238 1812 carcere
1261 1779 1407 1812 mandat:

140 1835 164 1856 c.
182 1833 286 1861 (xum.
506 1829 656 1861 Curi-itur
677 1833 711 1862 et
735 1829 848 1872 rapido
872 1835 1060 1863 reserantur
1081 1831 1194 1863 limina
1216 1832 1313 1874 pulsu

507 1880 656 1913 Carceris
680 1883 714 1914 et
736 1884 858 1914 tractos
881 1882 1049 1915 adducunt
1072 1886 1148 1915 ante
1173 1883 1317 1915 tribunal

506 1931 672 1965 Praesidis
695 1933 798 1976 aptati
823 1933 945 1967 frenesi
968 1934 1138 1977 furiaeque
1160 1935 1312 1966 ministri.

511 1983 658 2027 Cumque
681 1985 743 2016 viri
768 1985 874 2017 sancti
897 1986 1015 2028 raptim
1038 1986 1247 2018 traherentur
1269 1986 1310 2018 ab
1334 1986 1409 2026 illis,

142 2070 236 2103 negavi
254 2069 307 2101 B)'.
343 2071 415 2096 Haec
439 2071 528 2096 videns
550 2079 654 2104 praeses
678 2075 705 2097 et
727 2072 834 2097 audiens
852 2071 878 2104 (e
905 2081 927 2097 a.
947 2081 994 2098 om.
1014 2072 1049 2103 B)
1068 2073 1187 2098 turbatus
1209 2078 1247 2098 est
1268 2076 1304 2104 et,
1328 2081 1360 2098 ne
1381 2073 1504 2099 dissensio
1526 2074 1598 2099 fleret
1618 2074 1684 2099 inter
1707 2077 1789 2099 tantas

141 2113 320 2139 multitudines
339 2110 440 2147 (populi
458 2111 506 2147 B),
524 2114 597 2139 iubet
614 2122 673 2140 eum
691 2123 751 2140 eum
768 2115 864 2140 sanctis
881 2115 908 2140 iu
926 2115 1042 2140 custodie
1060 2115 1157 2140 recludi
1179 2119 1204 2141 et
1225 2116 1337 2141 claustra
1358 2116 1436 2141 anulo
1458 2117 1526 2149 regis
1545 2115 1602 2149 (suo
1616 2126 1668 2149 pro
1687 2125 1706 2142 r.
1726 2116 1788 2148 BE)

142 2155 247 2188 signari.
282 2157 365 2188 Quem
382 2157 411 2182 B.
430 2157 450 2182 l.
468 2157 529 2182 fecit
546 2157 666 2190 baptismi
682 2157 791 2190 gratiam
809 2157 930 2190 consequi
949 2161 975 2183 et
991 2166 1051 2183 curn
1069 2158 1130 2191 ipsis
1148 2159 1175 2183 in
1194 2159 1314 2191 mni-tyrio
1331 2159 1488 2191 agonizabat.

245 2197 292 2231 10,
309 2198 351 2224 41.
370 2200 467 2233 Impius
490 2204 575 2226 autem
600 2200 742 2225 Martianus
769 2201 842 2226 iubet
868 2209 974 2234 poenam
1002 2202 1156 2234 praeparari,
1184 2211 1260 2234 quarn
1287 2203 1450 2235 imperatores
1478 2202 1629 2227 iussserunt.
1672 2202 1789 2234 Cumque

141 2245 229 2274 pent·
246 2242 345 2272 fuisset,
371 2241 478 2275 (inluxit
494 2243 557 2275 dies,
575 2242 612 2276 B)
633 2243 721 2276 populi
738 2243 873 2276 utriusque
895 2252 973 2269 sexus
994 2245 1181 2270 concurrebant
1201 2245 1234 2270 ad
1257 2245 1431 2278 spectaculum
1451 2245 1657 2278 (expectaculum
1675 2243 1710 2276 B)
1728 2244 1788 2269 circi

141 2283 175 2315 (e.
193 2293 243 2310 om.
261 2284 304 2317 B).
337 2286 414 2311 Sedet
435 2294 480 2319 pro
500 2286 627 2311 tribunali
649 2294 751 2319 prweee
767 2290 794 2312 et
811 2287 932 2312 universa
948 2288 1018 2312 aetas
1035 2287 1164 2312 concurrit
1182 2291 1208 2312 et
1225 2287 1270 2320 qui
1288 2287 1411 2313 nolebant
1427 2296 1443 2312 a
1460 2288 1583 2313 ministris
1601 2287 1786 2320 urguebantur.

141 2327 300 2354 ordinantur
320 2337 401 2362 cupae
422 2329 449 2354 in
473 2329 561 2355 ordine
582 2329 690 2362 triginta.
712 2332 737 2355 et
758 2338 821 2360 uuaz
848 2333 930 2355 terror
950 2330 1116 2355 intolerabilis
1141 2330 1279 2363 agebatur:
1312 2331 1457 2356 mediantur
1478 2339 1559 2364 cupae
1583 2331 1639 2364 pice
1665 2330 1789 2363 pitumine

141 2370 273 2404 sulphure,
290 2376 447 2405 aggregetur
463 2372 536 2405 eopia
553 2372 682 2405 lignorum
699 2377 726 2398 et
742 2377 937 2398 sarmentorum.

243 2411 285 2439 42.
305 2414 380 2440 lubet
396 2415 491 2448 impius
509 2415 651 2440 Martianus
668 2419 770 2440 sanctos
786 2415 826 2441 dei
846 2416 951 2449 produci
970 2417 1002 2441 de
1018 2416 1140 2441 custodia.
1176 2416 1298 2441 Sanctum
1316 2424 1377 2441 vero
1389 2416 1518 2442 Iulianum
1536 2420 1562 2441 et
1579 2424 1688 2449 puerum
1706 2424 1787 2441 unum

141 2455 275 2482 vinculum
292 2457 403 2490 tenebat,
421 2458 514 2483 centeri
531 2462 617 2483 autem
635 2459 733 2484 onerati
750 2458 862 2484 vinculis
880 2462 906 2484 et
923 2459 1020 2484 catenis
1037 2458 1204 2483 trahebantur
1221 2458 1254 2483 ad
1271 2459 1446 2492 spectaculum
1464 2463 1490 2485 et
1507 2467 1614 2492 ymnum
1632 2459 1679 2484 deo
1697 2466 1785 2484 omnes

245 2593 293 2619 141
313 2595 398 2621 contio
416 2594 454 2621 Ρ.
560 2595 610 2622 163
627 2605 678 2630 que
695 2597 771 2623 iterat
789 2596 814 2621 P

248 2678 298 2706 138
314 2679 362 2712 σίν.
373 2679 405 2706 de
415 2679 491 2712 sonte
502 2680 571 2707 vitae
583 2688 604 2707 v.
619 2681 676 2707 138.
783 2681 832 2707 147
850 2689 870 2706 c.
877 2689 902 2714 9.
914 2680 982 2707 Aen.
997 2680 1068 2713 XII,
1085 2680 1137 2706 523
1149 2679 1183 2706 de
1195 2679 1337 2706 montibus
1349 2679 1422 2706 altis.
1523 2681 1573 2707 150
1586 2681 1651 2707 Aen.
1666 2679 1720 2713 XI,
1739 2679 1789 2706 491

142 2729 314 2764 Exultatqne
339 2731 448 2758 animis.
553 2733 601 2759 151
625 2732 703 2759 Τνίει.
724 2732 747 2766 1,
769 2734 793 2765 5,
812 2733 846 2758 63
874 2731 1018 2765 sociosque
1045 2731 1146 2758 fideles.
1254 2731 1303 2757 152
1324 2739 1343 2757 e.
1364 2739 1389 2765 y.
1409 2732 1476 2758 Aen.
1501 2731 1580 2765 VIII,
1605 2732 1638 2758 99
1666 2731 1791 2758 Romana

142 2780 270 2816 potentia
290 2801 296 2808 .
308 2802 331 2808 ..
435 2783 486 2810 158
502 2783 551 2816 cfr.
569 2791 592 2811 v.
611 2784 635 2811 8.
741 2784 792 2811 162
810 2783 867 2810 luv.
888 2783 938 2816 IV,
958 2785 1005 2810 591
1027 2785 1093 2810 unte
1112 2782 1244 2809 tribunal.
