2060 3074
208 185 269 215 534

500 488 525 507 25

499 747 524 766 30

500 1007 525 1026 35

772 182 950 209 IOHANNIS
969 181 1097 208 SCOTTI
1116 181 1292 208 CARMINA.

573 269 659 306 Quid
681 279 794 301 causas
817 268 910 311 regni
933 268 1048 308 dicam,
1072 278 1152 310 quas
1174 268 1246 311 ipsa.
1266 269 1374 311 perita

614 321 765 363 Disponit
788 321 924 362 vigilans
946 323 1078 362 pectore
1101 320 1297 363 praecipuo?

572 372 607 404 Si
630 373 772 404 sinerent
795 373 915 414 apices,
940 382 1020 414 quos
1044 372 1217 414 scripserat
1238 371 1308 414 ipse
1333 371 1497 412 Salomon,

613 424 778 455 Dixissem
801 423 919 464 forsan,
944 423 1031 465 quod
1053 423 1227 469 perhibere
1249 424 1376 455 volunt:

569 476 662 507 Haec
684 486 769 515 nam,
793 475 876 507 haec
898 475 1014 507 merito
1039 477 1189 507 censetur
1211 475 1332 507 femina
1354 475 1455 516 fortis,

614 527 719 563 Quam
741 527 882 559 Kar-olus
905 527 1026 569 reperit
1049 527 1139 558 fortis
1163 530 1197 558 et
1219 527 1324 559 almus
1347 538 1443 559 anax.

571 579 676 615 Quem
699 579 803 611 solum
827 577 1191 611 celebrat'Franoorum
1214 579 1318 621 gloria
1340 590 1453 621 regem

612 630 756 673 Dignum
780 630 978 663 Christicolis
1001 630 1152 673 plebibus
1175 633 1273 673 atque
1297 631 1418 668 choris;

570 682 631 714 Cui
653 685 783 724 gestare
806 682 882 715 licet
905 693 1080 725 regnorum
1102 683 1241 725 plurima
1264 686 1401 726 sceptra,

612 734 703 771 Quae
727 735 836 776 magni
858 737 967 777 patres
991 735 1171 766 sustinuere
1196 735 1259 771 sui;

569 786 628 818 Cui
651 788 711 819 soli
733 797 847 829 regum
870 787 1029 830 sapientia
1052 787 1185 830 praevia
1208 787 1325 829 pollet;

613 839 719 875 Quem
741 850 842 882 purae
865 839 982 871 mentis
1005 839 1156 871 nobilitat
1178 838 1335 876 studium;

569 890 673 926 Quem
696 892 855 934 scriptura
878 891 975 923 docet
999 891 1113 923 divinis
1137 891 1235 933 plena
1257 890 1378 933 figuris,

610 942 660 975 Ne
684 946 773 975 recto
798 943 918 975 Christi
941 943 1070 974 tramite
1095 942 1257 980 debilitet;

571 995 633 1031 Qui
656 998 783 1027 sanctas
807 995 907 1027 aedes
931 994 1085 1027 dedicans
1109 994 1274 1026 ornatibus
1297 995 1412 1037 amplis

612 1046 770 1079 Caelestis
793 1047 918 1090 patriae
941 1047 1090 1090 symbola
1113 1057 1205 1078 saera
1227 1046 1326 1079 videt.

567 1098 637 1130 Hos
661 1099 768 1139 ambo,
791 1109 904 1140 regem
928 1098 999 1130 dico
1023 1097 1253 1140 dominamque
1276 1101 1438 1141 potentes,

612 1150 749 1191 Christe,
773 1154 865 1182 tuere
889 1151 935 1183 tui
958 1151 1096 1182 numinis
1120 1151 1250 1183 auxilio.

521 1235 524 1237 .
569 1202 619 1234 Sis
641 1203 723 1234 fidus
747 1206 864 1242 custos⁷
889 1203 931 1234 sis
954 1213 1064 1234 murus
1087 1205 1175 1234 tutus
1197 1203 1230 1234 in
1254 1213 1381 1243 aevum,

499 1267 525 1286 10

498 1529 523 1548 45

498 1789 522 1808 50

499 2518 522 2536 10

611 1255 657 1286 Ut
681 1255 740 1286 tibi
763 1257 922 1297 perpetuo
946 1255 1067 1297 placita
1089 1257 1166 1286 vota
1188 1255 1304 1286 ferant.

567 1307 704 1339 Devotis
728 1307 843 1339 animis
867 1317 998 1350 semper
1020 1310 1053 1338 te
1076 1306 1189 1339 laudet
1211 1310 1359 1350 uterque,

611 1359 755 1391 Vocibus
779 1359 960 1399 armonicis,
984 1358 1110 1391 actibus
1133 1361 1231 1401 atque
1254 1358 1358 1391 bonis.

567 1411 701 1443 Illorum
724 1411 865 1443 tumidos
889 1411 1035 1443 inimicos
1058 1414 1167 1443 sterne
1191 1410 1332 1442 rebelles

611 1463 679 1495 Aut
701 1463 752 1495 his
775 1473 948 1495 conversos
972 1462 1111 1495 subdere
1136 1463 1220 1494 eolla
1241 1472 1348 1494 mone.

568 1516 620 1547 Da
642 1526 758 1558 pacem
781 1516 913 1558 populo,
939 1515 1062 1556 (modo)
1088 1515 1142 1558 qui
1165 1515 1225 1547 tibi
1248 1515 1347 1547 servit
1370 1515 1505 1558 ubique;

612 1568 771 1600 Omnibus
794 1567 1007 1611 Christigenis
1029 1569 1144 1600 floreat
1167 1569 1254 1600 alma
1277 1569 1378 1611 quies.

567 1620 720 1662 Paganos
743 1623 875 1664 pyratas
898 1623 1064 1653 vastantes
1086 1631 1188 1663 regna
1210 1631 1271 1664 per
1294 1621 1407 1653 orbem

610 1672 827 1715 Consumptos
850 1672 960 1715 gladio
984 1673 1113 1715 gurgite
1137 1683 1250 1715 merge
1274 1673 1384 1704 maris:

565 1725 604 1756 In
628 1724 740 1767 Syrtes
762 1725 867 1756 varias
891 1727 1084 1767 spargantur
1105 1724 1234 1756 flatibus
1258 1725 1367 1766 austri,

611 1776 681 1808 Illic
703 1779 739 1808 ut
762 1779 899 1819 pereant
922 1777 1066 1809 aestibus
1090 1776 1223 1808 Oceani.

565 1828 634 1860 Nos
657 1839 734 1860 vero
758 1829 863 1860 laetos
886 1839 967 1871 puro
992 1831 1025 1860 te
1050 1827 1147 1860 eorde
1171 1829 1316 1860 colentes

609 1880 718 1912 Dueas
741 1880 905 1912 aetherios
929 1880 1037 1912 sidera
1059 1891 1157 1923 supra
1181 1880 1305 1913 choros.

1014 1986 1044 2007 V.

566 2036 704 2078 Mystiea
726 2037 910 2067 sanctorum
933 2035 1119 2078 panduntur
1142 2035 1298 2078 dogmata
1322 2039 1459 2080 patrum,

610 2088 790 2119 Pneumate
814 2087 976 2120 sanctifico
1001 2099 1086 2131 quae
1110 2089 1258 2120 cecinere
1285 2088 1358 2129 deo,

566 2140 712 2172 Acterno
736 2140 836 2182 patris
859 2140 970 2181 verbo,
995 2151 1058 2182 quo
1083 2143 1198 2172 cuncta
1221 2143 1371 2173 creantur

611 2192 754 2224 Occultis
777 2191 898 2223 sinibus
923 2191 1035 2224 ordine
1060 2202 1208 2235 quaeque
1233 2193 1307 2233 suis,

566 2245 704 2276 Fabrica
728 2255 791 2286 quo
814 2244 925 2276 mundi
950 2244 1060 2276 formis
1083 2245 1177 2277 simul
1202 2246 1351 2278 omnibus
1374 2257 1438 2278 una

609 2296 767 2337 Surrexit,
792 2296 899 2328 fuerat
921 2299 957 2328 ut
979 2297 1105 2342 ratione
1129 2307 1196 2329 sua.

567 2349 659 2385 Quae
684 2349 752 2380 sine
776 2347 956 2390 praecessit
978 2359 1044 2380 non
1068 2348 1196 2380 Christo
1221 2352 1368 2392 tempore
1391 2350 1487 2390 facta,

609 2400 696 2432 Dum
719 2410 849 2442 semper
871 2403 966 2432 natus
990 2403 1105 2432 cuncta
1128 2403 1238 2433 ereata
1260 2401 1358 2433 videt.

566 2452 671 2488 Quam
695 2462 792 2494 super
816 2452 949 2484 effertur
971 2455 1100 2484 sanctus
1123 2449 1248 2485 ratione
1272 2453 1415 2495 regentis

610 2504 758 2546 Spiritus,
782 2507 818 2535 ut
840 2515 947 2537 sacras
970 2505 1148 2537 vivificaret
1171 2515 1283 2547 aquae.

309 2602 416 2626 Glosme
436 2614 468 2618 —
487 2600 521 2626 26
540 2599 619 2633 anax]
639 2609 685 2626 rex
703 2601 728 2625 R

305 2667 339 2693 22
357 2667 372 2683 ³*
380 2669 459 2701 uigilo
473 2669 505 2700 R,
523 2669 596 2701 vigili
610 2669 698 2694 Maius
768 2669 802 2695 24
821 2669 904 2703 *quid
917 2670 942 2694 R
1011 2669 1042 2695 31
1063 2678 1172 2703 regnum
1185 2669 1210 2694 R
1222 2678 1290 2695 corr.
1303 2669 1417 2695 Haretcr
1486 2669 1521 2695 44
1538 2669 1605 2696 *hos
1618 2670 1644 2696 R

203 2720 250 2736 om.
265 2711 290 2736 R
377 2711 409 2736 47
429 2712 549 2744 Paganas
568 2712 592 2736 R
679 2712 713 2738 52
731 2714 819 2739 Ducos
836 2713 869 2739 R.
889 2723 957 2739 corr.
976 2713 1065 2739 Maius
1170 2712 1217 2746 [v.]
1239 2712 1254 2738 7
1273 2712 1389 2748 *possuit
1407 2714 1433 2739 in
1452 2714 1547 2739 christo
1565 2713 1591 2738 Β

1711 2670 1746 2696 45
1762 2670 1859 2697 *modo

308 2779 342 2805 23
360 2778 439 2806 Prov.
458 2780 547 2811 31,10
573 2780 718 2807 Mulierem
747 2781 845 2808 fortem
874 2781 936 2815 quis
964 2781 1109 2808 inveniet?
1137 2780 1233 2815 procul
1260 2782 1289 2808 et
1316 2781 1350 2808 de
1378 2781 1486 2808 ultimis
1514 2781 1614 2808 finibus
1641 2781 1764 2817 pretium
1791 2781 1859 2808 eius.

202 2831 235 2857 37
254 2831 304 2864 cfr.
324 2831 392 2858 Aen.
412 2832 535 2859 111438.

625 2833 659 2859 49
679 2832 724 2859 Ge.
744 2833 781 2859 ΙΙ
791 2834 841 2860 339
860 2833 1014 2868 parcebant
1033 2833 1145 2860 flatibus
1163 2833 1231 2860 euri.
