2060 3074
946 151 1038 177 PARS
1058 151 1092 178 ΙΙ.
1783 155 1845 185 535

562 236 753 278 Angelicum
776 247 946 268 numerum
970 248 1158 280 superorum
1183 242 1287 270 castra
1310 241 1474 271 tenentem

607 287 781 319 Constituit
803 288 934 330 mundo,
958 293 1068 321 cetera
1092 301 1239 333 quaeque
1262 291 1361 323 vides.

561 339 704 376 Quorum
727 341 868 382 primatu
891 341 1053 372 hominem
1076 342 1244 384 paradisus
1267 343 1411 375 habebat

603 391 789 423 Assimilem
812 392 932 424 factum
956 397 1064 425 mente
1087 393 1198 425 videre
1223 394 1328 426 deum.

489 455 513 474 ιε»
556 442 651 474 Hanc
674 443 770 474 homo
794 444 995 486 praeclaram
1019 445 1161 487 speeiem
1185 447 1402 488 complectere
1425 447 1537 478 nolens

603 494 731 526 Corruit
754 498 787 526 et
810 495 936 537 prolem
960 497 1059 527 traxit
1081 496 1123 528 ad
1146 497 1210 528 ima
1233 508 1332 529 suam.

560 545 625 577 Sed
648 556 689 577 ne
713 550 804 578 tanta
826 546 879 578 dei
903 548 1031 589 penitus
1054 549 1204 579 transiret
1226 549 1346 591 imago,

603 597 697 630 Hanc
721 598 864 640 speciem
886 599 1024 631 hominis
1048 600 1157 642 coepit
1179 600 1300 632 habere
1325 600 1414 632 deus.

559 648 645 681 Hinc
667 653 761 681 natus
783 650 914 690 mundo,
937 661 1051 693 passus
1074 652 1133 683 sub
1156 652 1230 694 lege
1254 653 1411 684 malorum

488 714 514 732 «ιο
600 701 705 733 Morte
730 712 788 733 sua
810 705 949 734 mortem
973 702 1115 745 perdidit
1136 703 1207 745 ipse
1229 714 1347 735 meam.

560 754 630 789 Quo
653 757 737 794 sunt,
760 765 824 796 quo
840 755 959 794 vivunt,
983 765 1046 797 quo
1066 758 1162 794 stant,
1187 766 1249 797 quo
1274 758 1388 787 cuncta
1407 759 1584 796 moventur,

602 805 663 836 Ille
687 805 766 837 deus
789 806 932 845 moritur,
957 806 1044 838 vivat
1067 810 1103 838 ut
1126 807 1196 849 ipse
1220 807 1326 838 homo.

559 857 680 888 Ordine
704 858 874 901 multiplici
897 858 1041 899 signatus
1063 858 1208 900 patribus
1232 859 1307 890 olim

601 909 762 951 Mactatur
784 909 860 951 legi,
884 909 1011 940 vatibus
1033 913 1069 941 ut
1092 910 1225 941 canitur.

490 973 514 992 πε
559 960 622 992 Hic
645 960 750 992 fuerat
773 961 858 992 aries
881 961 1013 1003 speculo
1036 962 1184 1003 provisus
1207 961 1249 993 ad
1273 971 1371 1002 aram,

599 1012 686 1044 Dum
710 1013 836 1055 typicus
859 1013 974 1044 Isaaeh
998 1012 1124 1045 ducitur
1145 1013 1188 1045 ad
1210 1013 1365 1055 iugulum.

556 1063 726 1095 Festinans
749 1064 890 1106 populus
913 1064 1067 1107 Aegypto
1090 1064 1175 1096 hunc
1198 1068 1380 1107 empserat
1403 1075 1520 1107 agnum

601 1116 765 1158 Sanguine
788 1126 1006 1159 conspergens
1029 1117 1139 1148 limina
1162 1120 1238 1149 nota
1262 1117 1385 1149 domus.

556 1167 620 1199 Hie
643 1168 723 1206 fons,
747 1169 848 1210 virga,
871 1172 974 1211 petra,
999 1169 1148 1201 caelestis
1171 1169 1278 1211 fulgor
1301 1169 1506 1210 obumbrans,

488 1231 514 1251 ω
599 1219 741 1262 Serpens
765 1223 799 1252 et
821 1231 951 1260 manna,
973 1220 1065 1260 nubs,
1089 1221 1151 1261 via,
1175 1221 1277 1263 panis,
1301 1231 1395 1263 aqua.

556 1272 650 1304 Talia
672 1283 772 1316 saepe
796 1273 850 1305 dei
872 1274 960 1305 iussu
982 1273 1041 1305 sub
1065 1276 1212 1316 tempore
1236 1274 1322 1305 facta

597 1324 777 1356 Aeternum
801 1324 965 1357 dominum
989 1325 1168 1367 significare
1191 1336 1283 1357 suum

555 1375 692 1419 Hacque
716 1377 851 1419 impleta
875 1377 927 1409 die
951 1388 1042 1409 sacro
1066 1380 1261 1410 venerantur
1282 1377 1418 1409 honore:

598 1428 666 1460 Ista
689 1428 758 1460 dies
782 1431 872 1460 tanta
894 1429 1031 1471 mystica
1053 1429 1139 1461 facta
1162 1432 1263 1461 tenet.

486 1493 512 1512 :¹⁵
555 1479 650 1512 Hanc
673 1479 811 1512 mundus
834 1481 943 1523 prodit
965 1481 1172 1524 congaudens
1196 1482 1267 1513 luce
1291 1480 1418 1520 deeora,

596 1531 784 1575 Florigeros
806 1535 913 1564 motus
935 1533 1035 1564 mittit
1057 1533 1089 1564 in
1111 1533 1226 1564 aethra
1248 1543 1332 1574 suos,

554 1583 710 1616 Germina
731 1583 925 1626 producens,
947 1584 1100 1616 florentes
1122 1585 1267 1630 gramine
1291 1584 1425 1616 fructus:

596 1634 680 1667 Nam
705 1634 852 1668 Christus
875 1635 997 1667 fructus
1021 1635 1122 1668 dulcis
1145 1635 1265 1678 ubique
1288 1636 1362 1668 suis.

555 1686 703 1719 Surrexit
726 1686 886 1719 Christus:
909 1690 1021 1719 nostra
1042 1687 1116 1720 hinc
1138 1688 1192 1730 pia
1216 1687 1314 1720 corda
1336 1688 1501 1727 resultant,

483 1751 510 1770 «o
597 1738 759 1771 ‘Alleluia’
784 1738 847 1771 deo
871 1739 958 1772 orbis
980 1739 1101 1782 ubique
1124 1740 1218 1772 canit.

553 1790 679 1832 Inclite,
702 1791 756 1834 qui
778 1801 892 1833 regum
915 1794 948 1823 te
971 1802 1031 1823 rex
1054 1795 1224 1824 conservet
1245 1792 1277 1823 in
1301 1801 1427 1832 aevum,

595 1842 758 1886 Prospera
781 1842 948 1883 concedat,
971 1843 1045 1875 hinc
1067 1854 1165 1886 super
1187 1847 1274 1876 astra
1296 1843 1405 1884 vehat,

553 1893 617 1931 Qui
639 1894 699 1927 sub
722 1894 846 1926 honore
869 1895 919 1926 sui
942 1895 1054 1926 humili
1077 1905 1149 1927 cum
1172 1895 1269 1928 corde
1292 1905 1427 1927 canoros

596 1946 748 1978 Alternus
771 1946 895 1987 statuis,
919 1947 1030 1989 psallis
1054 1950 1087 1979 et
1108 1947 1178 1990 ipse
1202 1947 1326 1979 choros.

481 2010 506 2028 ⁴⁵
552 1997 737 2030 Credimus:
762 1999 824 2030 ista
846 1998 905 2030 tibi
928 2002 1097 2030 servantur
1119 1999 1258 2031 culmine
1281 1998 1373 2039 caeli,

594 2049 702 2082 Heres
725 2049 892 2082 Daviticus
915 2050 1057 2082 efficiere
1079 2050 1161 2093 pius.

551 2102 777 2134 ΠΡΟΕΕΥΧΙΕ
801 2102 951 2144 petimus,
974 2102 1057 2134 votis
1082 2105 1115 2134 et
1138 2100 1234 2137 corde
1257 2111 1440 2144 precamur:

594 2152 656 2188 Qui
681 2152 771 2185 dedit
793 2153 854 2185 hoc
878 2154 974 2193 velle,
997 2153 1054 2185 det
1077 2153 1135 2185 tibi
1158 2163 1254 2195 posse
1277 2152 1367 2184 deus.

551 2206 755 2237 meme-:mc
779 2206 950 2238 ΚΔΡΟΛΟΙ
975 2206 1103 2237 ΗΜωΝ
1127 2206 1179 2236 CY
1201 2206 1346 2236 ΧΡΙΕΤΕ
1370 2206 1514 2237 Boc-:eet

482 2269 507 2289 ω
593 2258 656 2288 ωε
681 2258 912 2289 ΚΛΕΙΡΕΙΕΘΕ
935 2258 1084 2289 ΧΟΡΟΙΟ
1107 2258 1288 2288 ΔΙΝΔΤΟΕ
1312 2258 1550 2289 ΟΥΡΔΝΙΟΥΕ.

289 2388 396 2414 Glauce
415 2402 446 2406 —
465 2387 500 2413 49
525 2388 592 2422 regis
618 2388 678 2420 (om.
698 2387 742 2421 11¹)
766 2389 857 2414 Karoli
881 2388 940 2420 (om.
960 2386 1031 2420 BL1)
1055 2387 1135 2413 nostri
1159 2386 1218 2418 (om.
1242 2385 1287 2418 Ll)
1311 2390 1340 2412 tu
1367 2386 1428 2419 (om.
1447 2386 1493 2419 LI)
1517 2387 1616 2413 Christe
1639 2386 1699 2420 (om.
1723 2385 1782 2412 RLl
1803 2385 1835 2420 Π)

186 2431 246 2456 fave
265 2430 324 2456 RL¹
338 2430 358 2449 11
447 2430 482 2457 50
498 2435 529 2457 ιιι
546 2431 603 2463 (om.
624 2430 670 2464 LI)
687 2432 815 2465 possidere
834 2432 925 2458 choros
944 2431 1002 2463 (om.
1021 2429 1065 2463 LI)
1084 2430 1164 2464 possit
1181 2429 1304 2455 caelestes
1323 2428 1382 2462 (om.
1402 2427 1448 2462 LI)
1467 2429 1527 2455 BLI
1540 2429 1560 2447 11

287 2507 323 2534 24
346 2507 393 2535 *et
416 2509 441 2534 R
544 2508 578 2535 39
596 2518 666 2535 nune
690 2514 777 2535 nostra
798 2510 839 2543 pia
863 2509 941 2535 corda
963 2509 1000 2541 R,
1023 2512 1110 2534 nostra
1134 2508 1194 2533 hine
1218 2507 1260 2540 pia
1282 2507 1358 2532 corda
1380 2506 1470 2532 Maius
1573 2506 1608 2532 43
1631 2516 1666 2532 an
1688 2505 1837 2532 *eanoresss

184 2549 220 2577 47
239 2549 463 2580 ΠΡΟΟΕΥΧΙΕ
482 2552 706 2584 interpretamento
724 2561 776 2578 non
794 2552 883 2578 addito
902 2551 961 2577 RLl
1066 2551 1107 2577 49.
1125 2550 1160 2576 50
1177 2550 1253 2575 habet
1275 2549 1458 2575 Laudunemiae
1474 2549 1528 2583 fol.
1545 2548 1610 2575 297»-
1622 2554 1683 2582 post
1700 2557 1717 2575 n
1734 2549 1768 2576 67
1786 2558 1835 2582 seq.

184 2593 219 2619 49
237 2592 272 2623 Β.
285 2592 320 2623 Κ.
334 2592 371 2623 Η.
384 2592 422 2623 C.
434 2593 470 2623 X·
483 2603 532 2621 om.
546 2594 579 2621 L¹
633 2593 774 2624 ΚΔΡΛΟΙ
787 2595 812 2620 R
916 2595 951 2621 50
968 2593 1031 2623 (dc
1050 2603 1097 2620 om.
1111 2593 1146 2619 LI
1198 2591 1231 2621 Χ.
1250 2601 1297 2619 om.
1312 2591 1344 2617 L1
1399 2590 1439 2621 Ο.
1458 2601 1507 2618 om.
1521 2591 1554 2617 L1

288 2679 400 2708 25-32
418 2679 512 2708 Im'dor.
531 2680 646 2714 Alleyor.
666 2679 760 2706 Genes.
776 2680 808 2706 18
831 2679 936 2713 (Magne
954 2679 996 2712 83,
1009 2679 1072 2713 251)
1095 2681 1119 2705 et
1133 2678 1245 2712 passim.
1349 2677 1383 2704 49
1403 2677 1535 2706 Βασιλέως
1554 2677 1675 2713 Καρόλου
1691 2676 1773 2711 ἡμῶν
1791 2676 1835 2709 σύ,

186 2730 290 2767 Χριστέ,
309 2731 405 2766 βοήθει
423 2732 452 2765 (α
472 2739 524 2765 quo
541 2731 619 2758 verbo
634 2731 770 2765 genetivus
783 2730 885 2765 pendet
903 2731 968 2764 fort.
986 2731 1054 2757 male
1070 2730 1202 2757 intellecto
1223 2737 1258 2756 ev.
1273 2728 1358 2755 Marc.
1377 2729 1402 2760 9,
1415 2728 1469 2762 24),
1492 2727 1532 2757 Ὡς
1550 2727 1719 2763 κληροῦσθαι
1736 2727 1836 2763 χοροιῖς

185 2782 300 2812 δυνατός
318 2781 470 2818 ου’ρανιόινς.

1577 2831 1628 2857 68*
