2060 3074
214 160 275 189 452
867 158 1002 185 HFllRlCI
1023 159 1064 185 CA
1073 159 1198 186 RMINA.

682 245 844 276 Phoebeis
869 246 989 276 laribus
1014 248 1087 277 vota
1114 247 1257 288 potentia

682 296 842 328 Indebant
866 297 969 328 solitis
994 298 1219 339 relligionibus

683 348 793 379 Musas
817 349 890 380 vela
913 349 1020 380 futuro

630 414 641 430 s
680 399 860 431 Credentes
884 400 963 432 dare
988 402 1131 433 carmini.

682 477 819 509 Centum
844 478 976 509 vocibus
1001 478 1052 510 hic
1077 490 1132 510 ora
1156 481 1331 522 crepantia,

680 529 744 560 Hic
769 530 897 572 linguas
922 530 1066 567 totidem,
1091 534 1206 573 pectus
1231 542 1381 566 aeneum.

681 580 754 612 Oris
778 581 883 613 ferrea
907 579 1031 624 plectra>

616 646 639 663 η
679 633 821 664 Excibat
845 634 1031 666 studiosius.

681 710 735 742 Me
759 711 893 743 robusta
916 712 1008 752 fides,
1032 723 1124 744 mens
1148 713 1232 744 bene
1257 713 1388 745 credula

681 762 855 795 Diversum
880 767 994 806 petere
1019 767 1051 796 et
1075 775 1154 796 sane
1177 765 1359 803 decentius

679 814 730 846 Ne
754 815 858 847 dicam
884 816 1074 850 officiosum.

615 879 639 897 m
676 866 900 909 Importunius
926 868 1059 901 excitat.
1084 887 1125 890 —

682 944 710 975 Ο
735 945 791 976 lux
815 945 1014 987 terrigenum
1039 946 1203 977 mentibus
1228 945 1348 981 addita,

680 996 708 1027 O
733 997 879 1028 mirande
904 997 997 1029 nimis
1022 998 1155 1040 spiritus
1179 998 1308 1035 artifex,

681 1048 708 1080 O
733 1049 867 1090 largitor
890 1049 1059 1084 honorum,

614 1112 640 1131 20
679 1099 706 1130 Ο
732 1100 886 1132 facundia
909 1101 1036 1141 fertilis,

681 1177 765 1209 Olim
789 1178 970 1210 formifluos
995 1179 1048 1221 qui
1073 1180 1186 1211 latices
1211 1191 1310 1222 super

680 1229 859 1262 Portabare
882 1231 1006 1270 fovens,
1031 1231 1227 1263 formificans
1252 1243 1380 1274 quoque
1405 1251 1444 1254 —

681 1281 807 1314 Cuncta
830 1282 981 1314 informia
1004 1294 1143 1326 namque

616 1346 641 1365 24
679 1333 803 1365 Extant
827 1337 858 1366 te
883 1335 963 1374 Sine,
988 1335 1134 1367 conditor
1159 1346 1213 1365 -ς

679 1410 823 1453 Inceptis
846 1411 974 1453 placido
999 1411 1129 1443 flamine
1153 1412 1302 1443 cursibus

681 1463 801 1505 Aspira
825 1466 857 1494 et
880 1463 995 1495 faciles
1019 1474 1157 1506 suggere
1182 1464 1318 1495 dactilos

682 1514 915 1557 Spondeosque
939 1526 1102 1551 morosos:

613 1578 638 1597 28
676 1565 826 1608 Namque
850 1567 931 1598 haec
956 1567 1072 1609 copula
1095 1567 1228 1609 gratior.

680 1645 724 1676 At
748 1655 812 1676 non
836 1645 1001 1677 sufficiunt
1024 1646 1126 1677 verba
1149 1646 1293 1683 fluentia,

678 1696 719 1727 Ni
745 1697 787 1728 sit
811 1697 965 1729 materies
989 1697 1162 1739 splendida
1186 1698 1352 1729 carminis:

679 1748 862 1791 Utrumque
887 1749 1047 1791 approbat
1069 1760 1149 1780 usus

615 1812 639 1832 32
676 1800 720 1832 Et
744 1812 803 1832 nos
827 1804 963 1843 utraque
987 1801 1163 1843 poscimus.

680 1878 874 1921 Quanquam
899 1882 990 1910 tanta
1013 1879 1055 1911 sit
1079 1879 1160 1911 haec
1185 1883 1316 1921 tamque
1341 1880 1449 1922 pei-eff
1454 1881 1517 1912 lua.

677 1931 723 1962 Ut
747 1942 862 1963 sensus
887 1931 1002 1963 merito
1025 1941 1181 1973 mensque
1205 1932 1395 1974 perhorreat

679 1982 805 2014 Tantae
830 1994 969 2026 scrupea
992 1984 1086 2015 molis

614 2047 638 2065 aa
675 2034 785 2076 Atque
810 2035 933 2067 intacta
956 2035 1134 2074 cacumina,

678 2112 860 2143 Nonnullas
885 2122 1000 2155 operas
1024 2112 1168 2154 postulat
1191 2114 1336 2143 attamen

679 2165 716 2196 In
740 2165 817 2197 litus
841 2165 974 2196 fluvium
1001 2175 1119 2207 cogere
1144 2164 1320 2206 turgidum,

679 2216 818 2259 Campos
843 2227 915 2248 cum
939 2227 998 2259 per
1021 2220 1154 2259 apertos

613 2282 639 2300 ιο
677 2269 758 2301 Sese
782 2269 879 2301 latius
904 2269 1059 2312 explicat.

310 2381 416 2406 Scholia
430 2396 461 2399 —
481 2382 496 2407 ἵ)
510 2381 618 2415 laribus]
632 2383 733 2415 templis
804 2382 820 2407 9
833 2381 884 2415 hic]
898 2383 966 2408 alius
1002 2381 1148 2415 crepantia]
1162 2382 1282 2407 sonantia
1294 2382 1436 2414 expetebat.
1451 2396 1479 2399 —
1498 2383 1600 2407 Persius
1613 2385 1648 2413 (5,
1662 2386 1688 2412 1,·
1701 2383 1798 2407 Pirsius
1810 2380 1855 2414 P)2

207 2424 323 2449 ‘Vatibus
341 2425 383 2450 bic
402 2434 455 2450 mos
474 2430 512 2450 est
530 2431 633 2451 centum
652 2426 700 2451 sibi
721 2434 823 2459 poscere
842 2426 947 2459 linguas
966 2426 1080 2458 (lingues
1092 2425 1131 2457 P,·
1149 2433 1224 2454 voces
1237 2425 1350 2456 Persius,
1368 2425 1471 2458 linguas
1491 2425 1544 2450 cod.
1558 2426 1670 2451 nmvieim
1687 2425 1760 2458 apud
1774 2424 1855 2458 Jahn)

207 2466 239 2491 14
259 2468 276 2492 1.
297 2476 316 2492 c.
337 2469 429 2493 efficax
450 2469 490 2494 vel
509 2469 644 2502 possibile3
670 2478 729 2494 nam
750 2472 859 2495 ferreum
879 2478 906 2494 os
925 2470 1019 2494 habere
1037 2469 1186 2502 inpossibile
1204 2473 1241 2493 est
1348 2466 1378 2493 17
1403 2469 1471 2494 Hinc
1489 2469 1570 2494 oratio
1675 2468 1705 2494 21
1731 2470 1750 2494 1.
1769 2477 1791 2493 e.
1811 2469 1854 2501 qui

205 2519 281 2543 super
300 2512 432 2537 informem
445 2512 579 2544 (informa-e
592 2512 626 2546 P)
646 2513 795 2538 matheriam
815 2512 957 2546 (materiem
971 2522 1038 2538 corr.
1052 2513 1085 2544 P)
1104 2513 1233 2544 ferebaris,
1251 2520 1319 2544 quae
1333 2513 1460 2537 formiflua
1479 2513 1571 2537 dicitnr
1589 2513 1657 2546 quod
1676 2521 1707 2537 ex
1726 2520 1757 2537 ca
1770 2520 1854 2537 rerum

205 2555 316 2579 omnium
336 2556 430 2580 formae
449 2557 580 2581 fluxerunt
683 2555 716 2582 27
742 2557 798 2582 Hae
816 2561 876 2582 sunt
901 2565 1029 2589 expensae
1052 2556 1146 2581 heroici
1166 2555 1284 2581 carminis
1389 2555 1419 2580 31
1447 2555 1599 2589 Utrumque]
1625 2556 1773 2581 matheriam
1795 2564 1854 2580 cum

206 2598 289 2621 verbis
394 2598 427 2623 33
453 2598 525 2632 haec]
549 2608 584 2625 sc.
603 2600 740 2625 matberies
845 2599 879 2625 35
904 2598 1022 2632 scrupea]
1046 2600 1210 2632 asperitatem
1265 2597 1348 2630 molis]
1373 2598 1521 2630 gravedinis
1625 2598 1658 2624 3¹1*
1683 2597 1852 2631 Allegorfice)

204 2641 237 2665 ΒΗ
262 2641 361 2674 cogere]
382 2641 553 2677 eoadun(a)ro
608 2643 749 2676 turgidum]
771 2644 887 2669 inflatum
992 2643 1026 2668 39
1050 2641 1163 2676 apertos]
1182 2643 1197 2667 i.
1217 2651 1238 2668 e.
1257 2642 1354 2675 planos.
1380 2656 1411 2660 ——
1436 2642 1546 2673 Summi,
1573 2642 1672 2674 inquid,
1698 2642 1792 2666 laboris
1815 2646 1853 2666 est

205 2685 346 2710 inmensam
365 2686 516 2711 matheriam
536 2687 696 2719 breviloquio
714 2691 832 2712 coartare

307 2771 323 2795 ἵ)
346 2750 437 2797 Poenis
456 2772 481 2797 P
532 2773 663 2798 laboribus
681 2782 747 2798 corr.
769 2773 791 2798 Ρ
892 2773 908 2797 8
933 2774 1038 2798 carmini
1057 2771 1192 2805 Boachius]
1216 2772 1316 2797 crimini
1335 2771 1360 2796 P
1463 2771 1495 2797 lb*
1520 2772 1693 2804 Importunius
1717 2768 1852 2802 Bonchim]

203 2815 366 2846 [inportunus
386 2815 410 2839 1¹
495 2815 528 2840 :22
548 2817 684 2841 lin-micans
702 2826 767 2841 corr.
782 2818 798 2841 2
810 2825 843 2841 m.
864 2816 888 2840 P
973 2816 1005 2842 24
1026 2817 1121 2841 Extant
1139 2815 1174 2848 te]
1195 2819 1300 2841 extante
1318 2824 1385 2840 rma.
1405 2817 1421 2840 2
1433 2823 1467 2840 m.
1479 2814 1505 2839 P
1589 2814 1623 2839 36
1639 2813 1783 2845 eacus'miua
1797 2813 1822 2838 P

2035 2790 2055 2805 il
