<?xml version="1.0" encoding="UTF-8"?>
<!DOCTYPE html PUBLIC "-//W3C//DTD XHTML 1.0 Transitional//EN"
    "http://www.w3.org/TR/xhtml1/DTD/xhtml1-transitional.dtd">
<html xmlns="http://www.w3.org/1999/xhtml" xml:lang="en" lang="en">
 <head>
  <title>
</title>
<meta http-equiv="Content-Type" content="text/html;charset=utf-8" />
  <meta name='ocr-system' content='tesseract 3.04.00' />
  <meta name='ocr-capabilities' content='ocr_page ocr_carea ocr_par ocr_line ocrx_word'/>
</head>
<body>
  <div class='ocr_page' id='page_1' title='image "./monumentagerma03geseuoft/monumentagerma03geseuoft_0536.png"; bbox 0 0 2060 3074; ppageno 0'>
   <div class='ocr_carea' id='block_1_1' title="bbox 196 171 1283 207">
    <p class='ocr_par' dir='ltr' id='par_1_1' title="bbox 196 171 1283 207">
     <span class='ocr_line' id='line_1_1' title="bbox 196 171 1283 207; baseline -0.01 0"><span class='ocrx_word' id='word_1_1' title='bbox 196 178 257 207; x_wconf 66' lang='lat'>521)</span> <span class='ocrx_word' id='word_1_2' title='bbox 763 173 942 199; x_wconf 81' lang='lat' dir='ltr'>IOHANNIS</span> <span class='ocrx_word' id='word_1_3' title='bbox 961 172 1089 199; x_wconf 87' lang='lat' dir='ltr'>SCOTTI</span> <span class='ocrx_word' id='word_1_4' title='bbox 1107 171 1283 198; x_wconf 78' lang='lat' dir='ltr'>CARMINA.</span> 
     </span>
    </p>
   </div>
   <div class='ocr_carea' id='block_1_2' title="bbox 187 257 1845 350">
    <p class='ocr_par' dir='ltr' id='par_1_2' title="bbox 187 257 1845 350">
     <span class='ocr_line' id='line_1_2' title="bbox 187 257 1845 301; baseline 0 -9"><span class='ocrx_word' id='word_1_5' title='bbox 187 261 483 301; x_wconf 72' lang='lat' dir='ltr'>praedestinatione</span> <span class='ocrx_word' id='word_1_6' title='bbox 505 259 657 290; x_wconf 75' lang='lat' dir='ltr'>adversus</span> <span class='ocrx_word' id='word_1_7' title='bbox 675 258 906 289; x_wconf 78' lang='lat' dir='ltr'>Gottescalcum</span> <span class='ocrx_word' id='word_1_8' title='bbox 918 259 937 296; x_wconf 90' lang='lat'>¹,</span> <span class='ocrx_word' id='word_1_9' title='bbox 955 261 1029 297; x_wconf 77' lang='lat' dir='ltr'>post</span> <span class='ocrx_word' id='word_1_10' title='bbox 1046 259 1117 289; x_wconf 86' lang='lat' dir='ltr'>Ian.</span> <span class='ocrx_word' id='word_1_11' title='bbox 1135 258 1198 288; x_wconf 84' lang='grc'>859</span> <span class='ocrx_word' id='word_1_12' title='bbox 1221 260 1249 288; x_wconf 86' lang='lat' dir='ltr'>et</span> <span class='ocrx_word' id='word_1_13' title='bbox 1272 259 1345 288; x_wconf 85' lang='lat' dir='ltr'>ante</span> <span class='ocrx_word' id='word_1_14' title='bbox 1364 257 1428 289; x_wconf 86' lang='lat' dir='ltr'>Oct.</span> <span class='ocrx_word' id='word_1_15' title='bbox 1445 259 1508 288; x_wconf 89' lang='grc'>869</span> <span class='ocrx_word' id='word_1_16' title='bbox 1524 259 1669 290; x_wconf 75' lang='lat' dir='ltr'>carmina</span> <span class='ocrx_word' id='word_1_17' title='bbox 1689 260 1733 291; x_wconf 85' lang='lat' dir='ltr'>ad</span> <span class='ocrx_word' id='word_1_18' title='bbox 1746 271 1845 301; x_wconf 76' lang='lat' dir='ltr'>reqem</span> 
     </span>
     <span class='ocr_line' id='line_1_3' title="bbox 196 308 1845 350; baseline 0 -7"><span class='ocrx_word' id='word_1_19' title='bbox 196 313 294 343; x_wconf 65' lang='lat' dir='ltr'>missa</span> <span class='ocrx_word' id='word_1_20' title='bbox 302 312 325 349; x_wconf 81' lang='lat'>2,</span> <span class='ocrx_word' id='word_1_21' title='bbox 349 312 438 342; x_wconf 80' lang='lat' dir='ltr'>intra</span> <span class='ocrx_word' id='word_1_22' title='bbox 453 311 593 350; x_wconf 77' lang='lat' dir='ltr'>spatium</span> <span class='ocrx_word' id='word_1_23' title='bbox 609 311 647 341; x_wconf 82' lang='lat' dir='ltr'>ab</span> <span class='ocrx_word' id='word_1_24' title='bbox 664 320 694 340; x_wconf 89' lang='lat' dir='ltr'>a.</span> <span class='ocrx_word' id='word_1_25' title='bbox 711 310 775 339; x_wconf 80' lang='grc'>858</span> <span class='ocrx_word' id='word_1_26' title='bbox 790 310 834 340; x_wconf 83' lang='grc' dir='ltr'>(ιά</span> <span class='ocrx_word' id='word_1_27' title='bbox 855 320 886 341; x_wconf 87' lang='lat' dir='ltr'>a.</span> <span class='ocrx_word' id='word_1_28' title='bbox 903 310 967 340; x_wconf 84' lang='grc'><em>860</em></span> <span class='ocrx_word' id='word_1_29' title='bbox 983 308 1176 349; x_wconf 73' lang='lat' dir='ltr'>Dionysium</span> <span class='ocrx_word' id='word_1_30' title='bbox 1192 309 1418 348; x_wconf 71' lang='lat' dir='ltr'>Areopayi&#39;tam</span> <span class='ocrx_word' id='word_1_31' title='bbox 1439 319 1461 339; x_wconf 85' lang='lat' dir='ltr'>a</span> <span class='ocrx_word' id='word_1_32' title='bbox 1476 319 1507 340; x_wconf 86' lang='lat' dir='ltr'>se</span> <span class='ocrx_word' id='word_1_33' title='bbox 1523 310 1640 341; x_wconf 79' lang='lat' dir='ltr'><em>Latine</em></span> <span class='ocrx_word' id='word_1_34' title='bbox 1655 311 1813 343; x_wconf 78' lang='lat' dir='ltr'>redditum</span> <span class='ocrx_word' id='word_1_35' title='bbox 1822 313 1845 350; x_wconf 86' lang='lat'>³,</span> 
     </span>
    </p>
   </div>
   <div class='ocr_carea' id='block_1_3' title="bbox 1203 393 1740 405">
    <p class='ocr_par' dir='ltr' id='par_1_3' title="bbox 1203 393 1740 405">
     <span class='ocr_line' id='line_1_4' title="bbox 1203 393 1740 405; baseline 0 0"><span class='ocrx_word' id='word_1_36' title='bbox 1203 393 1740 405; x_wconf 95' lang='lat' dir='ltr'> </span> 
     </span>
    </p>
   </div>
   <div class='ocr_carea' id='block_1_4' title="bbox 192 454 1853 1319">
    <p class='ocr_par' dir='ltr' id='par_1_4' title="bbox 192 454 1853 1319">
     <span class='ocr_line' id='line_1_5' title="bbox 195 454 1845 490; baseline 0 -6"><span class='ocrx_word' id='word_1_37' title='bbox 195 458 337 485; x_wconf 60' lang='lat' dir='ltr'>Mazarini</span> <span class='ocrx_word' id='word_1_38' title='bbox 354 456 553 488; x_wconf 72' lang='lat' dir='ltr'><em>bibliothecarii,</em></span> <span class='ocrx_word' id='word_1_39' title='bbox 573 455 738 482; x_wconf 77' lang='lat' dir='ltr'><em>collectaneis</em></span> <span class='ocrx_word' id='word_1_40' title='bbox 755 455 786 481; x_wconf 82' lang='lat' dir='ltr'>in</span> <span class='ocrx_word' id='word_1_41' title='bbox 804 454 954 481; x_wconf 74' lang='lat' dir='ltr'>bibliotheca</span> <span class='ocrx_word' id='word_1_42' title='bbox 969 454 1114 481; x_wconf 76' lang='lat' dir='ltr'>Oxoniensi</span> <span class='ocrx_word' id='word_1_43' title='bbox 1132 455 1272 481; x_wconf 66' lang='lat' dir='ltr'>asservatis</span> <span class='ocrx_word' id='word_1_44' title='bbox 1288 455 1327 482; x_wconf 84' lang='lat' dir='ltr'>sic</span> <span class='ocrx_word' id='word_1_45' title='bbox 1345 455 1443 482; x_wconf 87' lang='lat' dir='ltr'>relata:</span> <span class='ocrx_word' id='word_1_46' title='bbox 1463 455 1606 490; x_wconf 84' lang='lat' dir='ltr'>[Nicolaus</span> <span class='ocrx_word' id='word_1_47' title='bbox 1619 457 1645 484; x_wconf 77' lang='lat' dir='ltr'>S.</span> <span class='ocrx_word' id='word_1_48' title='bbox 1659 457 1684 483; x_wconf 84' lang='lat' dir='ltr'>S.</span> <span class='ocrx_word' id='word_1_49' title='bbox 1698 457 1729 483; x_wconf 94' lang='lat' dir='ltr'>D.</span> <span class='ocrx_word' id='word_1_50' title='bbox 1743 457 1845 485; x_wconf 74' lang='lat' dir='ltr'>dilecto</span> 
     </span>
     <span class='ocr_line' id='line_1_6' title="bbox 196 506 1846 543; baseline 0.001 -8"><span class='ocrx_word' id='word_1_51' title='bbox 196 509 252 535; x_wconf 89' lang='lat' dir='ltr'>filio</span> <span class='ocrx_word' id='word_1_52' title='bbox 272 509 369 537; x_wconf 83' lang='lat' dir='ltr'>Carolo</span> <span class='ocrx_word' id='word_1_53' title='bbox 388 508 510 542; x_wconf 85' lang='lat' dir='ltr'>glorioso</span> <span class='ocrx_word' id='word_1_54' title='bbox 530 508 697 534; x_wconf 83' lang='lat' dir='ltr'><strong>Francorum</strong></span> <span class='ocrx_word' id='word_1_55' title='bbox 717 507 784 540; x_wconf 86' lang='lat' dir='ltr'>regi.</span> <span class='ocrx_word' id='word_1_56' title='bbox 822 515 888 533; x_wconf 82' lang='lat' dir='ltr'>sane</span> <span class='ocrx_word' id='word_1_57' title='bbox 906 506 1057 540; x_wconf 87' lang='lat' dir='ltr'>plurimum</span> <span class='ocrx_word' id='word_1_58' title='bbox 1077 515 1127 533; x_wconf 87' lang='lat' dir='ltr'>nos</span> <span class='ocrx_word' id='word_1_59' title='bbox 1147 506 1294 538; x_wconf 83' lang='lat' dir='ltr'>laetificat,</span> <span class='ocrx_word' id='word_1_60' title='bbox 1317 507 1391 541; x_wconf 87' lang='lat' dir='ltr'>quod</span> <span class='ocrx_word' id='word_1_61' title='bbox 1411 507 1440 533; x_wconf 88' lang='lat' dir='ltr'>in</span> <span class='ocrx_word' id='word_1_62' title='bbox 1458 507 1575 542; x_wconf 82' lang='lat' dir='ltr'>imperio</span> <span class='ocrx_word' id='word_1_63' title='bbox 1599 509 1628 534; x_wconf 89' lang='lat' dir='ltr'>et</span> <span class='ocrx_word' id='word_1_64' title='bbox 1650 517 1736 543; x_wconf 82' lang='lat' dir='ltr'>regno</span> <span class='ocrx_word' id='word_1_65' title='bbox 1756 511 1846 537; x_wconf 86' lang='lat' dir='ltr'>vestro</span> 
     </span>
     <span class='ocr_line' id='line_1_7' title="bbox 196 559 1846 595; baseline 0.001 -8"><span class='ocrx_word' id='word_1_66' title='bbox 196 563 224 587; x_wconf 90' lang='lat' dir='ltr'>et</span> <span class='ocrx_word' id='word_1_67' title='bbox 247 561 406 595; x_wconf 71' lang='lat' dir='ltr'>specialiter</span> <span class='ocrx_word' id='word_1_68' title='bbox 430 560 552 586; x_wconf 71' lang='lat' dir='ltr'>Par-isius</span> <span class='ocrx_word' id='word_1_69' title='bbox 580 560 715 587; x_wconf 84' lang='lat' dir='ltr'>bonarum</span> <span class='ocrx_word' id='word_1_70' title='bbox 743 559 846 585; x_wconf 82' lang='lat' dir='ltr'>artium</span> <span class='ocrx_word' id='word_1_71' title='bbox 873 559 1231 593; x_wconf 75' lang='lat' dir='ltr'>studiapraedecessorum</span> <span class='ocrx_word' id='word_1_72' title='bbox 1254 559 1407 585; x_wconf 85' lang='lat' dir='ltr'>vestrorum</span> <span class='ocrx_word' id='word_1_73' title='bbox 1433 567 1498 586; x_wconf 81' lang='lat' dir='ltr'>cura</span> <span class='ocrx_word' id='word_1_74' title='bbox 1522 559 1648 586; x_wconf 79' lang='lat' dir='ltr'>stabilita</span> <span class='ocrx_word' id='word_1_75' title='bbox 1667 561 1846 595; x_wconf 79' lang='lat' dir='ltr'>repullulent,</span> 
     </span>
     <span class='ocr_line' id='line_1_8' title="bbox 196 609 1848 647; baseline 0.001 -9"><span class='ocrx_word' id='word_1_76' title='bbox 196 622 313 646; x_wconf 79' lang='lat' dir='ltr'>quarum</span> <span class='ocrx_word' id='word_1_77' title='bbox 339 611 491 638; x_wconf 80' lang='lat' dir='ltr'>seminibus</span> <span class='ocrx_word' id='word_1_78' title='bbox 520 611 635 638; x_wconf 72' lang='lat' dir='ltr'>ecclesia</span> <span class='ocrx_word' id='word_1_79' title='bbox 662 611 706 637; x_wconf 86' lang='lat' dir='ltr'>dei</span> <span class='ocrx_word' id='word_1_80' title='bbox 735 611 886 637; x_wconf 80' lang='lat' dir='ltr'>fructificat</span> <span class='ocrx_word' id='word_1_81' title='bbox 913 611 942 636; x_wconf 87' lang='lat' dir='ltr'>et</span> <span class='ocrx_word' id='word_1_82' title='bbox 969 610 1057 636; x_wconf 84' lang='lat' dir='ltr'>animi</span> <span class='ocrx_word' id='word_1_83' title='bbox 1085 611 1253 644; x_wconf 74' lang='lat' dir='ltr'>vegetantur</span> <span class='ocrx_word' id='word_1_84' title='bbox 1279 609 1315 636; x_wconf 83' lang='lat' dir='ltr'>ad</span> <span class='ocrx_word' id='word_1_85' title='bbox 1343 609 1419 636; x_wconf 80' lang='lat' dir='ltr'>illius</span> <span class='ocrx_word' id='word_1_86' title='bbox 1447 609 1643 638; x_wconf 79' lang='lat' dir='ltr'><strong>defensionem.</strong></span> <span class='ocrx_word' id='word_1_87' title='bbox 1683 611 1731 638; x_wconf 84' lang='lat' dir='ltr'>sed</span> <span class='ocrx_word' id='word_1_88' title='bbox 1758 621 1848 647; x_wconf 82' lang='lat' dir='ltr'>nuper</span> 
     </span>
     <span class='ocr_line' id='line_1_9' title="bbox 196 661 1848 697; baseline 0.001 -7"><span class='ocrx_word' id='word_1_89' title='bbox 196 664 347 695; x_wconf 82' lang='lat' dir='ltr'>doluimus,</span> <span class='ocrx_word' id='word_1_90' title='bbox 377 664 419 697; x_wconf 89' lang='lat' dir='ltr'>ut]</span> <span class='ocrx_word' id='word_1_91' title='bbox 449 663 569 689; x_wconf 81' lang='lat' dir='ltr'>relatum</span> <span class='ocrx_word' id='word_1_92' title='bbox 597 665 639 689; x_wconf 86' lang='lat' dir='ltr'>est</span> <span class='ocrx_word' id='word_1_93' title='bbox 665 661 836 696; x_wconf 81' lang='lat' dir='ltr'>apostolatui</span> <span class='ocrx_word' id='word_1_94' title='bbox 865 663 971 693; x_wconf 85' lang='lat' dir='ltr'>nostro,</span> <span class='ocrx_word' id='word_1_95' title='bbox 1002 661 1076 695; x_wconf 88' lang='lat' dir='ltr'>quod</span> <span class='ocrx_word' id='word_1_96' title='bbox 1105 669 1175 695; x_wconf 91' lang='lat' dir='ltr'>opus</span> <span class='ocrx_word' id='word_1_97' title='bbox 1202 661 1328 695; x_wconf 84' lang='lat' dir='ltr'>Dionysii</span> <span class='ocrx_word' id='word_1_98' title='bbox 1355 661 1556 696; x_wconf 79' lang='lat' dir='ltr'>Areopagitae,</span> <span class='ocrx_word' id='word_1_99' title='bbox 1583 662 1657 696; x_wconf 87' lang='lat' dir='ltr'>quod</span> <span class='ocrx_word' id='word_1_100' title='bbox 1684 663 1719 690; x_wconf 88' lang='lat' dir='ltr'>de</span> <span class='ocrx_word' id='word_1_101' title='bbox 1745 663 1848 691; x_wconf 85' lang='lat' dir='ltr'>divinis</span> 
     </span>
     <span class='ocr_line' id='line_1_10' title="bbox 196 713 1848 747; baseline 0.001 -5"><span class='ocrx_word' id='word_1_102' title='bbox 196 715 354 742; x_wconf 83' lang='lat' dir='ltr'>nominibus</span> <span class='ocrx_word' id='word_1_103' title='bbox 378 717 406 741; x_wconf 89' lang='lat' dir='ltr'>et</span> <span class='ocrx_word' id='word_1_104' title='bbox 429 714 595 741; x_wconf 81' lang='lat' dir='ltr'>caelestibus</span> <span class='ocrx_word' id='word_1_105' title='bbox 620 714 764 740; x_wconf 83' lang='lat' dir='ltr'>ordinibus</span> <span class='ocrx_word' id='word_1_106' title='bbox 789 714 893 740; x_wconf 85' lang='lat' dir='ltr'>Graeco</span> <span class='ocrx_word' id='word_1_107' title='bbox 917 713 1065 747; x_wconf 73' lang='lat' dir='ltr'>descripsit</span> <span class='ocrx_word' id='word_1_108' title='bbox 1088 713 1211 746; x_wconf 89' lang='lat' dir='ltr'>eloquio,</span> <span class='ocrx_word' id='word_1_109' title='bbox 1242 713 1354 747; x_wconf 84' lang='lat' dir='ltr'>quidam</span> <span class='ocrx_word' id='word_1_110' title='bbox 1380 713 1422 739; x_wconf 87' lang='lat' dir='ltr'>vir</span> <span class='ocrx_word' id='word_1_111' title='bbox 1446 713 1584 741; x_wconf 77' lang='lat' dir='ltr'>Iohannes</span> <span class='ocrx_word' id='word_1_112' title='bbox 1609 715 1723 742; x_wconf 77' lang='lat' dir='ltr'>natione</span> <span class='ocrx_word' id='word_1_113' title='bbox 1749 715 1848 743; x_wconf 85' lang='lat' dir='ltr'>Scotus</span> 
     </span>
     <span class='ocr_line' id='line_1_11' title="bbox 196 764 1850 802; baseline 0 -8"><span class='ocrx_word' id='word_1_114' title='bbox 196 776 285 802; x_wconf 85' lang='lat' dir='ltr'>nuper</span> <span class='ocrx_word' id='word_1_115' title='bbox 313 767 459 794; x_wconf 75' lang='lat' dir='ltr'>transtulit</span> <span class='ocrx_word' id='word_1_116' title='bbox 486 767 515 793; x_wconf 89' lang='lat' dir='ltr'>in</span> <span class='ocrx_word' id='word_1_117' title='bbox 544 767 683 793; x_wconf 84' lang='lat' dir='ltr'>Latinum.</span> <span class='ocrx_word' id='word_1_118' title='bbox 730 766 804 800; x_wconf 91' lang='lat' dir='ltr'>qnod</span> <span class='ocrx_word' id='word_1_119' title='bbox 834 766 915 792; x_wconf 85' lang='lat' dir='ltr'>iuxta</span> <span class='ocrx_word' id='word_1_120' title='bbox 944 773 1048 792; x_wconf 87' lang='lat' dir='ltr'>morem</span> <span class='ocrx_word' id='word_1_121' title='bbox 1079 765 1211 792; x_wconf 83' lang='lat' dir='ltr'>ecclesiae</span> <span class='ocrx_word' id='word_1_122' title='bbox 1239 764 1319 791; x_wconf 79' lang='lat' dir='ltr'>nobis</span> <span class='ocrx_word' id='word_1_123' title='bbox 1346 765 1423 792; x_wconf 88' lang='lat' dir='ltr'>mitti</span> <span class='ocrx_word' id='word_1_124' title='bbox 1451 766 1480 792; x_wconf 87' lang='lat' dir='ltr'>et</span> <span class='ocrx_word' id='word_1_125' title='bbox 1506 767 1599 793; x_wconf 84' lang='lat' dir='ltr'>nostro</span> <span class='ocrx_word' id='word_1_126' title='bbox 1623 766 1727 794; x_wconf 86' lang='lat' dir='ltr'>iudicio</span> <span class='ocrx_word' id='word_1_127' title='bbox 1751 767 1850 794; x_wconf 84' lang='lat' dir='ltr'>debuit</span> 
     </span>
     <span class='ocr_line' id='line_1_12' title="bbox 196 817 1850 854; baseline 0 -8"><span class='ocrx_word' id='word_1_128' title='bbox 196 820 354 854; x_wconf 75' lang='lat' dir='ltr'>approbari,</span> <span class='ocrx_word' id='word_1_129' title='bbox 374 819 537 853; x_wconf 82' lang='lat' dir='ltr'>praesertim</span> <span class='ocrx_word' id='word_1_130' title='bbox 556 828 618 846; x_wconf 89' lang='lat' dir='ltr'>cum</span> <span class='ocrx_word' id='word_1_131' title='bbox 637 819 711 845; x_wconf 88' lang='lat' dir='ltr'>idem</span> <span class='ocrx_word' id='word_1_132' title='bbox 731 818 868 845; x_wconf 78' lang='lat' dir='ltr'>Iohannes</span> <span class='ocrx_word' id='word_1_133' title='bbox 888 818 992 844; x_wconf 83' lang='lat' dir='ltr'>multae</span> <span class='ocrx_word' id='word_1_134' title='bbox 1011 817 1145 844; x_wconf 80' lang='lat' dir='ltr'>scientiae</span> <span class='ocrx_word' id='word_1_135' title='bbox 1164 825 1223 844; x_wconf 86' lang='lat' dir='ltr'>esse</span> <span class='ocrx_word' id='word_1_136' title='bbox 1242 817 1420 852; x_wconf 80' lang='lat' dir='ltr'>praedicetur</span> <span class='ocrx_word' id='word_1_137' title='bbox 1431 817 1507 848; x_wconf 80' lang='lat' dir='ltr'>olim,</span> <span class='ocrx_word' id='word_1_138' title='bbox 1526 818 1573 844; x_wconf 88' lang='lat' dir='ltr'>sed</span> <span class='ocrx_word' id='word_1_139' title='bbox 1593 827 1648 845; x_wconf 89' lang='lat' dir='ltr'>non</span> <span class='ocrx_word' id='word_1_140' title='bbox 1667 827 1734 846; x_wconf 77' lang='lat' dir='ltr'>sane</span> <span class='ocrx_word' id='word_1_141' title='bbox 1753 827 1850 854; x_wconf 79' lang='lat' dir='ltr'>sapere</span> 
     </span>
     <span class='ocr_line' id='line_1_13' title="bbox 196 869 1850 905; baseline 0.001 -8"><span class='ocrx_word' id='word_1_142' title='bbox 196 871 225 897; x_wconf 90' lang='lat' dir='ltr'>in</span> <span class='ocrx_word' id='word_1_143' title='bbox 245 871 412 904; x_wconf 79' lang='lat' dir='ltr'>quibusdam</span> <span class='ocrx_word' id='word_1_144' title='bbox 437 870 576 905; x_wconf 83' lang='lat' dir='ltr'>frequenti</span> <span class='ocrx_word' id='word_1_145' title='bbox 596 879 705 898; x_wconf 87' lang='lat' dir='ltr'>rumore</span> <span class='ocrx_word' id='word_1_146' title='bbox 724 870 843 897; x_wconf 76' lang='lat' dir='ltr'>dicatur.</span> <span class='ocrx_word' id='word_1_147' title='bbox 881 870 958 905; x_wconf 85' lang='lat' dir='ltr'>[hinc</span> <span class='ocrx_word' id='word_1_148' title='bbox 977 871 1026 903; x_wconf 86' lang='lat' dir='ltr'>est,</span> <span class='ocrx_word' id='word_1_149' title='bbox 1046 870 1122 904; x_wconf 89' lang='lat' dir='ltr'>quod</span> <span class='ocrx_word' id='word_1_150' title='bbox 1141 869 1285 896; x_wconf 86' lang='lat' dir='ltr'>dilectioni</span> <span class='ocrx_word' id='word_1_151' title='bbox 1304 871 1412 896; x_wconf 77' lang='lat' dir='ltr'>vestrae</span> <span class='ocrx_word' id='word_1_152' title='bbox 1426 869 1604 896; x_wconf 88' lang='lat' dir='ltr'>vehementer</span> <span class='ocrx_word' id='word_1_153' title='bbox 1622 871 1753 905; x_wconf 80' lang='lat' dir='ltr'>rogantes</span> <span class='ocrx_word' id='word_1_154' title='bbox 1772 880 1850 898; x_wconf 84' lang='lat' dir='ltr'>man-</span> 
     </span>
     <span class='ocr_line' id='line_1_14' title="bbox 196 921 1850 958; baseline 0.001 -9"><span class='ocrx_word' id='word_1_155' title='bbox 196 924 301 955; x_wconf 80' lang='lat' dir='ltr'>damus,</span> <span class='ocrx_word' id='word_1_156' title='bbox 321 924 459 956; x_wconf 80' lang='lat' dir='ltr'>quatenus</span> <span class='ocrx_word' id='word_1_157' title='bbox 478 923 650 958; x_wconf 79' lang='lat' dir='ltr'>apostolatui</span> <span class='ocrx_word' id='word_1_158' title='bbox 669 924 763 949; x_wconf 81' lang='lat' dir='ltr'>nostro</span> <span class='ocrx_word' id='word_1_159' title='bbox 782 922 957 957; x_wconf 80' lang='lat' dir='ltr'>praedictum</span> <span class='ocrx_word' id='word_1_160' title='bbox 975 922 1129 949; x_wconf 75' lang='lat' dir='ltr'>Iohannem</span> <span class='ocrx_word' id='word_1_161' title='bbox 1146 921 1348 956; x_wconf 83' lang='lat' dir='ltr'>repraesentari</span> <span class='ocrx_word' id='word_1_162' title='bbox 1373 921 1483 948; x_wconf 79' lang='lat' dir='ltr'>faciatis</span> <span class='ocrx_word' id='word_1_163' title='bbox 1505 923 1556 948; x_wconf 79' lang='lat' dir='ltr'>aut</span> <span class='ocrx_word' id='word_1_164' title='bbox 1581 923 1655 949; x_wconf 84' lang='lat' dir='ltr'>certe</span> <span class='ocrx_word' id='word_1_165' title='bbox 1674 922 1797 950; x_wconf 74' lang='lat' dir='ltr'>Parisius</span> <span class='ocrx_word' id='word_1_166' title='bbox 1820 923 1850 950; x_wconf 86' lang='lat' dir='ltr'>in</span> 
     </span>
     <span class='ocr_line' id='line_1_15' title="bbox 197 973 1851 1009; baseline 0 -8"><span class='ocrx_word' id='word_1_167' title='bbox 197 975 298 1007; x_wconf 79' lang='lat' dir='ltr'>studio,</span> <span class='ocrx_word' id='word_1_168' title='bbox 318 975 396 1001; x_wconf 87' lang='lat' dir='ltr'>cuius</span> <span class='ocrx_word' id='word_1_169' title='bbox 416 975 522 1009; x_wconf 73' lang='lat' dir='ltr'>capital</span> <span class='ocrx_word' id='word_1_170' title='bbox 540 975 596 1001; x_wconf 83' lang='lat' dir='ltr'>iam</span> <span class='ocrx_word' id='word_1_171' title='bbox 616 975 683 1002; x_wconf 88' lang='lat' dir='ltr'>olim</span> <span class='ocrx_word' id='word_1_172' title='bbox 702 974 787 1001; x_wconf 86' lang='lat' dir='ltr'>fuisse</span> <span class='ocrx_word' id='word_1_173' title='bbox 805 974 978 1009; x_wconf 80' lang='lat' dir='ltr'>perhibetur,</span> <span class='ocrx_word' id='word_1_174' title='bbox 996 974 1099 1001; x_wconf 76' lang='lat' dir='ltr'>morari</span> <span class='ocrx_word' id='word_1_175' title='bbox 1117 982 1173 1000; x_wconf 90' lang='lat' dir='ltr'>non</span> <span class='ocrx_word' id='word_1_176' title='bbox 1192 973 1299 1007; x_wconf 59' lang='lat' dir='ltr'>sinam,</span> <span class='ocrx_word' id='word_1_177' title='bbox 1319 982 1354 999; x_wconf 88' lang='lat' dir='ltr'>ne</span> <span class='ocrx_word' id='word_1_178' title='bbox 1373 982 1434 1000; x_wconf 90' lang='lat' dir='ltr'>cum</span> <span class='ocrx_word' id='word_1_179' title='bbox 1448 973 1543 1000; x_wconf 78' lang='lat' dir='ltr'>tritico</span> <span class='ocrx_word' id='word_1_180' title='bbox 1557 974 1627 1000; x_wconf 79' lang='lat' dir='ltr'>sacri</span> <span class='ocrx_word' id='word_1_181' title='bbox 1644 974 1749 1008; x_wconf 87' lang='lat' dir='ltr'>eloquii</span> <span class='ocrx_word' id='word_1_182' title='bbox 1762 983 1851 1009; x_wconf 72' lang='lat' dir='ltr'>grana</span> 
     </span>
     <span class='ocr_line' id='line_1_16' title="bbox 196 1025 1852 1061; baseline -0.001 -8"><span class='ocrx_word' id='word_1_183' title='bbox 196 1027 318 1054; x_wconf 80' lang='lat' dir='ltr'>zizaniae</span> <span class='ocrx_word' id='word_1_184' title='bbox 337 1028 366 1054; x_wconf 87' lang='lat' dir='ltr'>et</span> <span class='ocrx_word' id='word_1_185' title='bbox 379 1027 440 1053; x_wconf 90' lang='lat' dir='ltr'>lolii</span> <span class='ocrx_word' id='word_1_186' title='bbox 460 1027 574 1053; x_wconf 86' lang='lat' dir='ltr'>miscere</span> <span class='ocrx_word' id='word_1_187' title='bbox 592 1027 773 1061; x_wconf 80' lang='lat' dir='ltr'>dignoscatur</span> <span class='ocrx_word' id='word_1_188' title='bbox 792 1028 820 1054; x_wconf 87' lang='lat' dir='ltr'>et</span> <span class='ocrx_word' id='word_1_189' title='bbox 838 1035 939 1061; x_wconf 78' lang='lat' dir='ltr'>panem</span> <span class='ocrx_word' id='word_1_190' title='bbox 959 1025 1160 1060; x_wconf 84' lang='lat' dir='ltr'>quaerentibus</span> <span class='ocrx_word' id='word_1_191' title='bbox 1179 1033 1316 1052; x_wconf 88' lang='lat' dir='ltr'>venenum</span> <span class='ocrx_word' id='word_1_192' title='bbox 1334 1025 1469 1059; x_wconf 84' lang='lat' dir='ltr'>porrigat.</span> <span class='ocrx_word' id='word_1_193' title='bbox 1497 1025 1594 1052; x_wconf 80' lang='lat' dir='ltr'>datum</span> <span class='ocrx_word' id='word_1_194' title='bbox 1613 1034 1657 1052; x_wconf 82' lang='lat' dir='ltr'>an.</span> <span class='ocrx_word' id='word_1_195' title='bbox 1671 1026 1730 1060; x_wconf 83' lang='lat'><strong><em>1111.</em></strong></span> <span class='ocrx_word' id='word_1_196' title='bbox 1763 1026 1852 1060; x_wconf 73' lang='lat' dir='ltr'>Atque</span> 
     </span>
     <span class='ocr_line' id='line_1_17' title="bbox 192 1075 1852 1113; baseline -0.001 -8"><span class='ocrx_word' id='word_1_197' title='bbox 192 1079 282 1112; x_wconf 71' lang='lat' dir='ltr'>primo</span> <span class='ocrx_word' id='word_1_198' title='bbox 299 1079 391 1105; x_wconf 85' lang='lat' dir='ltr'>obtutu</span> <span class='ocrx_word' id='word_1_199' title='bbox 409 1081 523 1113; x_wconf 80' lang='lat' dir='ltr'>apparet</span> <span class='ocrx_word' id='word_1_200' title='bbox 542 1079 576 1111; x_wconf 89' lang='lat' dir='ltr'>(et</span> <span class='ocrx_word' id='word_1_201' title='bbox 594 1078 698 1104; x_wconf 66' lang='lat' dir='ltr'>daadum</span> <span class='ocrx_word' id='word_1_202' title='bbox 712 1081 877 1112; x_wconf 71' lang='lat' dir='ltr'>perspectum</span> <span class='ocrx_word' id='word_1_203' title='bbox 894 1080 939 1111; x_wconf 80' lang='lat' dir='ltr'>est,</span> <span class='ocrx_word' id='word_1_204' title='bbox 964 1077 999 1110; x_wconf 78' lang='lat' dir='ltr'>cfi</span> <span class='ocrx_word' id='word_1_205' title='bbox 1019 1076 1227 1103; x_wconf 82' lang='lat' dir='ltr'>Staudenmaier</span> <span class='ocrx_word' id='word_1_206' title='bbox 1250 1077 1384 1102; x_wconf 87' lang='lat' dir='ltr'>Iohannes</span> <span class='ocrx_word' id='word_1_207' title='bbox 1402 1075 1496 1102; x_wconf 85' lang='lat' dir='ltr'>Scotus</span> <span class='ocrx_word' id='word_1_208' title='bbox 1514 1076 1632 1110; x_wconf 66' lang='lat' dir='ltr'>Eriyena</span> <span class='ocrx_word' id='word_1_209' title='bbox 1652 1077 1728 1104; x_wconf 86' lang='lat'><strong><em>1159</em></strong></span> <span class='ocrx_word' id='word_1_210' title='bbox 1745 1077 1809 1104; x_wconf 78' lang='lat' dir='ltr'>adn.</span> <span class='ocrx_word' id='word_1_211' title='bbox 1823 1078 1852 1111; x_wconf 88' lang='grc'>5)</span> 
     </span>
     <span class='ocr_line' id='line_1_18' title="bbox 197 1127 1852 1164; baseline -0.001 -8"><span class='ocrx_word' id='word_1_212' title='bbox 197 1139 237 1163; x_wconf 88' lang='lat' dir='ltr'>ea,</span> <span class='ocrx_word' id='word_1_213' title='bbox 258 1138 325 1164; x_wconf 78' lang='lat' dir='ltr'>quae</span> <span class='ocrx_word' id='word_1_214' title='bbox 343 1130 374 1156; x_wconf 82' lang='lat' dir='ltr'>in</span> <span class='ocrx_word' id='word_1_215' title='bbox 392 1130 493 1157; x_wconf 87' lang='lat' dir='ltr'>Bulaei</span> <span class='ocrx_word' id='word_1_216' title='bbox 510 1132 584 1156; x_wconf 75' lang='lat' dir='ltr'>textu</span> <span class='ocrx_word' id='word_1_217' title='bbox 602 1130 711 1156; x_wconf 78' lang='lat' dir='ltr'>uncinis</span> <span class='ocrx_word' id='word_1_218' title='bbox 723 1129 806 1163; x_wconf 72' lang='lat' dir='ltr'>cimi,</span> <span class='ocrx_word' id='word_1_219' title='bbox 826 1132 876 1156; x_wconf 90' lang='lat' dir='ltr'>aut</span> <span class='ocrx_word' id='word_1_220' title='bbox 888 1138 906 1156; x_wconf 90' lang='lat' dir='ltr'>a</span> <span class='ocrx_word' id='word_1_221' title='bbox 919 1129 1020 1156; x_wconf 86' lang='lat' dir='ltr'>Bulaeo</span> <span class='ocrx_word' id='word_1_222' title='bbox 1034 1131 1084 1154; x_wconf 89' lang='lat' dir='ltr'>aut</span> <span class='ocrx_word' id='word_1_223' title='bbox 1102 1137 1120 1154; x_wconf 88' lang='lat' dir='ltr'>a</span> <span class='ocrx_word' id='word_1_224' title='bbox 1132 1127 1268 1154; x_wconf 77' lang='lat' dir='ltr'>Naudaeo</span> <span class='ocrx_word' id='word_1_225' title='bbox 1285 1136 1338 1154; x_wconf 82' lang='lat' dir='ltr'>esse</span> <span class='ocrx_word' id='word_1_226' title='bbox 1353 1127 1417 1160; x_wconf 67' lang='lat' dir='ltr'>licta</span> <span class='ocrx_word' id='word_1_227' title='bbox 1436 1143 1468 1147; x_wconf 85' lang='lat'>-—</span> <span class='ocrx_word' id='word_1_228' title='bbox 1486 1136 1551 1154; x_wconf 78' lang='lat' dir='ltr'>nam</span> <span class='ocrx_word' id='word_1_229' title='bbox 1568 1136 1654 1162; x_wconf 77' lang='lat' dir='ltr'>neque</span> <span class='ocrx_word' id='word_1_230' title='bbox 1667 1136 1718 1161; x_wconf 72' lang='lat' dir='ltr'>per</span> <span class='ocrx_word' id='word_1_231' title='bbox 1734 1136 1762 1155; x_wconf 85' lang='lat' dir='ltr'>se</span> <span class='ocrx_word' id='word_1_232' title='bbox 1773 1128 1852 1162; x_wconf 75' lang='lat' dir='ltr'>fidem</span> 
     </span>
     <span class='ocr_line' id='line_1_19' title="bbox 197 1178 1852 1216; baseline -0.001 -8"><span class='ocrx_word' id='word_1_233' title='bbox 197 1185 331 1208; x_wconf 84' lang='lat' dir='ltr'>merentur</span> <span class='ocrx_word' id='word_1_234' title='bbox 349 1184 373 1208; x_wconf 85' lang='lat' dir='ltr'>et</span> <span class='ocrx_word' id='word_1_235' title='bbox 390 1184 480 1215; x_wconf 70' lang='lat' dir='ltr'>aperte</span> <span class='ocrx_word' id='word_1_236' title='bbox 499 1184 651 1216; x_wconf 60' lang='lat' dir='ltr'>repaenant</span> <span class='ocrx_word' id='word_1_237' title='bbox 669 1181 775 1208; x_wconf 67' lang='lat' dir='ltr'>rveritati</span> <span class='ocrx_word' id='word_1_238' title='bbox 793 1189 849 1207; x_wconf 89' lang='lat' dir='ltr'>non</span> <span class='ocrx_word' id='word_1_239' title='bbox 865 1181 988 1214; x_wconf 80' lang='lat' dir='ltr'>fucatae,</span> <span class='ocrx_word' id='word_1_240' title='bbox 1005 1188 1087 1213; x_wconf 71' lang='lat' dir='ltr'>quam</span> <span class='ocrx_word' id='word_1_241' title='bbox 1104 1179 1219 1206; x_wconf 79' lang='lat' dir='ltr'>servavit</span> <span class='ocrx_word' id='word_1_242' title='bbox 1237 1179 1294 1212; x_wconf 86' lang='lat' dir='ltr'>Ivo,</span> <span class='ocrx_word' id='word_1_243' title='bbox 1315 1181 1339 1205; x_wconf 87' lang='lat' dir='ltr'>et</span> <span class='ocrx_word' id='word_1_244' title='bbox 1356 1186 1451 1205; x_wconf 77' lang='lat' dir='ltr'>cursus</span> <span class='ocrx_word' id='word_1_245' title='bbox 1468 1178 1655 1213; x_wconf 62' lang='lat' dir='ltr'>rhythquue</span> <span class='ocrx_word' id='word_1_246' title='bbox 1671 1180 1803 1206; x_wconf 76' lang='lat' dir='ltr'>orationis</span> <span class='ocrx_word' id='word_1_247' title='bbox 1820 1180 1852 1206; x_wconf 81' lang='lat' dir='ltr'>in</span> 
     </span>
     <span class='ocr_line' id='line_1_20' title="bbox 196 1231 1853 1267; baseline -0.001 -8"><span class='ocrx_word' id='word_1_248' title='bbox 196 1234 231 1259; x_wconf 83' lang='lat' dir='ltr'>iis</span> <span class='ocrx_word' id='word_1_249' title='bbox 249 1234 358 1260; x_wconf 70' lang='lat' dir='ltr'>vitiosus</span> <span class='ocrx_word' id='word_1_250' title='bbox 376 1236 413 1260; x_wconf 87' lang='lat' dir='ltr'>est</span> <span class='ocrx_word' id='word_1_251' title='bbox 431 1243 479 1266; x_wconf 74' lang='lat'>—,·</span> <span class='ocrx_word' id='word_1_252' title='bbox 502 1242 665 1267; x_wconf 78' lang='lat' dir='ltr'>quamquam</span> <span class='ocrx_word' id='word_1_253' title='bbox 685 1233 813 1267; x_wconf 78' lang='lat' dir='ltr'>hodieque</span> <span class='ocrx_word' id='word_1_254' title='bbox 834 1235 912 1266; x_wconf 84' lang='lat' dir='ltr'>sunt,</span> <span class='ocrx_word' id='word_1_255' title='bbox 936 1233 984 1266; x_wconf 78' lang='lat' dir='ltr'>qwt</span> <span class='ocrx_word' id='word_1_256' title='bbox 1008 1231 1104 1258; x_wconf 78' lang='lat' dir='ltr'>stolido</span> <span class='ocrx_word' id='word_1_257' title='bbox 1123 1231 1223 1258; x_wconf 82' lang='lat' dir='ltr'>Bulaei</span> <span class='ocrx_word' id='word_1_258' title='bbox 1242 1233 1387 1258; x_wconf 83' lang='lat' dir='ltr'>commento</span> <span class='ocrx_word' id='word_1_259' title='bbox 1406 1233 1524 1257; x_wconf 81' lang='lat' dir='ltr'>utantur</span> <span class='ocrx_word' id='word_1_260' title='bbox 1541 1231 1853 1265; x_wconf 73' lang='lat' dir='ltr'>tamquamdocumento</span> 
     </span>
     <span class='ocr_line' id='line_1_21' title="bbox 194 1282 1853 1319; baseline -0.001 -8"><span class='ocrx_word' id='word_1_261' title='bbox 194 1285 320 1319; x_wconf 74' lang='lat' dir='ltr'>yenuino.</span> <span class='ocrx_word' id='word_1_262' title='bbox 358 1285 428 1311; x_wconf 76' lang='lat' dir='ltr'>Erat</span> <span class='ocrx_word' id='word_1_263' title='bbox 446 1285 529 1319; x_wconf 72' lang='lat' dir='ltr'>iyitur</span> <span class='ocrx_word' id='word_1_264' title='bbox 547 1285 648 1312; x_wconf 87' lang='lat' dir='ltr'>Karoli</span> <span class='ocrx_word' id='word_1_265' title='bbox 668 1285 743 1312; x_wconf 81' lang='lat' dir='ltr'>Calvi</span> <span class='ocrx_word' id='word_1_266' title='bbox 761 1284 921 1318; x_wconf 65' lang='lat' dir='ltr'>temporibus</span> <span class='ocrx_word' id='word_1_267' title='bbox 939 1292 987 1310; x_wconf 87' lang='lat' dir='ltr'>nec</span> <span class='ocrx_word' id='word_1_268' title='bbox 1005 1283 1142 1310; x_wconf 83' lang='lat' dir='ltr'>‘studium’</span> <span class='ocrx_word' id='word_1_269' title='bbox 1163 1283 1282 1309; x_wconf 80' lang='lat' dir='ltr'>Parisiis</span> <span class='ocrx_word' id='word_1_270' title='bbox 1299 1290 1348 1309; x_wconf 85' lang='lat' dir='ltr'>nec</span> <span class='ocrx_word' id='word_1_271' title='bbox 1365 1282 1424 1308; x_wconf 84' lang='lat' dir='ltr'>eius</span> <span class='ocrx_word' id='word_1_272' title='bbox 1442 1282 1562 1316; x_wconf 76' lang='lat' dir='ltr'>‘capital’</span> <span class='ocrx_word' id='word_1_273' title='bbox 1580 1282 1716 1309; x_wconf 74' lang='lat' dir='ltr'>Iohannes</span> <span class='ocrx_word' id='word_1_274' title='bbox 1733 1282 1853 1315; x_wconf 75' lang='lat' dir='ltr'>Scottus,-</span> 
     </span>
    </p>
   </div>
   <div class='ocr_carea' id='block_1_5' title="bbox 196 1333 1872 1370">
    <p class='ocr_par' dir='ltr' id='par_1_5' title="bbox 196 1333 1872 1370">
     <span class='ocr_line' id='line_1_22' title="bbox 196 1333 1872 1370; baseline -0.001 -7"><span class='ocrx_word' id='word_1_275' title='bbox 196 1340 284 1364; x_wconf 82' lang='lat' dir='ltr'>tamen</span> <span class='ocrx_word' id='word_1_276' title='bbox 301 1339 332 1363; x_wconf 88' lang='lat' dir='ltr'>ut</span> <span class='ocrx_word' id='word_1_277' title='bbox 350 1337 399 1363; x_wconf 89' lang='lat' dir='ltr'>alii</span> <span class='ocrx_word' id='word_1_278' title='bbox 416 1337 468 1362; x_wconf 83' lang='lat' dir='ltr'>viri</span> <span class='ocrx_word' id='word_1_279' title='bbox 485 1336 563 1370; x_wconf 84' lang='lat' dir='ltr'>docti,</span> <span class='ocrx_word' id='word_1_280' title='bbox 582 1336 630 1370; x_wconf 78' lang='lat' dir='ltr'>qui</span> <span class='ocrx_word' id='word_1_281' title='bbox 648 1339 704 1363; x_wconf 88' lang='lat' dir='ltr'>tum</span> <span class='ocrx_word' id='word_1_282' title='bbox 723 1336 754 1362; x_wconf 86' lang='lat' dir='ltr'>in</span> <span class='ocrx_word' id='word_1_283' title='bbox 771 1336 838 1370; x_wconf 65' lang='lat' dir='ltr'>remis</span> <span class='ocrx_word' id='word_1_284' title='bbox 856 1334 923 1362; x_wconf 84' lang='lat' dir='ltr'>aula</span> <span class='ocrx_word' id='word_1_285' title='bbox 940 1335 1126 1367; x_wconf 74' lang='lat' dir='ltr'>versabantur,</span> <span class='ocrx_word' id='word_1_286' title='bbox 1142 1334 1183 1361; x_wconf 88' lang='lat' dir='ltr'>ita</span> <span class='ocrx_word' id='word_1_287' title='bbox 1201 1337 1225 1360; x_wconf 85' lang='lat' dir='ltr'>et</span> <span class='ocrx_word' id='word_1_288' title='bbox 1238 1334 1373 1360; x_wconf 66' lang='lat' dir='ltr'>Iohannes</span> <span class='ocrx_word' id='word_1_289' title='bbox 1391 1334 1493 1360; x_wconf 79' lang='lat' dir='ltr'>litteras</span> <span class='ocrx_word' id='word_1_290' title='bbox 1506 1333 1614 1360; x_wconf 82' lang='lat' dir='ltr'>docebat</span> <span class='ocrx_word' id='word_1_291' title='bbox 1626 1334 1733 1361; x_wconf 81' lang='lat' dir='ltr'>iuvenes</span> <span class='ocrx_word' id='word_1_292' title='bbox 1745 1334 1853 1362; x_wconf 80' lang='lat' dir='ltr'>aulicos.</span> <span class='ocrx_word' id='word_1_293' title='bbox 1870 1336 1872 1338; x_wconf 78' lang='grc'>’</span> 
     </span>
    </p>
   </div>
   <div class='ocr_carea' id='block_1_6' title="bbox 198 1386 1855 1683">
    <p class='ocr_par' dir='ltr' id='par_1_6' title="bbox 198 1386 1855 1683">
     <span class='ocr_line' id='line_1_23' title="bbox 198 1386 1853 1422; baseline -0.001 -8"><span class='ocrx_word' id='word_1_294' title='bbox 198 1390 285 1422; x_wconf 77' lang='lat' dir='ltr'>Atque</span> <span class='ocrx_word' id='word_1_295' title='bbox 302 1388 356 1414; x_wconf 85' lang='lat' dir='ltr'>duo</span> <span class='ocrx_word' id='word_1_296' title='bbox 373 1388 429 1414; x_wconf 85' lang='lat' dir='ltr'>eius</span> <span class='ocrx_word' id='word_1_297' title='bbox 447 1388 574 1422; x_wconf 77' lang='lat' dir='ltr'>discipuli</span> <span class='ocrx_word' id='word_1_298' title='bbox 592 1390 845 1414; x_wconf 73' lang='lat' dir='ltr'>commemorantur:</span> <span class='ocrx_word' id='word_1_299' title='bbox 870 1387 1027 1414; x_wconf 72' lang='lat' dir='ltr'>Wicbaldus</span> <span class='ocrx_word' id='word_1_300' title='bbox 1040 1389 1134 1421; x_wconf 75' lang='lat' dir='ltr'>postea</span> <span class='ocrx_word' id='word_1_301' title='bbox 1158 1387 1295 1420; x_wconf 72' lang='lat' dir='ltr'>episcopus</span> <span class='ocrx_word' id='word_1_302' title='bbox 1313 1386 1555 1413; x_wconf 63' lang='lat' dir='ltr'>Autissiodorensis</span> <span class='ocrx_word' id='word_1_303' title='bbox 1572 1386 1628 1419; x_wconf 80' lang='lat' dir='ltr'><em>(SS.</em></span> <span class='ocrx_word' id='word_1_304' title='bbox 1644 1387 1731 1413; x_wconf 89' lang='lat' dir='ltr'><strong><em>XIII</em></strong></span> <span class='ocrx_word' id='word_1_305' title='bbox 1739 1389 1789 1414; x_wconf 82' lang='lat'>399</span> <span class='ocrx_word' id='word_1_306' title='bbox 1807 1387 1853 1413; x_wconf 90' lang='lat' dir='ltr'>hic</span> 
     </span>
     <span class='ocr_line' id='line_1_24' title="bbox 200 1437 1854 1474; baseline -0.002 -7"><span class='ocrx_word' id='word_1_307' title='bbox 200 1442 242 1467; x_wconf 93' lang='lat' dir='ltr'>vir</span> <span class='ocrx_word' id='word_1_308' title='bbox 261 1461 286 1467; x_wconf 89' lang='lat'>..</span> <span class='ocrx_word' id='word_1_309' title='bbox 307 1441 438 1467; x_wconf 80' lang='lat' dir='ltr'>Iohannis</span> <span class='ocrx_word' id='word_1_310' title='bbox 457 1440 560 1472; x_wconf 86' lang='lat' dir='ltr'>Seotti,</span> <span class='ocrx_word' id='word_1_311' title='bbox 579 1440 628 1474; x_wconf 87' lang='lat' dir='ltr'>qui</span> <span class='ocrx_word' id='word_1_312' title='bbox 648 1449 680 1467; x_wconf 78' lang='lat' dir='ltr'>ea</span> <span class='ocrx_word' id='word_1_313' title='bbox 698 1441 868 1474; x_wconf 83' lang='lat' dir='ltr'>tempestate</span> <span class='ocrx_word' id='word_1_314' title='bbox 887 1448 936 1474; x_wconf 86' lang='lat' dir='ltr'>per</span> <span class='ocrx_word' id='word_1_315' title='bbox 953 1439 1059 1467; x_wconf 85' lang='lat' dir='ltr'>Gallias</span> <span class='ocrx_word' id='word_1_316' title='bbox 1078 1438 1234 1473; x_wconf 75' lang='lat' dir='ltr'>sapientiae</span> <span class='ocrx_word' id='word_1_317' title='bbox 1253 1437 1429 1464; x_wconf 76' lang='lat' dir='ltr'>diffundebat</span> <span class='ocrx_word' id='word_1_318' title='bbox 1446 1438 1547 1470; x_wconf 81' lang='lat' dir='ltr'>radios,</span> <span class='ocrx_word' id='word_1_319' title='bbox 1565 1438 1655 1464; x_wconf 80' lang='lat' dir='ltr'>factus</span> <span class='ocrx_word' id='word_1_320' title='bbox 1674 1438 1854 1473; x_wconf 83' lang='lat' dir='ltr'>pedisequus;</span> 
     </span>
     <span class='ocr_line' id='line_1_25' title="bbox 200 1490 1855 1526; baseline -0.001 -8"><span class='ocrx_word' id='word_1_321' title='bbox 200 1493 278 1519; x_wconf 84' lang='lat' dir='ltr'>euius</span> <span class='ocrx_word' id='word_1_322' title='bbox 296 1492 478 1526; x_wconf 81' lang='lat' dir='ltr'>discipulatui</span> <span class='ocrx_word' id='word_1_323' title='bbox 502 1492 586 1526; x_wconf 84' lang='lat' dir='ltr'>longo</span> <span class='ocrx_word' id='word_1_324' title='bbox 611 1492 759 1518; x_wconf 81' lang='lat' dir='ltr'>inhaerens</span> <span class='ocrx_word' id='word_1_325' title='bbox 781 1493 919 1526; x_wconf 88' lang='lat' dir='ltr'>tempore,</span> <span class='ocrx_word' id='word_1_326' title='bbox 945 1491 1042 1518; x_wconf 80' lang='lat' dir='ltr'>divina</span> <span class='ocrx_word' id='word_1_327' title='bbox 1065 1491 1147 1518; x_wconf 82' lang='lat' dir='ltr'>simul</span> <span class='ocrx_word' id='word_1_328' title='bbox 1171 1492 1200 1518; x_wconf 88' lang='lat' dir='ltr'>et</span> <span class='ocrx_word' id='word_1_329' title='bbox 1222 1491 1345 1517; x_wconf 81' lang='lat' dir='ltr'>humana</span> <span class='ocrx_word' id='word_1_330' title='bbox 1369 1490 1540 1525; x_wconf 82' lang='lat' dir='ltr'>prospicere,</span> <span class='ocrx_word' id='word_1_331' title='bbox 1566 1499 1699 1525; x_wconf 83' lang='lat' dir='ltr'>prospera</span> <span class='ocrx_word' id='word_1_332' title='bbox 1716 1499 1806 1524; x_wconf 82' lang='lat' dir='ltr'>aeque</span> <span class='ocrx_word' id='word_1_333' title='bbox 1825 1491 1855 1517; x_wconf 85' lang='lat' dir='ltr'>et</span> 
     </span>
     <span class='ocr_line' id='line_1_26' title="bbox 201 1542 1855 1579; baseline -0.001 -8"><span class='ocrx_word' id='word_1_334' title='bbox 201 1545 313 1571; x_wconf 83' lang='lat' dir='ltr'>sinistra</span> <span class='ocrx_word' id='word_1_335' title='bbox 338 1545 450 1578; x_wconf 80' lang='lat' dir='ltr'>aequali</span> <span class='ocrx_word' id='word_1_336' title='bbox 473 1544 553 1571; x_wconf 82' lang='lat' dir='ltr'>lance</span> <span class='ocrx_word' id='word_1_337' title='bbox 576 1544 677 1571; x_wconf 85' lang='lat' dir='ltr'>didicit</span> <span class='ocrx_word' id='word_1_338' title='bbox 699 1544 862 1579; x_wconf 83' lang='lat' dir='ltr'>ponderare.</span> <span class='ocrx_word' id='word_1_339' title='bbox 899 1544 1000 1570; x_wconf 85' lang='lat' dir='ltr'>dehinc</span> <span class='ocrx_word' id='word_1_340' title='bbox 1022 1543 1179 1570; x_wconf 82' lang='lat' dir='ltr'>iuventutis</span> <span class='ocrx_word' id='word_1_341' title='bbox 1203 1542 1322 1570; x_wconf 88' lang='lat' dir='ltr'>solidum</span> <span class='ocrx_word' id='word_1_342' title='bbox 1348 1542 1432 1568; x_wconf 87' lang='lat' dir='ltr'>robur</span> <span class='ocrx_word' id='word_1_343' title='bbox 1457 1542 1576 1576; x_wconf 75' lang='lat' dir='ltr'>adeptus</span> <span class='ocrx_word' id='word_1_344' title='bbox 1600 1542 1636 1568; x_wconf 82' lang='lat' dir='ltr'>ad</span> <span class='ocrx_word' id='word_1_345' title='bbox 1654 1543 1749 1569; x_wconf 81' lang='lat' dir='ltr'>aulam</span> <span class='ocrx_word' id='word_1_346' title='bbox 1767 1543 1855 1570; x_wconf 85' lang='lat' dir='ltr'>intro-</span> 
     </span>
     <span class='ocr_line' id='line_1_27' title="bbox 201 1593 1855 1630; baseline -0.002 -7"><span class='ocrx_word' id='word_1_347' title='bbox 201 1597 301 1623; x_wconf 84' lang='lat' dir='ltr'>ductus</span> <span class='ocrx_word' id='word_1_348' title='bbox 321 1597 363 1623; x_wconf 89' lang='lat' dir='ltr'>est</span> <span class='ocrx_word' id='word_1_349' title='bbox 380 1596 499 1630; x_wconf 85' lang='lat' dir='ltr'>regiam)</span> <span class='ocrx_word' id='word_1_350' title='bbox 520 1599 545 1622; x_wconf 91' lang='lat' dir='ltr'>et</span> <span class='ocrx_word' id='word_1_351' title='bbox 563 1596 660 1622; x_wconf 87' lang='lat' dir='ltr'>Helias</span> <span class='ocrx_word' id='word_1_352' title='bbox 673 1598 767 1629; x_wconf 78' lang='lat' dir='ltr'>postea</span> <span class='ocrx_word' id='word_1_353' title='bbox 785 1596 925 1630; x_wconf 76' lang='lat' dir='ltr'>episcopus</span> <span class='ocrx_word' id='word_1_354' title='bbox 936 1595 1148 1630; x_wconf 70' lang='lat' dir='ltr'>Enyolismensis</span> <span class='ocrx_word' id='word_1_355' title='bbox 1161 1595 1204 1628; x_wconf 75' lang='lat' dir='ltr'>(cf.</span> <span class='ocrx_word' id='word_1_356' title='bbox 1218 1602 1305 1628; x_wconf 78' lang='lat' dir='ltr'>supra</span> <span class='ocrx_word' id='word_1_357' title='bbox 1319 1602 1381 1627; x_wconf 71' lang='lat' dir='ltr'>paq.</span> <span class='ocrx_word' id='word_1_358' title='bbox 1394 1597 1445 1620; x_wconf 82' lang='lat'>422</span> <span class='ocrx_word' id='word_1_359' title='bbox 1462 1593 1528 1620; x_wconf 82' lang='lat' dir='ltr'>adn.</span> <span class='ocrx_word' id='word_1_360' title='bbox 1541 1595 1583 1627; x_wconf 86' lang='lat'><strong><em>2),·</em></strong></span> <span class='ocrx_word' id='word_1_361' title='bbox 1599 1593 1742 1621; x_wconf 77' lang='lat' dir='ltr'>Martinus</span> <span class='ocrx_word' id='word_1_362' title='bbox 1761 1593 1855 1621; x_wconf 66' lang='lat' dir='ltr'>Hiber-</span> 
     </span>
     <span class='ocr_line' id='line_1_28' title="bbox 200 1645 1855 1683; baseline -0.001 -8"><span class='ocrx_word' id='word_1_363' title='bbox 200 1649 302 1675; x_wconf 81' lang='lat' dir='ltr'>niensis</span> <span class='ocrx_word' id='word_1_364' title='bbox 320 1649 369 1682; x_wconf 79' lang='lat' dir='ltr'>(cf.</span> <span class='ocrx_word' id='word_1_365' title='bbox 379 1657 441 1683; x_wconf 74' lang='lat' dir='ltr'>pay.</span> <span class='ocrx_word' id='word_1_366' title='bbox 454 1650 513 1682; x_wconf 89' lang='lat'><strong><em>523)</em></strong></span> <span class='ocrx_word' id='word_1_367' title='bbox 531 1651 555 1674; x_wconf 89' lang='lat' dir='ltr'>et</span> <span class='ocrx_word' id='word_1_368' title='bbox 569 1648 660 1674; x_wconf 71' lang='lat' dir='ltr'>Isiudo</span> <span class='ocrx_word' id='word_1_369' title='bbox 672 1648 720 1681; x_wconf 79' lang='lat' dir='ltr'>(cf.</span> <span class='ocrx_word' id='word_1_370' title='bbox 733 1647 771 1674; x_wconf 81' lang='lat' dir='ltr'>ad</span> <span class='ocrx_word' id='word_1_371' title='bbox 788 1656 869 1675; x_wconf 86' lang='lat' dir='ltr'>carm.</span> <span class='ocrx_word' id='word_1_372' title='bbox 883 1647 1030 1674; x_wconf 66' lang='lat' dir='ltr'>Scotamtm</span> <span class='ocrx_word' id='word_1_373' title='bbox 1044 1647 1111 1673; x_wconf 89' lang='lat' dir='ltr'>XII</span> <span class='ocrx_word' id='word_1_374' title='bbox 1123 1648 1174 1680; x_wconf 86' lang='lat'><strong><em>111)</em></strong></span> <span class='ocrx_word' id='word_1_375' title='bbox 1185 1655 1252 1672; x_wconf 83' lang='lat' dir='ltr'>num</span> <span class='ocrx_word' id='word_1_376' title='bbox 1264 1646 1392 1680; x_wconf 73' lang='lat' dir='ltr'>mayistro</span> <span class='ocrx_word' id='word_1_377' title='bbox 1403 1646 1447 1672; x_wconf 83' lang='lat' dir='ltr'>usi</span> <span class='ocrx_word' id='word_1_378' title='bbox 1463 1646 1518 1672; x_wconf 80' lang='lat' dir='ltr'>simt</span> <span class='ocrx_word' id='word_1_379' title='bbox 1531 1645 1658 1678; x_wconf 76' lang='lat' dir='ltr'>Iohanne,</span> <span class='ocrx_word' id='word_1_380' title='bbox 1670 1646 1798 1672; x_wconf 78' lang='lat' dir='ltr'>inoertum</span> <span class='ocrx_word' id='word_1_381' title='bbox 1810 1649 1855 1675; x_wconf 74' lang='lat' dir='ltr'>ed.</span> 
     </span>
    </p>
   </div>
   <div class='ocr_carea' id='block_1_7' title="bbox 201 1714 1860 2840">
    <p class='ocr_par' dir='ltr' id='par_1_7' title="bbox 201 1714 1860 2840">
     <span class='ocr_line' id='line_1_29' title="bbox 309 1714 1857 1750; baseline -0.001 -8"><span class='ocrx_word' id='word_1_382' title='bbox 309 1718 333 1748; x_wconf 92' lang='lat' dir='ltr'>l)</span> <span class='ocrx_word' id='word_1_383' title='bbox 355 1717 395 1750; x_wconf 75' lang='lat' dir='ltr'>Cf.</span> <span class='ocrx_word' id='word_1_384' title='bbox 415 1717 539 1749; x_wconf 74' lang='lat' dir='ltr'>Sehroers</span> <span class='ocrx_word' id='word_1_385' title='bbox 559 1717 696 1743; x_wconf 78' lang='lat' dir='ltr'>Hinlcmar</span> <span class='ocrx_word' id='word_1_386' title='bbox 713 1724 773 1750; x_wconf 74' lang='lat' dir='ltr'>pay.</span> <span class='ocrx_word' id='word_1_387' title='bbox 788 1721 831 1743; x_wconf 97' lang='lat'>115</span> <span class='ocrx_word' id='word_1_388' title='bbox 849 1716 912 1743; x_wconf 76' lang='lat' dir='ltr'>adn.</span> <span class='ocrx_word' id='word_1_389' title='bbox 925 1719 965 1743; x_wconf 78' lang='lat'>24.</span> <span class='ocrx_word' id='word_1_390' title='bbox 1004 1715 1207 1749; x_wconf 69' lang='lat' dir='ltr'>Ommqnarwnt</span> <span class='ocrx_word' id='word_1_391' title='bbox 1226 1714 1358 1741; x_wconf 81' lang='lat' dir='ltr'>Iohannis</span> <span class='ocrx_word' id='word_1_392' title='bbox 1381 1714 1477 1740; x_wconf 77' lang='lat' dir='ltr'>librum</span> <span class='ocrx_word' id='word_1_393' title='bbox 1501 1722 1526 1740; x_wconf 86' lang='grc' dir='ltr'>(ι.</span> <span class='ocrx_word' id='word_1_394' title='bbox 1544 1717 1591 1741; x_wconf 87' lang='grc'>851</span> <span class='ocrx_word' id='word_1_395' title='bbox 1610 1714 1774 1741; x_wconf 73' lang='lat' dir='ltr'>Prudentius</span> <span class='ocrx_word' id='word_1_396' title='bbox 1795 1714 1857 1741; x_wconf 76' lang='lat' dir='ltr'>Tre·</span> 
     </span>
     <span class='ocr_line' id='line_1_30' title="bbox 201 1765 1856 1803; baseline -0.001 -9"><span class='ocrx_word' id='word_1_397' title='bbox 201 1770 285 1795; x_wconf 70' lang='lat' dir='ltr'>censis</span> <span class='ocrx_word' id='word_1_398' title='bbox 306 1769 445 1802; x_wconf 72' lang='lat' dir='ltr'>episcopus</span> <span class='ocrx_word' id='word_1_399' title='bbox 463 1769 572 1803; x_wconf 63' lang='grc' dir='ltr'><strong><em>(Μᾶρκε</em></strong></span> <span class='ocrx_word' id='word_1_400' title='bbox 590 1772 720 1801; x_wconf 85' lang='grc'><strong><em>115,1009</em></strong></span> <span class='ocrx_word' id='word_1_401' title='bbox 737 1769 771 1801; x_wconf 80' lang='lat' dir='ltr'>cf.</span> <span class='ocrx_word' id='word_1_402' title='bbox 792 1768 917 1794; x_wconf 69' lang='lat' dir='ltr'>Sclwoers</span> <span class='ocrx_word' id='word_1_403' title='bbox 934 1775 993 1801; x_wconf 67' lang='lat' dir='ltr'>paq.</span> <span class='ocrx_word' id='word_1_404' title='bbox 1007 1769 1072 1801; x_wconf 92' lang='grc'><strong><em>117),</em></strong></span> <span class='ocrx_word' id='word_1_405' title='bbox 1090 1767 1204 1800; x_wconf 64' lang='grc' dir='ltr'>εωὴιίον</span> <span class='ocrx_word' id='word_1_406' title='bbox 1222 1765 1416 1799; x_wconf 72' lang='lat' dir='ltr'>Luqdunensis</span> <span class='ocrx_word' id='word_1_407' title='bbox 1433 1766 1521 1791; x_wconf 81' lang='lat' dir='ltr'>nescio</span> <span class='ocrx_word' id='word_1_408' title='bbox 1538 1766 1598 1798; x_wconf 77' lang='lat' dir='ltr'>quis</span> <span class='ocrx_word' id='word_1_409' title='bbox 1619 1765 1725 1800; x_wconf 74' lang='lat' dir='ltr'>(Miqne</span> <span class='ocrx_word' id='word_1_410' title='bbox 1743 1770 1796 1799; x_wconf 86' lang='grc'><strong><em>119,</em></strong></span> <span class='ocrx_word' id='word_1_411' title='bbox 1810 1770 1856 1793; x_wconf 86' lang='grc'>101</span> 
     </span>
     <span class='ocr_line' id='line_1_31' title="bbox 201 1817 1857 1854; baseline -0.002 -8"><span class='ocrx_word' id='word_1_412' title='bbox 201 1821 234 1853; x_wconf 75' lang='lat' dir='ltr'>cf.</span> <span class='ocrx_word' id='word_1_413' title='bbox 255 1820 378 1847; x_wconf 80' lang='lat' dir='ltr'>Schroers</span> <span class='ocrx_word' id='word_1_414' title='bbox 395 1821 411 1846; x_wconf 92' lang='lat' dir='ltr'>l.</span> <span class='ocrx_word' id='word_1_415' title='bbox 424 1822 471 1854; x_wconf 75' lang='lat' dir='ltr'>c),</span> <span class='ocrx_word' id='word_1_416' title='bbox 493 1823 558 1847; x_wconf 86' lang='lat' dir='ltr'>ante</span> <span class='ocrx_word' id='word_1_417' title='bbox 581 1828 623 1846; x_wconf 76' lang='lat' dir='ltr'>ver</span> <span class='ocrx_word' id='word_1_418' title='bbox 646 1820 716 1846; x_wconf 81' lang='lat' dir='ltr'>anni</span> <span class='ocrx_word' id='word_1_419' title='bbox 735 1823 786 1846; x_wconf 85' lang='lat'><strong><em>853</em></strong></span> <span class='ocrx_word' id='word_1_420' title='bbox 808 1820 877 1846; x_wconf 84' lang='lat' dir='ltr'>alter</span> <span class='ocrx_word' id='word_1_421' title='bbox 900 1819 1012 1853; x_wconf 63' lang='lat' dir='ltr'>scw&#39;ptor</span> <span class='ocrx_word' id='word_1_422' title='bbox 1029 1818 1221 1853; x_wconf 71' lang='lat' dir='ltr'>Luydamaensis</span> <span class='ocrx_word' id='word_1_423' title='bbox 1238 1818 1345 1851; x_wconf 66' lang='grc' dir='ltr'><em>(Μᾷρηε</em></span> <span class='ocrx_word' id='word_1_424' title='bbox 1364 1820 1419 1849; x_wconf 86' lang='grc'><strong><em>121,</em></strong></span> <span class='ocrx_word' id='word_1_425' title='bbox 1432 1820 1482 1844; x_wconf 88' lang='grc'>985</span> <span class='ocrx_word' id='word_1_426' title='bbox 1505 1817 1542 1851; x_wconf 78' lang='lat' dir='ltr'>cf.</span> <span class='ocrx_word' id='word_1_427' title='bbox 1562 1817 1685 1844; x_wconf 71' lang='lat' dir='ltr'>Sclwoers</span> <span class='ocrx_word' id='word_1_428' title='bbox 1706 1825 1768 1851; x_wconf 71' lang='lat' dir='ltr'>pay.</span> <span class='ocrx_word' id='word_1_429' title='bbox 1784 1819 1857 1851; x_wconf 84' lang='lat'><strong><em>122),-</em></strong></span> 
     </span>
     <span class='ocr_line' id='line_1_32' title="bbox 202 1868 1856 1906; baseline -0.002 -7"><span class='ocrx_word' id='word_1_430' title='bbox 202 1873 370 1899; x_wconf 61' lang='lat' dir='ltr'>flammarum</span> <span class='ocrx_word' id='word_1_431' title='bbox 388 1873 501 1899; x_wconf 76' lang='lat' dir='ltr'>eumdem</span> <span class='ocrx_word' id='word_1_432' title='bbox 519 1873 632 1899; x_wconf 82' lang='lat' dir='ltr'>concilia</span> <span class='ocrx_word' id='word_1_433' title='bbox 649 1872 713 1906; x_wconf 67' lang='lat' dir='ltr'>(lum,</span> <span class='ocrx_word' id='word_1_434' title='bbox 731 1872 899 1899; x_wconf 76' lang='lat' dir='ltr'>Valentinum</span> <span class='ocrx_word' id='word_1_435' title='bbox 919 1871 981 1897; x_wconf 83' lang='lat' dir='ltr'>Ian.</span> <span class='ocrx_word' id='word_1_436' title='bbox 994 1874 1045 1898; x_wconf 88' lang='grc'>855</span> <span class='ocrx_word' id='word_1_437' title='bbox 1063 1870 1107 1904; x_wconf 76' lang='lat' dir='ltr'>(cf.</span> <span class='ocrx_word' id='word_1_438' title='bbox 1128 1870 1253 1896; x_wconf 67' lang='lat' dir='ltr'>Selwoers</span> <span class='ocrx_word' id='word_1_439' title='bbox 1273 1877 1336 1903; x_wconf 73' lang='lat' dir='ltr'>paq.</span> <span class='ocrx_word' id='word_1_440' title='bbox 1351 1870 1409 1901; x_wconf 76' lang='lat'><strong><em>134)</em></strong></span> <span class='ocrx_word' id='word_1_441' title='bbox 1427 1871 1452 1895; x_wconf 90' lang='lat' dir='ltr'>et</span> <span class='ocrx_word' id='word_1_442' title='bbox 1471 1868 1638 1902; x_wconf 59' lang='lat' dir='ltr'>Lingonense</span> <span class='ocrx_word' id='word_1_443' title='bbox 1655 1869 1727 1895; x_wconf 83' lang='lat' dir='ltr'>Mai.</span> <span class='ocrx_word' id='word_1_444' title='bbox 1741 1872 1792 1896; x_wconf 85' lang='grc'>859</span> <span class='ocrx_word' id='word_1_445' title='bbox 1809 1870 1856 1902; x_wconf 81' lang='lat' dir='ltr'>(cf.</span> 
     </span>
     <span class='ocr_line' id='line_1_33' title="bbox 201 1920 1857 1958; baseline -0.001 -8"><span class='ocrx_word' id='word_1_446' title='bbox 201 1925 324 1951; x_wconf 80' lang='lat' dir='ltr'>Sclvroers</span> <span class='ocrx_word' id='word_1_447' title='bbox 338 1933 400 1958; x_wconf 68' lang='lat' dir='ltr'>pay.</span> <span class='ocrx_word' id='word_1_448' title='bbox 415 1926 484 1957; x_wconf 84' lang='lat'><strong><em>140).</em></strong></span> <span class='ocrx_word' id='word_1_449' title='bbox 524 1924 693 1950; x_wconf 80' lang='lat' dir='ltr'>Hincmarus</span> <span class='ocrx_word' id='word_1_450' title='bbox 707 1924 846 1951; x_wconf 85' lang='lat' dir='ltr'>Remensis</span> <span class='ocrx_word' id='word_1_451' title='bbox 864 1924 1009 1957; x_wconf 80' lang='lat' dir='ltr'>episcopus,</span> <span class='ocrx_word' id='word_1_452' title='bbox 1027 1923 1075 1956; x_wconf 82' lang='lat' dir='ltr'>qui</span> <span class='ocrx_word' id='word_1_453' title='bbox 1092 1931 1152 1949; x_wconf 88' lang='lat' dir='ltr'>una</span> <span class='ocrx_word' id='word_1_454' title='bbox 1169 1930 1228 1948; x_wconf 88' lang='lat' dir='ltr'>cum</span> <span class='ocrx_word' id='word_1_455' title='bbox 1240 1921 1364 1948; x_wconf 79' lang='lat' dir='ltr'>Pardulo</span> <span class='ocrx_word' id='word_1_456' title='bbox 1376 1921 1496 1955; x_wconf 57' lang='lat' dir='ltr'>epssctwo</span> <span class='ocrx_word' id='word_1_457' title='bbox 1508 1920 1692 1947; x_wconf 74' lang='lat' dir='ltr'>Laudunensi</span> <span class='ocrx_word' id='word_1_458' title='bbox 1705 1921 1857 1948; x_wconf 78' lang='lat' dir='ltr'>Iohannem</span> 
     </span>
     <span class='ocr_line' id='line_1_34' title="bbox 202 1973 1856 2010; baseline -0.003 -7"><span class='ocrx_word' id='word_1_459' title='bbox 202 1977 240 2002; x_wconf 84' lang='lat' dir='ltr'>ad</span> <span class='ocrx_word' id='word_1_460' title='bbox 257 1976 389 2003; x_wconf 78' lang='lat' dir='ltr'>edendum</span> <span class='ocrx_word' id='word_1_461' title='bbox 407 1977 505 2003; x_wconf 70' lang='lat' dir='ltr'>liin-um</span> <span class='ocrx_word' id='word_1_462' title='bbox 525 1977 669 2010; x_wconf 70' lang='lat' dir='ltr'>impulerat</span> <span class='ocrx_word' id='word_1_463' title='bbox 689 1977 793 2010; x_wconf 68' lang='lat' dir='ltr'>(Mync</span> <span class='ocrx_word' id='word_1_464' title='bbox 812 1980 865 2010; x_wconf 91' lang='lat'><strong><em>121,</em></strong></span> <span class='ocrx_word' id='word_1_465' title='bbox 878 1979 957 2009; x_wconf 88' lang='lat'><strong><em>1052,·</em></strong></span> <span class='ocrx_word' id='word_1_466' title='bbox 976 1979 1058 2009; x_wconf 77' lang='lat'><strong><em>1054,·</em></strong></span> <span class='ocrx_word' id='word_1_467' title='bbox 1077 1978 1134 2008; x_wconf 89' lang='lat'><strong><em>122,</em></strong></span> <span class='ocrx_word' id='word_1_468' title='bbox 1145 1975 1219 2008; x_wconf 86' lang='lat'><strong><em>355),</em></strong></span> <span class='ocrx_word' id='word_1_469' title='bbox 1237 1976 1308 2000; x_wconf 84' lang='lat' dir='ltr'>tacet</span> <span class='ocrx_word' id='word_1_470' title='bbox 1325 1973 1357 1999; x_wconf 76' lang='lat' dir='ltr'>cle</span> <span class='ocrx_word' id='word_1_471' title='bbox 1375 1981 1404 1999; x_wconf 88' lang='lat' dir='ltr'>eo</span> <span class='ocrx_word' id='word_1_472' title='bbox 1421 1981 1448 1999; x_wconf 89' lang='lat' dir='ltr'>a.</span> <span class='ocrx_word' id='word_1_473' title='bbox 1462 1975 1526 2006; x_wconf 83' lang='lat'><strong><em>866,</em></strong></span> <span class='ocrx_word' id='word_1_474' title='bbox 1549 1981 1608 1999; x_wconf 86' lang='lat' dir='ltr'>cum</span> <span class='ocrx_word' id='word_1_475' title='bbox 1625 1973 1715 1999; x_wconf 62' lang='lat' dir='ltr'>scribit</span> <span class='ocrx_word' id='word_1_476' title='bbox 1732 1973 1763 1999; x_wconf 82' lang='lat' dir='ltr'>de</span> <span class='ocrx_word' id='word_1_477' title='bbox 1777 1981 1856 2007; x_wconf 79' lang='lat' dir='ltr'>prae-</span> 
     </span>
     <span class='ocr_line' id='line_1_35' title="bbox 203 2016 1857 2062; baseline -0.002 -8"><span class='ocrx_word' id='word_1_478' title='bbox 203 2027 379 2055; x_wconf 80' lang='lat' dir='ltr'>destinatione</span> <span class='ocrx_word' id='word_1_479' title='bbox 397 2031 420 2055; x_wconf 87' lang='lat' dir='ltr'>et</span> <span class='ocrx_word' id='word_1_480' title='bbox 436 2029 491 2062; x_wconf 85' lang='lat' dir='ltr'>ipse</span> <span class='ocrx_word' id='word_1_481' title='bbox 508 2029 615 2062; x_wconf 67' lang='lat' dir='ltr'>(Miyne</span> <span class='ocrx_word' id='word_1_482' title='bbox 633 2031 689 2061; x_wconf 88' lang='lat'><strong><em>125,</em></strong></span> <span class='ocrx_word' id='word_1_483' title='bbox 702 2030 758 2061; x_wconf 89' lang='lat'><strong><em>51),·</em></strong></span> <span class='ocrx_word' id='word_1_484' title='bbox 776 2037 802 2055; x_wconf 85' lang='lat' dir='ltr'>a.</span> <span class='ocrx_word' id='word_1_485' title='bbox 817 2031 871 2054; x_wconf 87' lang='grc'>859</span> <span class='ocrx_word' id='word_1_486' title='bbox 885 2016 919 2054; x_wconf 83' lang='lat' dir='ltr'>in</span> <span class='ocrx_word' id='word_1_487' title='bbox 932 2027 1086 2061; x_wconf 79' lang='lat' dir='ltr'>‘posteriore</span> <span class='ocrx_word' id='word_1_488' title='bbox 1101 2026 1287 2053; x_wconf 77' lang='lat' dir='ltr'>dissertatione</span> <span class='ocrx_word' id='word_1_489' title='bbox 1298 2025 1330 2051; x_wconf 79' lang='lat' dir='ltr'>de</span> <span class='ocrx_word' id='word_1_490' title='bbox 1344 2024 1711 2058; x_wconf 74' lang='lat' dir='ltr'>praedestinatione&#39;(M¹9ne</span> <span class='ocrx_word' id='word_1_491' title='bbox 1721 2028 1778 2058; x_wconf 87' lang='lat'><strong><em>125,</em></strong></span> <span class='ocrx_word' id='word_1_492' title='bbox 1792 2027 1857 2058; x_wconf 83' lang='lat'><strong><em>296)</em></strong></span> 
     </span>
     <span class='ocr_line' id='line_1_36' title="bbox 203 2076 1856 2114; baseline -0.001 -8"><span class='ocrx_word' id='word_1_493' title='bbox 203 2088 249 2106; x_wconf 85' lang='lat' dir='ltr'>nec</span> <span class='ocrx_word' id='word_1_494' title='bbox 273 2080 367 2106; x_wconf 83' lang='lat' dir='ltr'>laudat</span> <span class='ocrx_word' id='word_1_495' title='bbox 391 2080 536 2106; x_wconf 81' lang='lat' dir='ltr'>Iohannem</span> <span class='ocrx_word' id='word_1_496' title='bbox 559 2088 607 2106; x_wconf 84' lang='lat' dir='ltr'>nee</span> <span class='ocrx_word' id='word_1_497' title='bbox 628 2080 776 2114; x_wconf 77' lang='lat' dir='ltr'>vituperat,</span> <span class='ocrx_word' id='word_1_498' title='bbox 799 2079 844 2106; x_wconf 78' lang='lat' dir='ltr'>secl</span> <span class='ocrx_word' id='word_1_499' title='bbox 867 2080 902 2106; x_wconf 89' lang='lat' dir='ltr'>de</span> <span class='ocrx_word' id='word_1_500' title='bbox 921 2079 985 2105; x_wconf 84' lang='lat' dir='ltr'>XIX</span> <span class='ocrx_word' id='word_1_501' title='bbox 1005 2078 1136 2112; x_wconf 81' lang='lat' dir='ltr'>capitulis</span> <span class='ocrx_word' id='word_1_502' title='bbox 1159 2077 1306 2110; x_wconf 80' lang='lat' dir='ltr'>(Iohannis</span> <span class='ocrx_word' id='word_1_503' title='bbox 1327 2085 1394 2110; x_wconf 70' lang='lat' dir='ltr'>opus</span> <span class='ocrx_word' id='word_1_504' title='bbox 1416 2076 1562 2110; x_wconf 67' lang='lat' dir='ltr'>siqnificat,</span> <span class='ocrx_word' id='word_1_505' title='bbox 1579 2076 1651 2110; x_wconf 68' lang='lat' dir='ltr'>qvtod</span> <span class='ocrx_word' id='word_1_506' title='bbox 1670 2076 1749 2103; x_wconf 88' lang='lat' dir='ltr'>XIX</span> <span class='ocrx_word' id='word_1_507' title='bbox 1765 2077 1856 2111; x_wconf 72' lang='lat' dir='ltr'>capita</span> 
     </span>
     <span class='ocr_line' id='line_1_37' title="bbox 204 2127 1858 2166; baseline -0.002 -8"><span class='ocrx_word' id='word_1_508' title='bbox 204 2131 392 2165; x_wconf 81' lang='lat' dir='ltr'>complectitur)</span> <span class='ocrx_word' id='word_1_509' title='bbox 413 2141 487 2158; x_wconf 86' lang='lat' dir='ltr'>nunc</span> <span class='ocrx_word' id='word_1_510' title='bbox 514 2132 549 2158; x_wconf 81' lang='lat' dir='ltr'>ad</span> <span class='ocrx_word' id='word_1_511' title='bbox 574 2131 632 2158; x_wconf 75' lang='lat' dir='ltr'>alia.</span> <span class='ocrx_word' id='word_1_512' title='bbox 655 2131 887 2166; x_wconf 75' lang='lat' dir='ltr'>occupationibus</span> <span class='ocrx_word' id='word_1_513' title='bbox 910 2131 1061 2157; x_wconf 84' lang='lat' dir='ltr'>devocatus</span> <span class='ocrx_word' id='word_1_514' title='bbox 1086 2129 1205 2156; x_wconf 86' lang='lat' dir='ltr'>scribere</span> <span class='ocrx_word' id='word_1_515' title='bbox 1229 2128 1402 2163; x_wconf 83' lang='lat' dir='ltr'>supersedet,</span> <span class='ocrx_word' id='word_1_516' title='bbox 1427 2127 1573 2154; x_wconf 64' lang='lat' dir='ltr'>Prudentia·</span> <span class='ocrx_word' id='word_1_517' title='bbox 1594 2130 1683 2154; x_wconf 76' lang='lat' dir='ltr'>autem</span> <span class='ocrx_word' id='word_1_518' title='bbox 1704 2136 1781 2162; x_wconf 80' lang='lat' dir='ltr'>opere</span> <span class='ocrx_word' id='word_1_519' title='bbox 1798 2129 1858 2155; x_wconf 69' lang='lat' dir='ltr'>item</span> 
     </span>
     <span class='ocr_line' id='line_1_38' title="bbox 203 2179 1858 2218; baseline -0.002 -9"><span class='ocrx_word' id='word_1_520' title='bbox 203 2184 285 2210; x_wconf 72' lang='lat' dir='ltr'>obiter</span> <span class='ocrx_word' id='word_1_521' title='bbox 302 2184 419 2210; x_wconf 78' lang='lat' dir='ltr'>imlicato</span> <span class='ocrx_word' id='word_1_522' title='bbox 433 2184 520 2218; x_wconf 59' lang='lat' dir='ltr'>pergit</span> <span class='ocrx_word' id='word_1_523' title='bbox 538 2184 589 2210; x_wconf 85' lang='lat' dir='ltr'>ita:</span> <span class='ocrx_word' id='word_1_524' title='bbox 609 2192 727 2217; x_wconf 88' lang='lat' dir='ltr'>quorum</span> <span class='ocrx_word' id='word_1_525' title='bbox 746 2184 874 2210; x_wconf 78' lang='lat' dir='ltr'>auctores</span> <span class='ocrx_word' id='word_1_526' title='bbox 895 2183 937 2210; x_wconf 86' lang='lat' dir='ltr'>vel</span> <span class='ocrx_word' id='word_1_527' title='bbox 957 2182 1051 2217; x_wconf 88' lang='lat' dir='ltr'>potius</span> <span class='ocrx_word' id='word_1_528' title='bbox 1071 2181 1125 2208; x_wconf 87' lang='lat' dir='ltr'>sibi</span> <span class='ocrx_word' id='word_1_529' title='bbox 1138 2182 1371 2215; x_wconf 77' lang='lat' dir='ltr'>compugnatores</span> <span class='ocrx_word' id='word_1_530' title='bbox 1390 2181 1419 2206; x_wconf 86' lang='lat' dir='ltr'>et</span> <span class='ocrx_word' id='word_1_531' title='bbox 1437 2179 1466 2206; x_wconf 91' lang='lat' dir='ltr'>iu</span> <span class='ocrx_word' id='word_1_532' title='bbox 1479 2179 1646 2213; x_wconf 71' lang='lat' dir='ltr'>quibusdam</span> <span class='ocrx_word' id='word_1_533' title='bbox 1660 2180 1788 2206; x_wconf 78' lang='lat' dir='ltr'>veritatis</span> <span class='ocrx_word' id='word_1_534' title='bbox 1806 2180 1858 2206; x_wconf 89' lang='lat' dir='ltr'>im-</span> 
     </span>
     <span class='ocr_line' id='line_1_39' title="bbox 206 2231 1858 2269; baseline -0.002 -7"><span class='ocrx_word' id='word_1_535' title='bbox 206 2238 375 2269; x_wconf 77' lang='lat' dir='ltr'>pugnatores</span> <span class='ocrx_word' id='word_1_536' title='bbox 394 2235 561 2262; x_wconf 77' lang='lat' dir='ltr'>iactitantur</span> <span class='ocrx_word' id='word_1_537' title='bbox 580 2244 597 2262; x_wconf 88' lang='lat' dir='ltr'>a</span> <span class='ocrx_word' id='word_1_538' title='bbox 615 2235 712 2262; x_wconf 89' lang='lat' dir='ltr'>multis</span> <span class='ocrx_word' id='word_1_539' title='bbox 732 2235 899 2262; x_wconf 83' lang='lat' dir='ltr'>Prudentius</span> <span class='ocrx_word' id='word_1_540' title='bbox 919 2234 1063 2268; x_wconf 86' lang='lat' dir='ltr'>episcopus</span> <span class='ocrx_word' id='word_1_541' title='bbox 1082 2234 1111 2259; x_wconf 89' lang='lat' dir='ltr'>et</span> <span class='ocrx_word' id='word_1_542' title='bbox 1129 2233 1267 2259; x_wconf 78' lang='lat' dir='ltr'>Iohanne·</span> <span class='ocrx_word' id='word_1_543' title='bbox 1280 2231 1454 2266; x_wconf 81' lang='lat' dir='ltr'>Scottigena:</span> <span class='ocrx_word' id='word_1_544' title='bbox 1475 2231 1523 2258; x_wconf 87' lang='lat' dir='ltr'>sed</span> <span class='ocrx_word' id='word_1_545' title='bbox 1541 2239 1591 2258; x_wconf 89' lang='lat' dir='ltr'>nos</span> <span class='ocrx_word' id='word_1_546' title='bbox 1610 2239 1661 2258; x_wconf 85' lang='lat' dir='ltr'>nec</span> <span class='ocrx_word' id='word_1_547' title='bbox 1679 2231 1789 2258; x_wconf 83' lang='lat' dir='ltr'>credere</span> <span class='ocrx_word' id='word_1_548' title='bbox 1807 2240 1858 2259; x_wconf 83' lang='lat' dir='ltr'>nec</span> 
     </span>
     <span class='ocr_line' id='line_1_40' title="bbox 205 2282 1857 2321; baseline -0.003 -7"><span class='ocrx_word' id='word_1_549' title='bbox 205 2288 366 2314; x_wconf 80' lang='lat' dir='ltr'>confirmare</span> <span class='ocrx_word' id='word_1_550' title='bbox 386 2288 526 2319; x_wconf 88' lang='lat' dir='ltr'>volumus,</span> <span class='ocrx_word' id='word_1_551' title='bbox 545 2287 620 2321; x_wconf 86' lang='lat' dir='ltr'>quod</span> <span class='ocrx_word' id='word_1_552' title='bbox 639 2286 813 2314; x_wconf 89' lang='lat' dir='ltr'>documentis</span> <span class='ocrx_word' id='word_1_553' title='bbox 832 2285 997 2313; x_wconf 81' lang='lat' dir='ltr'>certioribus</span> <span class='ocrx_word' id='word_1_554' title='bbox 1017 2285 1207 2311; x_wconf 80' lang='lat' dir='ltr'>demonstrare</span> <span class='ocrx_word' id='word_1_555' title='bbox 1231 2292 1288 2310; x_wconf 87' lang='lat' dir='ltr'>non</span> <span class='ocrx_word' id='word_1_556' title='bbox 1313 2292 1466 2318; x_wconf 88' lang='lat' dir='ltr'>possumus.</span> <span class='ocrx_word' id='word_1_557' title='bbox 1502 2282 1615 2309; x_wconf 84' lang='lat' dir='ltr'>interim</span> <span class='ocrx_word' id='word_1_558' title='bbox 1633 2284 1727 2309; x_wconf 82' lang='lat' dir='ltr'>tamen</span> <span class='ocrx_word' id='word_1_559' title='bbox 1746 2282 1857 2310; x_wconf 84' lang='lat' dir='ltr'>illorum</span> 
     </span>
     <span class='ocr_line' id='line_1_41' title="bbox 205 2335 1857 2372; baseline -0.003 -6"><span class='ocrx_word' id='word_1_560' title='bbox 205 2339 432 2366; x_wconf 84' lang='lat' dir='ltr'>contentionibus</span> <span class='ocrx_word' id='word_1_561' title='bbox 446 2347 494 2366; x_wconf 81' lang='lat' dir='ltr'>nos</span> <span class='ocrx_word' id='word_1_562' title='bbox 508 2339 663 2365; x_wconf 82' lang='lat' dir='ltr'>immiscere</span> <span class='ocrx_word' id='word_1_563' title='bbox 681 2338 830 2370; x_wconf 87' lang='lat' dir='ltr'>noluimus,</span> <span class='ocrx_word' id='word_1_564' title='bbox 850 2346 937 2372; x_wconf 88' lang='lat' dir='ltr'>usque</span> <span class='ocrx_word' id='word_1_565' title='bbox 957 2337 1021 2364; x_wconf 89' lang='lat' dir='ltr'>dum</span> <span class='ocrx_word' id='word_1_566' title='bbox 1042 2336 1176 2370; x_wconf 84' lang='lat' dir='ltr'>liquidius</span> <span class='ocrx_word' id='word_1_567' title='bbox 1190 2344 1395 2370; x_wconf 78' lang='lat' dir='ltr'>cognoscamus,</span> <span class='ocrx_word' id='word_1_568' title='bbox 1409 2335 1444 2362; x_wconf 80' lang='lat' dir='ltr'>ad</span> <span class='ocrx_word' id='word_1_569' title='bbox 1458 2343 1540 2369; x_wconf 83' lang='lat' dir='ltr'>quem</span> <span class='ocrx_word' id='word_1_570' title='bbox 1555 2335 1635 2362; x_wconf 87' lang='lat' dir='ltr'>finem</span> <span class='ocrx_word' id='word_1_571' title='bbox 1649 2335 1857 2362; x_wconf 82' lang='lat' dir='ltr'>contentionem</span> 
     </span>
     <span class='ocr_line' id='line_1_42' title="bbox 206 2387 1859 2425; baseline -0.002 -9"><span class='ocrx_word' id='word_1_572' title='bbox 206 2401 282 2418; x_wconf 73' lang='lat' dir='ltr'>suam</span> <span class='ocrx_word' id='word_1_573' title='bbox 302 2392 470 2425; x_wconf 84' lang='lat' dir='ltr'>quicumque</span> <span class='ocrx_word' id='word_1_574' title='bbox 489 2392 546 2417; x_wconf 88' lang='lat' dir='ltr'>sint</span> <span class='ocrx_word' id='word_1_575' title='bbox 564 2391 605 2417; x_wconf 92' lang='lat' dir='ltr'>illi</span> <span class='ocrx_word' id='word_1_576' title='bbox 626 2391 813 2425; x_wconf 82' lang='lat' dir='ltr'>perduxerint.</span> <span class='ocrx_word' id='word_1_577' title='bbox 855 2390 964 2416; x_wconf 68' lang='lat' dir='ltr'>Talums</span> <span class='ocrx_word' id='word_1_578' title='bbox 985 2389 1137 2423; x_wconf 68' lang='lat' dir='ltr'>amlmqibus</span> <span class='ocrx_word' id='word_1_579' title='bbox 1159 2396 1225 2414; x_wconf 75' lang='lat' dir='ltr'>usus</span> <span class='ocrx_word' id='word_1_580' title='bbox 1247 2388 1384 2422; x_wconf 76' lang='lat' dir='ltr'>episcopus</span> <span class='ocrx_word' id='word_1_581' title='bbox 1406 2387 1476 2413; x_wconf 78' lang='lat' dir='ltr'>litem</span> <span class='ocrx_word' id='word_1_582' title='bbox 1498 2387 1645 2413; x_wconf 81' lang='lat' dir='ltr'>declinabat</span> <span class='ocrx_word' id='word_1_583' title='bbox 1668 2387 1714 2420; x_wconf 74' lang='lat' dir='ltr'>(cf.</span> <span class='ocrx_word' id='word_1_584' title='bbox 1732 2387 1859 2413; x_wconf 73' lang='lat' dir='ltr'>Schrom</span> 
     </span>
     <span class='ocr_line' id='line_1_43' title="bbox 204 2438 1859 2478; baseline -0.003 -10"><span class='ocrx_word' id='word_1_585' title='bbox 204 2452 267 2478; x_wconf 69' lang='lat' dir='ltr'>pay.</span> <span class='ocrx_word' id='word_1_586' title='bbox 283 2447 329 2470; x_wconf 84' lang='grc'>137</span> <span class='ocrx_word' id='word_1_587' title='bbox 349 2444 412 2471; x_wconf 79' lang='lat' dir='ltr'>adn.</span> <span class='ocrx_word' id='word_1_588' title='bbox 426 2445 472 2477; x_wconf 76' lang='lat'>30)</span> <span class='ocrx_word' id='word_1_589' title='bbox 490 2451 537 2470; x_wconf 88' lang='lat' dir='ltr'>nec</span> <span class='ocrx_word' id='word_1_590' title='bbox 554 2443 690 2470; x_wconf 79' lang='lat' dir='ltr'>dissuebat</span> <span class='ocrx_word' id='word_1_591' title='bbox 704 2442 861 2475; x_wconf 83' lang='lat' dir='ltr'>amicitiam,</span> <span class='ocrx_word' id='word_1_592' title='bbox 879 2449 948 2475; x_wconf 77' lang='lat' dir='ltr'>quae</span> <span class='ocrx_word' id='word_1_593' title='bbox 965 2441 1070 2467; x_wconf 57' lang='lat' dir='ltr'>indetur</span> <span class='ocrx_word' id='word_1_594' title='bbox 1082 2441 1107 2467; x_wconf 86' lang='lat' dir='ltr'>ei</span> <span class='ocrx_word' id='word_1_595' title='bbox 1118 2439 1288 2474; x_wconf 76' lang='lat' dir='ltr'>aliquamdiu</span> <span class='ocrx_word' id='word_1_596' title='bbox 1297 2439 1380 2472; x_wconf 78' lang='lat' dir='ltr'>fuisse</span> <span class='ocrx_word' id='word_1_597' title='bbox 1392 2446 1453 2465; x_wconf 82' lang='lat' dir='ltr'>cum</span> <span class='ocrx_word' id='word_1_598' title='bbox 1466 2438 1638 2472; x_wconf 54' lang='lat' dir='ltr'>philosopha·</span> <span class='ocrx_word' id='word_1_599' title='bbox 1656 2446 1720 2464; x_wconf 81' lang='lat' dir='ltr'>nam</span> <span class='ocrx_word' id='word_1_600' title='bbox 1731 2438 1763 2464; x_wconf 81' lang='lat' dir='ltr'>in</span> <span class='ocrx_word' id='word_1_601' title='bbox 1774 2438 1859 2464; x_wconf 78' lang='lat' dir='ltr'>eodem</span> 
     </span>
     <span class='ocr_line' id='line_1_44' title="bbox 205 2490 1860 2532; baseline -0.003 -11"><span class='ocrx_word' id='word_1_602' title='bbox 205 2496 301 2529; x_wconf 75' lang='lat' dir='ltr'>scripto</span> <span class='ocrx_word' id='word_1_603' title='bbox 319 2496 424 2529; x_wconf 64' lang='lat' dir='ltr'>(Mtqne</span> <span class='ocrx_word' id='word_1_604' title='bbox 444 2499 501 2528; x_wconf 84' lang='lat'><strong><em>125,</em></strong></span> <span class='ocrx_word' id='word_1_605' title='bbox 512 2498 559 2522; x_wconf 87' lang='lat'><strong><em>225</em></strong></span> <span class='ocrx_word' id='word_1_606' title='bbox 577 2497 600 2521; x_wconf 90' lang='lat' dir='ltr'>et</span> <span class='ocrx_word' id='word_1_607' title='bbox 619 2498 674 2528; x_wconf 77' lang='lat'><strong><em>313,</em></strong></span> <span class='ocrx_word' id='word_1_608' title='bbox 692 2495 726 2527; x_wconf 76' lang='lat' dir='ltr'>cf.</span> <span class='ocrx_word' id='word_1_609' title='bbox 740 2494 863 2521; x_wconf 77' lang='lat' dir='ltr'>Sclvroers</span> <span class='ocrx_word' id='word_1_610' title='bbox 873 2501 936 2527; x_wconf 65' lang='lat' dir='ltr'>paq.</span> <span class='ocrx_word' id='word_1_611' title='bbox 951 2494 1007 2526; x_wconf 78' lang='lat'><strong><em>173)</em></strong></span> <span class='ocrx_word' id='word_1_612' title='bbox 1026 2492 1132 2525; x_wconf 78' lang='lat' dir='ltr'>saepius</span> <span class='ocrx_word' id='word_1_613' title='bbox 1149 2491 1245 2517; x_wconf 75' lang='lat' dir='ltr'>laudat</span> <span class='ocrx_word' id='word_1_614' title='bbox 1258 2490 1422 2532; x_wconf 70' lang='lat' dir='ltr'>Dionysium</span> <span class='ocrx_word' id='word_1_615' title='bbox 1433 2490 1624 2523; x_wconf 63' lang='lat' dir='ltr'>Aremaaqitam</span> <span class='ocrx_word' id='word_1_616' title='bbox 1637 2492 1694 2516; x_wconf 84' lang='lat' dir='ltr'>tum</span> <span class='ocrx_word' id='word_1_617' title='bbox 1706 2499 1724 2516; x_wconf 85' lang='grc' dir='ltr'><strong><em>η</em></strong></span> <span class='ocrx_word' id='word_1_618' title='bbox 1738 2490 1860 2516; x_wconf 82' lang='lat' dir='ltr'>Iohanne</span> 
     </span>
     <span class='ocr_line' id='line_1_45' title="bbox 207 2542 1859 2580; baseline -0.002 -8"><span class='ocrx_word' id='word_1_619' title='bbox 207 2547 377 2580; x_wconf 81' lang='lat' dir='ltr'>translatum,</span> <span class='ocrx_word' id='word_1_620' title='bbox 396 2547 443 2574; x_wconf 72' lang='lat' dir='ltr'>sea</span> <span class='ocrx_word' id='word_1_621' title='bbox 460 2547 590 2580; x_wconf 77' lang='lat' dir='ltr'>nondum,</span> <span class='ocrx_word' id='word_1_622' title='bbox 610 2547 714 2580; x_wconf 76' lang='lat' dir='ltr'>opinor,</span> <span class='ocrx_word' id='word_1_623' title='bbox 734 2546 907 2580; x_wconf 62' lang='lat' dir='ltr'>divulgatum.</span> <span class='ocrx_word' id='word_1_624' title='bbox 988 2546 1016 2578; x_wconf 81' lang='lat'>2)</span> <span class='ocrx_word' id='word_1_625' title='bbox 1037 2544 1075 2577; x_wconf 73' lang='grc' dir='ltr'>0Ῑί</span> <span class='ocrx_word' id='word_1_626' title='bbox 1088 2545 1167 2577; x_wconf 80' lang='lat' dir='ltr'>infra</span> <span class='ocrx_word' id='word_1_627' title='bbox 1181 2552 1246 2578; x_wconf 74' lang='lat' dir='ltr'>pay.</span> <span class='ocrx_word' id='word_1_628' title='bbox 1258 2547 1315 2571; x_wconf 84' lang='grc'><strong><em>527.</em></strong></span> <span class='ocrx_word' id='word_1_629' title='bbox 1397 2544 1425 2577; x_wconf 82' lang='grc'>3)</span> <span class='ocrx_word' id='word_1_630' title='bbox 1445 2543 1521 2569; x_wconf 83' lang='lat' dir='ltr'>Anni</span> <span class='ocrx_word' id='word_1_631' title='bbox 1533 2543 1572 2569; x_wconf 81' lang='lat' dir='ltr'>sic</span> <span class='ocrx_word' id='word_1_632' title='bbox 1583 2542 1759 2575; x_wconf 71' lang='lat' dir='ltr'>definiuntwr:</span> <span class='ocrx_word' id='word_1_633' title='bbox 1777 2543 1859 2569; x_wconf 84' lang='lat' dir='ltr'>Nico-</span> 
     </span>
     <span class='ocr_line' id='line_1_46' title="bbox 207 2594 1859 2632; baseline -0.002 -9"><span class='ocrx_word' id='word_1_634' title='bbox 207 2599 267 2624; x_wconf 83' lang='lat' dir='ltr'>taus</span> <span class='ocrx_word' id='word_1_635' title='bbox 280 2599 304 2631; x_wconf 92' lang='grc' dir='ltr'>Ι,</span> <span class='ocrx_word' id='word_1_636' title='bbox 320 2607 396 2632; x_wconf 79' lang='lat' dir='ltr'>papa</span> <span class='ocrx_word' id='word_1_637' title='bbox 414 2599 448 2624; x_wconf 83' lang='lat' dir='ltr'>ab</span> <span class='ocrx_word' id='word_1_638' title='bbox 468 2601 524 2625; x_wconf 89' lang='grc'>858</span> <span class='ocrx_word' id='word_1_639' title='bbox 541 2598 578 2624; x_wconf 80' lang='lat' dir='ltr'>ad</span> <span class='ocrx_word' id='word_1_640' title='bbox 596 2601 646 2625; x_wconf 87' lang='grc'><em>867</em></span> <span class='ocrx_word' id='word_1_641' title='bbox 661 2599 726 2632; x_wconf 79' lang='lat' dir='ltr'>(quo</span> <span class='ocrx_word' id='word_1_642' title='bbox 745 2606 821 2624; x_wconf 88' lang='lat' dir='ltr'>anno</span> <span class='ocrx_word' id='word_1_643' title='bbox 839 2597 982 2631; x_wconf 79' lang='lat' dir='ltr'>epistulam</span> <span class='ocrx_word' id='word_1_644' title='bbox 1000 2596 1101 2623; x_wconf 81' lang='lat' dir='ltr'>miserit</span> <span class='ocrx_word' id='word_1_645' title='bbox 1118 2595 1270 2628; x_wconf 77' lang='lat' dir='ltr'>nescimus),</span> <span class='ocrx_word' id='word_1_646' title='bbox 1289 2594 1394 2620; x_wconf 80' lang='lat' dir='ltr'>Karolo</span> <span class='ocrx_word' id='word_1_647' title='bbox 1413 2594 1493 2621; x_wconf 83' lang='lat' dir='ltr'>Calvo</span> <span class='ocrx_word' id='word_1_648' title='bbox 1510 2594 1618 2628; x_wconf 58' lang='lat' dir='ltr'>scripsit</span> <span class='ocrx_word' id='word_1_649' title='bbox 1635 2594 1721 2627; x_wconf 64' lang='lat' dir='ltr'>(Jaffe</span> <span class='ocrx_word' id='word_1_650' title='bbox 1733 2597 1805 2627; x_wconf 83' lang='grc'><em>2833,</em></span> <span class='ocrx_word' id='word_1_651' title='bbox 1825 2594 1859 2627; x_wconf 75' lang='lat' dir='ltr'>cf.</span> 
     </span>
     <span class='ocr_line' id='line_1_47' title="bbox 206 2645 1860 2684; baseline -0.002 -10"><span class='ocrx_word' id='word_1_652' title='bbox 206 2658 290 2683; x_wconf 72' lang='lat' dir='ltr'>supra</span> <span class='ocrx_word' id='word_1_653' title='bbox 305 2658 368 2684; x_wconf 72' lang='lat' dir='ltr'>pay.</span> <span class='ocrx_word' id='word_1_654' title='bbox 380 2654 434 2684; x_wconf 88' lang='lat'><strong><em>519,</em></strong></span> <span class='ocrx_word' id='word_1_655' title='bbox 444 2652 486 2683; x_wconf 85' lang='lat'><strong><em>5).·</em></strong></span> <span class='ocrx_word' id='word_1_656' title='bbox 504 2650 616 2676; x_wconf 78' lang='lat' dir='ltr'>mitteret</span> <span class='ocrx_word' id='word_1_657' title='bbox 634 2659 652 2676; x_wconf 90' lang='lat' dir='ltr'>a</span> <span class='ocrx_word' id='word_1_658' title='bbox 672 2650 793 2676; x_wconf 81' lang='lat' dir='ltr'>Iohanne</span> <span class='ocrx_word' id='word_1_659' title='bbox 811 2649 899 2676; x_wconf 83' lang='lat' dir='ltr'>Scotto</span> <span class='ocrx_word' id='word_1_660' title='bbox 916 2656 1004 2682; x_wconf 79' lang='lat' dir='ltr'>nuper</span> <span class='ocrx_word' id='word_1_661' title='bbox 1022 2648 1154 2674; x_wconf 82' lang='lat' dir='ltr'>translata</span> <span class='ocrx_word' id='word_1_662' title='bbox 1173 2646 1301 2680; x_wconf 77' lang='lat' dir='ltr'>Dionysii</span> <span class='ocrx_word' id='word_1_663' title='bbox 1319 2654 1414 2680; x_wconf 79' lang='lat' dir='ltr'>opera,</span> <span class='ocrx_word' id='word_1_664' title='bbox 1432 2654 1502 2679; x_wconf 76' lang='lat' dir='ltr'>quae</span> <span class='ocrx_word' id='word_1_665' title='bbox 1519 2646 1563 2672; x_wconf 68' lang='lat' dir='ltr'>aui</span> <span class='ocrx_word' id='word_1_666' title='bbox 1579 2645 1744 2679; x_wconf 76' lang='lat' dir='ltr'>apostolatus</span> <span class='ocrx_word' id='word_1_667' title='bbox 1760 2645 1860 2672; x_wconf 75' lang='lat' dir='ltr'>iudicio</span> 
     </span>
     <span class='ocr_line' id='line_1_48' title="bbox 207 2697 1860 2735; baseline -0.002 -9"><span class='ocrx_word' id='word_1_668' title='bbox 207 2702 381 2735; x_wconf 52' lang='lat' dir='ltr'>approbaret,-</span> <span class='ocrx_word' id='word_1_669' title='bbox 399 2702 468 2728; x_wconf 80' lang='lat' dir='ltr'>misit</span> <span class='ocrx_word' id='word_1_670' title='bbox 485 2710 516 2728; x_wconf 85' lang='lat' dir='ltr'>ea</span> <span class='ocrx_word' id='word_1_671' title='bbox 534 2702 655 2728; x_wconf 78' lang='lat' dir='ltr'>Karolus</span> <span class='ocrx_word' id='word_1_672' title='bbox 672 2701 826 2734; x_wconf 81' lang='lat' dir='ltr'>remisitque</span> <span class='ocrx_word' id='word_1_673' title='bbox 843 2710 869 2727; x_wconf 84' lang='lat' dir='ltr'>a.</span> <span class='ocrx_word' id='word_1_674' title='bbox 885 2703 938 2727; x_wconf 86' lang='grc'>860</span> <span class='ocrx_word' id='word_1_675' title='bbox 951 2699 1085 2726; x_wconf 67' lang='lat' dir='ltr'>Nic-olaus</span> <span class='ocrx_word' id='word_1_676' title='bbox 1103 2707 1151 2725; x_wconf 77' lang='lat' dir='ltr'>suo</span> <span class='ocrx_word' id='word_1_677' title='bbox 1169 2698 1270 2725; x_wconf 80' lang='lat' dir='ltr'>iudicio</span> <span class='ocrx_word' id='word_1_678' title='bbox 1287 2698 1439 2732; x_wconf 80' lang='lat' dir='ltr'>approbata</span> <span class='ocrx_word' id='word_1_679' title='bbox 1457 2700 1481 2724; x_wconf 86' lang='lat' dir='ltr'>et</span> <span class='ocrx_word' id='word_1_680' title='bbox 1494 2705 1544 2731; x_wconf 77' lang='lat' dir='ltr'>per</span> <span class='ocrx_word' id='word_1_681' title='bbox 1555 2697 1734 2723; x_wconf 78' lang='lat' dir='ltr'>Anastasium</span> <span class='ocrx_word' id='word_1_682' title='bbox 1751 2699 1860 2723; x_wconf 77' lang='lat' dir='ltr'>sanctae</span> 
     </span>
     <span class='ocr_line' id='line_1_49' title="bbox 207 2749 1860 2786; baseline -0.004 -6"><span class='ocrx_word' id='word_1_683' title='bbox 207 2762 273 2780; x_wconf 79' lang='lat' dir='ltr'>suae</span> <span class='ocrx_word' id='word_1_684' title='bbox 291 2753 359 2780; x_wconf 70' lang='lat' dir='ltr'>seclis</span> <span class='ocrx_word' id='word_1_685' title='bbox 376 2754 598 2780; x_wconf 72' lang='lat' dir='ltr'>bibliothecarium</span> <span class='ocrx_word' id='word_1_686' title='bbox 616 2756 740 2785; x_wconf 72' lang='lat' dir='ltr'>correcta,</span> <span class='ocrx_word' id='word_1_687' title='bbox 759 2753 789 2779; x_wconf 78' lang='lat' dir='ltr'>id</span> <span class='ocrx_word' id='word_1_688' title='bbox 806 2752 877 2786; x_wconf 79' lang='lat' dir='ltr'>quod</span> <span class='ocrx_word' id='word_1_689' title='bbox 896 2754 1008 2786; x_wconf 62' lang='lat' dir='ltr'>amaret</span> <span class='ocrx_word' id='word_1_690' title='bbox 1027 2759 1061 2778; x_wconf 70' lang='lat' dir='ltr'>ecc</span> <span class='ocrx_word' id='word_1_691' title='bbox 1073 2750 1214 2778; x_wconf 78' lang='lat' dir='ltr'>Anastasii</span> <span class='ocrx_word' id='word_1_692' title='bbox 1231 2750 1347 2784; x_wconf 71' lang='lat' dir='ltr'>epistula</span> <span class='ocrx_word' id='word_1_693' title='bbox 1363 2750 1395 2776; x_wconf 81' lang='lat' dir='ltr'>in</span> <span class='ocrx_word' id='word_1_694' title='bbox 1411 2749 1502 2776; x_wconf 82' lang='lat' dir='ltr'>multis</span> <span class='ocrx_word' id='word_1_695' title='bbox 1518 2749 1653 2776; x_wconf 79' lang='lat' dir='ltr'>codicibus</span> <span class='ocrx_word' id='word_1_696' title='bbox 1666 2749 1710 2782; x_wconf 82' lang='lat' dir='ltr'>(cf.</span> <span class='ocrx_word' id='word_1_697' title='bbox 1726 2756 1789 2782; x_wconf 71' lang='lat' dir='ltr'>paq.</span> <span class='ocrx_word' id='word_1_698' title='bbox 1801 2750 1860 2781; x_wconf 82' lang='lat'><strong><em>525)</em></strong></span> 
     </span>
     <span class='ocr_line' id='line_1_50' title="bbox 208 2799 1856 2840; baseline -0.004 -8"><span class='ocrx_word' id='word_1_699' title='bbox 208 2806 342 2840; x_wconf 69' lang='lat' dir='ltr'>Dionysio</span> <span class='ocrx_word' id='word_1_700' title='bbox 364 2814 381 2830; x_wconf 85' lang='lat' dir='ltr'>a</span> <span class='ocrx_word' id='word_1_701' title='bbox 405 2805 523 2830; x_wconf 81' lang='lat' dir='ltr'>Iohanne</span> <span class='ocrx_word' id='word_1_702' title='bbox 547 2806 678 2831; x_wconf 76' lang='lat' dir='ltr'>translato</span> <span class='ocrx_word' id='word_1_703' title='bbox 698 2805 853 2838; x_wconf 74' lang='lat' dir='ltr'>praeposita</span> <span class='ocrx_word' id='word_1_704' title='bbox 874 2812 957 2837; x_wconf 80' lang='lat' dir='ltr'>eaque</span> <span class='ocrx_word' id='word_1_705' title='bbox 980 2802 1124 2829; x_wconf 70' lang='lat' dir='ltr'>secumlum</span> <span class='ocrx_word' id='word_1_706' title='bbox 1146 2802 1259 2836; x_wconf 81' lang='lat' dir='ltr'>optimos</span> <span class='ocrx_word' id='word_1_707' title='bbox 1282 2802 1354 2828; x_wconf 81' lang='lat' dir='ltr'>inter</span> <span class='ocrx_word' id='word_1_708' title='bbox 1378 2809 1419 2828; x_wconf 80' lang='lat' dir='ltr'>eos</span> <span class='ocrx_word' id='word_1_709' title='bbox 1443 2801 1542 2828; x_wconf 78' lang='lat' dir='ltr'>codices</span> <span class='ocrx_word' id='word_1_710' title='bbox 1559 2801 1627 2827; x_wconf 77' lang='lat' dir='ltr'>data</span> <span class='ocrx_word' id='word_1_711' title='bbox 1646 2800 1668 2826; x_wconf 91' lang='lat' dir='ltr'>X</span> <span class='ocrx_word' id='word_1_712' title='bbox 1690 2800 1749 2826; x_wconf 74' lang='lat' dir='ltr'>Kal.</span> <span class='ocrx_word' id='word_1_713' title='bbox 1770 2799 1856 2834; x_wconf 77' lang='lat' dir='ltr'>April.</span> 
     </span>
    </p>
   </div>
   <div class='ocr_carea' id='block_1_8' title="bbox 2051 2158 2060 2443">
    <p class='ocr_par' dir='ltr' id='par_1_8' title="bbox 2051 2158 2060 2443">
     <span class='ocr_line' id='line_1_51' title="bbox 2051 2158 2060 2443; textangle 90"><span class='ocrx_word' id='word_1_714' title='bbox 2051 2388 2060 2443; x_wconf 57' lang='grc' dir='ltr'>...ν-ι</span> <span class='ocrx_word' id='word_1_715' title='bbox 2052 2220 2060 2376; x_wconf 60' lang='lat' dir='ltr'>.¹-u.-.A—‘a-.</span> <span class='ocrx_word' id='word_1_716' title='bbox 2058 2187 2060 2199; x_wconf 62' lang='lat'>.„</span> <span class='ocrx_word' id='word_1_717' title='bbox 2057 2158 2060 2161; x_wconf 88' lang='lat'><em>.</em></span> 
     </span>
    </p>
   </div>
   <div class='ocr_carea' id='block_1_9' title="bbox 2047 2446 2060 3074">
    <p class='ocr_par' dir='ltr' id='par_1_9' title="bbox 2047 2446 2060 3074">
     <span class='ocr_line' id='line_1_52' title="bbox 2047 2446 2060 3074; textangle 90"><span class='ocrx_word' id='word_1_718' title='bbox 2050 2879 2060 3074; x_wconf 52' lang='lat' dir='ltr'>Qun-n.</span> <span class='ocrx_word' id='word_1_719' title='bbox 2047 2573 2060 2859; x_wconf 51' lang='lat' dir='ltr'>,...-„..=.=1=‡..-.n;-—ama—.-2.-</span> <span class='ocrx_word' id='word_1_720' title='bbox 2055 2549 2060 2564; x_wconf 74' lang='lat'>-</span> <span class='ocrx_word' id='word_1_721' title='bbox 2056 2539 2060 2541; x_wconf 93' lang='lat'>.</span> <span class='ocrx_word' id='word_1_722' title='bbox 2056 2512 2060 2531; x_wconf 82' lang='grc'>.-</span> <span class='ocrx_word' id='word_1_723' title='bbox 2056 2495 2060 2500; x_wconf 90' lang='grc'>.</span> <span class='ocrx_word' id='word_1_724' title='bbox 2055 2473 2060 2484; x_wconf 70' lang='grc'>-</span> <span class='ocrx_word' id='word_1_725' title='bbox 2053 2446 2060 2463; x_wconf 73' lang='lat'>.›</span> 
     </span>
    </p>
   </div>
  </div>
 </body>
</html>
