2138 3106
319 200 381 230 296
923 192 1091 220 CARMINA
1110 190 1373 218 CENTULENSIA.

1131 367 1171 399 V.

868 433 915 469 IN
937 432 1077 472 ,DOMO
1105 430 1427 467 SCRIPTORVM.

714 508 807 540 Haec
829 508 944 539 domus
968 505 1066 537 officii
1090 505 1285 547 scriptorum
1309 505 1342 535 in
1366 504 1488 535 honore
1512 503 1630 535 dicat-a.

714 560 809 592 Hanc
832 559 946 591 adiens
971 557 1089 600 aliquis
1114 556 1279 588 dominum
1303 555 1460 598 deposcat
1483 554 1623 593 abunde,

715 611 834 650 0fficit,
859 614 894 642 ut
918 610 1020 653 pellat
1044 609 1115 647 hoc,
1140 607 1226 650 quod
1249 607 1472 650 scriptoribus,
1497 618 1539 639 ex
1561 607 1634 645 hac,

713 664 823 706 Atque
847 663 945 694 libros
970 662 1102 693 valeant
1125 660 1202 691 inibi
1228 660 1355 691 sulcare
1381 663 1533 691 sacratos.

667 724 678 742 ⁵
715 715 767 747 Ad
791 714 889 746 decus
913 714 1038 746 aeterni
1062 712 1148 754 regis
1173 712 1268 743 simul
1292 715 1391 753 atque
1415 711 1532 743 beatae

716 768 823 810 Ipsius
849 776 988 809 sponsae
1014 765 1114 796 servit
1137 764 1322 795 coniunctio
1346 767 1491 806 patrum:

716 820 790 851 Hac
814 819 912 851 etiam
937 817 1084 849 residens
1110 816 1240 847 studeat
1263 826 1395 847 servare
1419 815 1509 846 beati

716 872 839 914 Legem
865 870 1059 913 promissam
1083 867 1253 899 Benedicti
1279 871 1374 899 nocte
1398 867 1526 908 dieque.

1125 1079 1183 1110 VI.

1009 1141 1057 1177 IN
1083 1141 1302 1184 LETRICO.

715 1218 778 1250 Hic
802 1218 933 1261 quidam
957 1216 1079 1249 residet
1102 1217 1234 1248 calamis
1258 1220 1391 1248 ornatus
1415 1215 1573 1253 honestis,

766 1269 847 1301 Cum
872 1269 989 1311 quibus
1012 1267 1144 1300 assidue
1168 1267 1256 1299 haud
1278 1268 1428 1299 laborare
1450 1267 1552 1309 piget.

1114 1474 1190 1506 VII.

1018 1538 1067 1575 IN
1094 1537 1289 1574 FIGVRA.

710 1614 782 1646 Has
807 1613 928 1646 Christi
954 1613 1080 1656 species
1103 1612 1144 1644 ob
1168 1622 1314 1644 amorem
1337 1612 1461 1654 fingere
1483 1611 1573 1651 iussi,

756 1666 904 1708 Simplex
928 1665 959 1696 in
983 1665 1115 1706 trigono
1135 1664 1189 1706 qui
1213 1663 1330 1695 colitur
1351 1674 1497 1696 numero.

1109 1888 1202 1920 VIII.

983 1952 1031 1989 IN
1060 1950 1332 1988 CRVCIFIXO.

746 2029 810 2060 Hic
833 2028 932 2059 clavis
957 2027 1074 2059 colitur
1096 2027 1182 2058 fixus
1206 2029 1403 2058 veneranter
1426 2025 1520 2058 Iesus

787 2079 903 2111 Mundi
926 2082 1089 2111 mercator
1113 2078 1271 2120 sanguine
1295 2077 1336 2109 de
1360 2078 1505 2120 proprio.

435 2228 484 2261 [V]
503 2230 538 2254 ΙΝ
558 2229 606 2254 del.
627 2228 652 2252 B
755 2228 772 2252 ἶ)
790 2227 844 2260 regi
864 2227 888 2251 B
906 2235 972 2252 corr.
990 2226 1090 2251 Bechm.
1195 2226 1212 2250 8
1230 2226 1349 2251 benedict
1368 2225 1392 2250 B

434 2271 497 2304 [v1.]
516 2271 652 2296 *SETlco
671 2270 696 2295 Β

436 2314 511 2347 [V11.]
531 2316 566 2340 IN
585 2307 689 2339 FIGVR
707 2314 732 2338 B
837 2313 848 2338 1
870 2320 954 2338 amore
973 2312 998 2337 B
1016 2321 1084 2337 corr.
1103 2312 1202 2338 Bezhm.
1307 2311 1323 2337 2
1341 2311 1452 2345 trigono]
1470 2320 1596 2344 mperecr.
1616 2311 1659 2336 uel
1678 2319 1750 2336 sacro
1767 2310 1794 2335 B

436 2357 524 2390 [vin]
543 2359 578 2383 IN
590 2350 758 2382 'crevenni
777 2361 799 2382 ez
817 2356 852 2381 εἰς
869 2357 925 2387 fere
945 2356 1005 2389 (cfr.
1020 2364 1048 2388 p.
1067 2354 1118 2380 274
1136 2355 1199 2387 ειη.)
1218 2355 1244 2379 Β

437 2452 492 2486 [VJ
517 2452 566 2484 cfr.
590 2451 692 2477 scribae
714 2458 803 2476 versus
826 2449 857 2475 im
879 2449 964 2476 codice
987 2448 1103 2482 quodam
1127 2448 1254 2474 Vossiano
1279 2455 1346 2474 saec.
1367 2447 1424 2474 IX.
1442 2446 1517 2480 apud
1547 2446 1626 2473 Riese
1644 2446 1751 2472 Anthol.
1771 2447 1816 2473 lat.
1835 2447 1875 2480 II,
1890 2451 1991 2471 XXVII.-

472 2503 566 2529 Ardua
584 2502 751 2536 scriptorum
770 2509 837 2535 prae
856 2500 964 2527 cunctis
982 2499 1090 2527 artibus
1108 2508 1153 2526 ars
1172 2501 1222 2526 est.

472 2545 599 2572 Difficilis
618 2545 697 2572 labor
715 2547 757 2572 est
776 2544 915 2578 durusque
935 2543 1089 2578 [*duriusq;
1108 2543 1163 2570 cod.
1182 2543 1266 2570 durus
1284 2550 1395 2576 quoque
1414 2541 1598 2576 Wauenbach]
1617 2541 1728 2568 flectere
1747 2541 1819 2568 colla

471 2589 508 2616 Et
525 2588 701 2615 membranas
720 2587 763 2614 bis
782 2589 877 2614 ternas
894 2587 1026 2614 sulcare
1046 2595 1096 2621 per
1113 2587 1203 2613 horas.

473 2632 572 2665 Quare,
592 2632 717 2663 lectores,
736 2631 910 2665 praecelsum
928 2630 1036 2664 poscite
1055 2629 1158 2662 divum,

477 2675 518 2702 Ut
536 2675 655 2709 procul
674 2674 821 2709 apellat,
841 2673 1004 2707 quicquid
1023 2671 1263 2707 scriptoribus
1281 2671 1412 2703 obstat3

335 2735 449 2761 quorum
473 2726 618 2752 communis
641 2734 700 2752 cum
723 2726 831 2752 Micone
853 2725 918 2757 fons
937 2727 1024 2759 potest
1047 2733 1101 2751 esse
1118 2724 1224 2750 saeculo
1242 2723 1299 2749 IX.
1310 2710 1458 2756 'aliquanto
1477 2722 1607 2749 vetustior.
1626 2722 1734 2749 sulcare
1757 2729 1838 2748 sensu
1855 2721 1994 2748 scribendi

336 2778 418 2804 inedia
436 2785 499 2804 aevo
516 2777 654 2811 usitatum,
672 2777 722 2810 cfr.
742 2776 974 2804 Wattmbcwhium
990 2776 1051 2803 Das
1069 2775 1277 2808 Schriftweseffl
1295 2775 1323 2800 in
1342 2773 1437 2801 indice.
1551 2774 1567 2800 6
1586 2772 1746 2801 coniunctio
1764 2774 1876 2807 patrum
1894 2775 1926 2799 ut
1942 2772 1996 2799 alis

337 2829 493 2863 temporam
510 2828 577 2854 &lem
593 2831 630 2854 est
648 2828 719 2861 quod
736 2828 916 2855 bibliotheca.
1785 2822 1790 2825 ’
