2060 3074
612 184 751 211 VERSUS
769 184 904 212 VULFAI
924 185 1075 212 MILONIS
1093 186 1284 213 HUCBALDI.
1709 189 1770 219 611

434 283 446 301 ⁵
490 270 550 302 Cui
573 271 663 312 deus,
686 272 822 314 imperio
845 272 1000 305 mundum
1023 274 1077 316 qui
1100 273 1242 306 condidit
1265 274 1361 312 almo,

532 323 665 366 Imperii
687 324 799 356 sedem
824 325 975 367 praebuit
997 326 1066 368 ipse
1088 326 1185 367 piam.

490 375 575 406 Hinc
598 375 674 417 quia
697 375 849 408 nobiliter
870 377 963 418 regni
985 377 1164 409 moderaris
1186 377 1341 418 habenas,

531 425 698 458 Affectant
721 427 826 458 cuncti
848 427 980 459 flectere
1004 428 1087 459 colla
1109 428 1168 460 tibi

489 477 622 520 Subque
646 481 700 509 tuo
725 480 811 509 totus
834 479 994 510 concurrit
1017 479 1151 511 foedere
1175 490 1302 511 cosmus

417 541 443 559 10
530 529 578 560 Te
604 532 730 561 rectore
755 530 816 561 sibi
838 530 909 561 iura
930 533 1046 572 petens
1068 531 1147 563 fieri.

493 580 578 622 Quin
601 581 700 613 etiam
722 582 804 613 tanti
827 582 1036 624 congaudens
1059 583 1210 625 principis
1233 594 1327 615 omen

533 632 630 664 Orbis
652 632 759 664 Roma
783 636 881 675 caput
903 633 1047 665 subdidit
1068 634 1139 676 ipsa
1162 638 1267 677 caput.

489 684 589 716 Plura
611 683 670 716 sed
692 687 728 716 ut
750 685 862 727 paucis
884 686 1055 717 concludat
1077 686 1197 728 pagina
1219 687 1347 718 verbis>

533 736 632 768 Cuius
655 746 765 768 amore
789 737 886 778 cales,
911 738 979 769 eius
1002 738 1126 770 honore
1148 741 1252 780 potes.

420 801 444 820 1⁵
488 788 677 828 Praeterea,
701 789 852 830 quoniam
876 790 1038 822 commissi
1060 790 1130 822 iura
1153 790 1307 822 decenter

534 839 688 882 Disponis
710 841 804 883 regni
826 844 861 873 tu
885 852 1014 884 quoque
1036 842 1110 884 lege
1134 842 1198 883 dei,

490 891 630 923 Interius
653 891 729 923 dum
752 893 938 935 praefulget
961 893 1120 936 sapientia
1142 905 1255 926 sensus

534 943 751 986 Exteriusquc
776 943 890 975 domus
913 945 1075 986 praenitet
1098 956 1140 976 ex
1162 946 1286 988 opibus,

493 995 575 1027 Cum
598 994 772 1027 Salomone
795 998 921 1038 potens,
944 996 1096 1039 prudenti
1118 1000 1250 1039 pectore
1274 998 1400 1040 pollens

420 1059 446 1079 20
536 1046 670 1078 Terram
695 1046 791 1079 laudo
815 1048 933 1090 reples,
956 1051 1066 1080 mente
1089 1059 1229 1091 superna
1251 1052 1352 1081 tenes.

491 1098 535 1130 Et
558 1099 633 1141 quia
655 1100 843 1142 praecelsae
866 1100 991 1132 rimaris
1014 1100 1100 1132 dicta
1122 1101 1256 1143 sophiae

535 1150 686 1193 Huicque
710 1151 862 1194 frequens
885 1152 1010 1184 animus
1032 1151 1155 1194 gaudet
1177 1153 1293 1185 adesse
1315 1156 1398 1193 tuus,

495 1202 628 1244 Suscipe
651 1213 771 1245 magna
794 1203 935 1246 quidem,
959 1203 1018 1236 sed
1040 1215 1140 1246 parvo
1163 1204 1308 1247 pondere
1331 1205 1426 1246 dona,

535 1253 628 1290 Quae
651 1254 710 1286 tibi
733 1256 980 1288 ΠΔΝΔΕΚΤΕΟ
1003 1259 1164 1298 aggregat
1186 1256 1237 1295 hic
1260 1257 1391 1299 pariter,

422 1318 448 1338 π
493 1305 567 1342 Quo
590 1305 678 1337 rudis
702 1309 735 1338 et
758 1306 882 1349 priscae
905 1307 988 1349 legis
1011 1310 1166 1350 congesta
1188 1308 1361 1340 nitescunt*

536 1357 683 1399 Famina,
709 1368 793 1400 quae
816 1358 905 1390 biblo
929 1359 1054 1402 scripsit
1075 1360 1108 1391 111
1131 1360 1193 1392 hoc
1214 1360 1341 1392 modico

492 1409 580 1450 Milo,
604 1412 703 1452 poeta
726 1412 808 1451 tuus,
831 1413 942 1443 noster
965 1410 1147 1443 didascalus
1169 1411 1267 1452 idem,

534 1461 705 1503 Ingenium
729 1461 818 1494 cuius
839 1462 902 1494 hoc
924 1462 1010 1494 bene
1033 1462 1141 1506 prodit
1163 1474 1254 1506 opus,

495 1512 645 1545 Carmine
669 1514 723 1556 qui
746 1513 909 1556 quondam
933 1514 1033 1546 vitam
1056 1514 1225 1558 descripsit
1247 1514 1389 1547 Amandi

421 1577 447 1597 ao
533 1564 697 1597 Praesulis
721 1565 842 1606 eximii,
866 1565 982 1598 detulit
1003 1569 1102 1609 atque
1125 1566 1194 1598 tibi.

490 1616 586 1649 Hunc
609 1627 738 1660 quoque
761 1618 978 1660 conscriptum
1000 1621 1108 1650 vestro
1131 1618 1191 1650 sub
1214 1618 1336 1650 honore
1361 1619 1507 1651 libellum

536 1669 623 1701 Dum
647 1672 782 1712 cuperet
803 1672 915 1702 votum
937 1680 997 1713 per
1019 1670 1187 1702 celebrare
1210 1681 1313 1711 suum,

496 1721 626 1754 Occidit
647 1721 808 1754 humanae
830 1722 1021 1764 persolvens
1044 1721 1155 1754 debita
1176 1723 1273 1763 vitae,

538 1773 685 1816 Carpens
707 1773 888 1806 aethralem
911 1774 957 1806 sic
979 1784 1076 1817 super
1098 1777 1185 1806 astra
1206 1775 1301 1807 viam.

423 1837 449 1857 ³5
495 1825 563 1858 Sed
585 1826 672 1868 prius
696 1826 963 1869 algentes-quam
986 1826 1054 1858 vita
1074 1826 1271 1869 relinqueret
1293 1829 1391 1867 artus,

536 1877 681 1910 Iusserat
702 1878 764 1910 ista
785 1877 864 1910 mihi
886 1878 1024 1920 pignora
1046 1888 1121 1910 cara
1143 1877 1221 1910 dari.

492 1929 578 1962 Hinc
601 1932 694 1962 aestu
716 1930 810 1972 coepi
832 1929 891 1961 sed
913 1940 991 1961 mox
1014 1930 1143 1972 angoris
1165 1929 1267 1971 aduri,

537 1981 665 2013 Frontis
687 1981 719 2013 in
742 1981 804 2014 hoc
826 1981 908 2014 libro
932 1981 1009 2024 quid
1031 1982 1173 2013 facerem
1196 1982 1299 2022 titulo,

496 2033 570 2066 Non
593 2036 746 2076 reputans
769 2034 859 2066 illum
882 2034 931 2066 fas
954 2033 1097 2074 demere,
1120 2034 1249 2066 1101111110
1272 2034 1358 2066 claro

423 2098 450 2118 ω
537 2085 619 2117 Cum
642 2085 727 2118 foret
748 2086 880 2128 insignis
903 2086 1054 2128 principis
1076 2085 1240 2118 Ausonici.

496 2137 589 2170 Haec
613 2137 744 2170 dubiam
768 2137 892 2170 stabilis
914 2138 986 2170 fixit
1009 2141 1119 2169 tamen
1142 2137 1283 2169 anchora
1305 2141 1458 2178 mentem,

539 2189 591 2221 Ne
615 2189 708 2222 fleret
731 2189 857 2222 titulum
879 2190 1000 2232 pagina
1021 2192 1111 2221 muta
1133 2199 1235 2230 suum,

496 2242 580 2279 Quin
603 2242 674 2274 vice
697 2241 841 2274 defuncti
864 2242 1004 2285 supplex
1027 2252 1085 2273 sua
1107 2241 1217 2273 munia
1240 2242 1405 2283 complens

530 2294 614 2338 ‘Ipse
638 2293 750 2326 darem
774 2293 886 2325 faustis
909 2293 1058 2325 Caesaris
1081 2293 1162 2324 haec
1185 2293 1341 2324 manibus.

425 2358 452 2378 45
495 2345 545 2378 En
568 2356 660 2388 opus,
684 2355 725 2377 en
748 2348 898 2387 coeptum
922 2347 1012 2376 tanto
1035 2345 1094 2376 sub
1118 2345 1247 2376 nomine
1270 2355 1399 2376 carmen

540 2397 690 2429 Examen
712 2400 854 2429 vestrum
877 2399 1003 2439 spectat
1025 2396 1140 2428 adesse
1164 2396 1261 2439 pium.

498 2449 573 2481 Huc
595 2449 684 2490 ades,
707 2448 848 2491 Augusti
871 2449 1052 2488 clementia,
1075 2458 1204 2490 semper
1226 2448 1258 2479 in
1281 2458 1392 2479 omnes

541 2501 634 2538 Quae
659 2501 775 2533 virtute
798 2501 889 2532 vales
911 2503 944 2532 et
966 2500 1111 2532 bonitate
1134 2500 1240 2542 viges':

498 2552 690 2585 Sobrietatis
712 2552 814 2584 habes
836 2551 949 2584 laudes
971 2551 1024 2583 hic
1046 2551 1133 2583 bella
1155 2551 1292 2594 trophea

427 2617 453 2638 ω
538 2605 675 2647 Ingenio
698 2605 797 2646 vigili,
821 2604 962 2636 carmine
985 2603 1104 2645 scripta
1126 2602 1226 2634 brevi.

237 2750 303 2786 [m]
323 2750 359 2786 [1.]
377 2751 413 2779 23
430 2761 512 2787 paruo
530 2753 575 2779 8οᾱ
586 2752 615 2778 Ε

240 2828 311 2866 ιῙΠ.]
329 2828 368 2864 [1.]
385 2829 420 2857 2⁵
445 2828 522 2857 rudis
540 2829 585 2871 lex
603 2829 621 2856 ι’.
639 2836 736 2856 novum
755 2829 948 2861 testamentum,
966 2829 998 2853 ut
1014 2825 1090 2860 apud
1106 2825 1252 2858 Sedulium,
1270 2824 1448 2858 Aldhclmum,
1466 2823 1615 2851 Alcm'num.
