2060 3074
0 2244 14 2289 2150
3 2223 14 2239 ο

738 131 849 158 VITAE
867 132 893 158 S.
912 132 1080 159 GERMANI
1100 133 1313 160 ALLOCUTIO.
1783 134 1846 165 437

668 217 738 250 Nec
762 218 862 250 libras
886 219 1003 258 animo,
1029 220 1105 262 quid
1129 220 1194 259 ille,
1219 220 1296 262 quid
1319 231 1389 261 nos,

714 270 800 307 Quid
822 271 928 312 potuit
952 282 1026 313 spes
1051 272 1155 304 altera
1177 272 1312 312 Romae,

670 322 755 358 Quid
778 323 882 365 possit
904 323 1056 354 minimus
1080 324 1238 356 minorum
1261 325 1365 367 impar

605 387 631 406 2⁸
711 374 782 406 Nec
805 374 956 406 minimos
981 378 1090 407 tamen
1114 376 1198 408 inter
1221 377 1403 409 habendus.

669 426 723 466 Et,
746 426 779 458 ni
802 426 964 469 proripias
988 427 1020 458 in
1044 428 1225 470 oravulgi,

712 478 880 520 Inpaticns
904 478 1093 521 clavemque
1118 490 1262 520 recusas,

669 530 811 562 Invitum
837 531 987 572 quatiunt
1012 541 1127 563 severa
1150 534 1259 563 vatem

604 595 629 615 ³2
710 582 830 614 Omina
852 582 1048 625 terrificique
1073 594 1224 619 sonores;

668 634 782 666 Virtus
806 634 954 676 gnostica
976 645 1038 666 nec
1062 635 1137 666 sinit
1160 636 1325 667 volentem

712 686 911 729 Importunis
936 697 1069 729 parcere
1093 687 1213 719 verbis.

669 739 762 770 Haec
786 739 904 770 nolens
928 738 1047 780 capies,
1071 739 1186 770 volens
1210 730 1382 781 itemque(

605 803 630 823 ³6
709 790 772 822 His
795 801 855 822 nos
879 791 1224 822 ΛΝΤΙΛΕΓΟΝΤΑ
1245 791 1403 823 subimus.

671 843 708 876 ln
732 844 849 886 vulgus
873 843 985 875 venies
1009 843 1139 875 favente
1162 847 1254 876 voto:

713 895 777 927 Pro
800 914 841 918 —
865 898 986 938 quanto
1010 895 1175 927 iactabere
1199 896 1309 928 fluctu.

669 948 734 980 Hic
757 947 888 980 foedum
912 950 1017 990 spuet,
1041 947 1094 978 hic
1117 950 1229 979 coacta
1252 958 1330 979 nare

604 1012 631 1032 ιο
711 999 866 1031 Succinet
889 998 1122 1041 infandumque
1145 998 1385 1041 inimicumque,

670 1051 734 1083 Hic
757 1051 907 1094 plausum
930 1050 1079 1082 manibus
1103 1050 1194 1082 dabit
1217 1051 1372 1093 profanis,

711 1103 777 1134 Hic
800 1106 851 1134 ter
874 1103 1034 1134 succutiet
1056 1102 1140 1144 pede
1165 1105 1299 1139 terram;

669 1153 834 1187 Verrucas
858 1154 941 1186 alius
966 1155 1210 1193 scaturrientes,

605 1219 631 1239 44
711 1206 783 1238 Etsi
807 1206 898 1238 nulla
921 1209 1031 1238 tamen
1054 1209 1144 1248 patet
1168 1217 1316 1248 usquam,

670 1258 839 1300 Disquiret
861 1257 977 1299 digito,
1000 1257 1129 1289 notabit
1152 1268 1220 1297 ore,

713 1309 846 1352 Integra
868 1309 987 1352 quippe
1012 1309 1172 1342 invertere
1196 1309 1322 1342 doctus.

671 1362 715 1394 Et
738 1373 802 1404 quo
825 1361 982 1405 perditior
1005 1361 1076 1404 quis
1099 1355 1136 1393 ae
1160 1362 1327 1404 profanus,

606 1427 630 1447 ιε
710 1414 829 1446 Acrius
853 1413 915 1445 hoc
939 1414 1072 1445 tolletur
1095 1413 1126 1444 in
1150 1414 1226 1445 iras.

671 1465 819 1498 Tandem
843 1465 981 1497 ludibrio
1005 1465 1161 1497 subactus
1185 1465 1272 1496 omni

713 1520 755 1550 M
761 1519 1006 1550 YPOKOHOY
1025 1517 1156 1549 trudere
1181 1517 1317 1549 taberna

670 1570 738 1602 Aut
761 1569 852 1602 nardi
877 1569 1039 1602 modicum
1062 1569 1150 1601 feres
1174 1569 1307 1612 piperve

605 1635 630 1654 ⁶2
711 1621 754 1653 Et
778 1622 806 1653 si
829 1620 906 1664 quid
930 1620 1051 1652 chartis
1076 1620 1228 1652 amicitur

671 1673 813 1716 Ignavis.
859 1673 1002 1705 Monitor
1025 1673 1176 1715 repulsus
1200 1673 1276 1704 olim

715 1724 893 1758 Abstiterit
916 1734 977 1756 nec
1000 1735 1078 1756 cura.
1100 1723 1224 1756 mederi

670 1777 742 1810 Neu
765 1780 798 1808 te
822 1777 958 1808 consilio
983 1787 1119 1818 querare
1143 1779 1254 1808 nostro

606 1842 631 1862 as
710 1828 925 1861 Fraudatum:
951 1828 983 1859 id
1007 1831 1115 1860 tecum
1138 1828 1209 1871 ipsc
1234 1828 1365 1861 referto.

670 1881 743 1918 Qua
765 1882 904 1913 frontem
928 1881 1040 1912 titulus
1063 1879 1316 1922 praeordinabit,

712 1933 816 1966 Nemo
845 1933 1017 1965 ONOMA
1038 1932 1227 1974 praefixerit
1251 1935 1377 1964 auctor:

671 1985 854 2018 Germanus
878 1985 995 2017 subeat
1017 1984 1133 2027 prioris
1157 1994 1267 2016 arcem

606 2051 632 2071 ω
711 2037 871 2080 Auspicii,
896 2037 923 2068 is
946 2035 1123 2079 primordia
1147 2036 1264 2078 signet.

671 2090 742 2122 Hoc
765 2090 874 2121 forsan
897 2088 1020 2131 poteris
1044 2089 1168 2120 inerme
1194 2088 1311 2130 vulgus

713 2141 896 2183 Tempnerc
921 2151 979 2172 seu
1003 2139 1190 2172 discrimina
1213 2140 1312 2172 mille.

670 2193 765 2225 Tanti
789 2193 928 2224 nominis
952 2192 1079 2224 obicem
1102 2195 1252 2234 proterve

606 2258 631 2277 u
693 2245 780 2288 *Vix
803 2245 911 2280 ausint
937 2244 1098 2287 sprevisse
1121 2243 1311 2286 phalanges.

307 2342 414 2368 Scholia
422 2356 455 2361 ——
464 2342 499 2368 25
508 2343 562 2368 Noc
570 2341 660 2376 libras]
671 2350 718 2367 nee
728 2341 863 2375 perpendis
896 2340 948 2374 ille]
958 2349 993 2366 sc.
1005 2342 1077 2365 Maro
1129 2339 1162 2366 26
1172 2348 1229 2373 spes
1238 2340 1318 2366 altera
1327 2337 1430 2372 Romae]
1442 2340 1514 2365 Maro
1524 2340 1622 2366 scilicet
1673 2340 1707 2367 33
1718 2341 1846 2376 gnostica]

205 2385 389 2412 intellectualis
475 2386 510 2412 35
529 2385 597 2423 Hqc]
616 2386 679 2412 haec
698 2386 778 2411 verba
869 2384 903 2409 3ss
923 2383 1168 2416 ANTIAEFONTA]
1186 2387 1274 2409 eontra
1291 2383 1424 2408 dicentem.
1444 2396 1476 2400 -—
1495 2384 1570 2408 Anti:
1589 2388 1684 2416 contra,
1703 2385 1772 2418 lego:
1791 2386 1848 2411 dico

204 2427 240 2454 43
250 2427 387 2463 Van-neas]
402 2429 464 2455 vitia
482 2429 602 2455 carminis
646 2426 837 2460 scaturrientes]
857 2427 1009 2452 ebullientes
1091 2426 1125 2452 50
1138 2428 1165 2451 M
1171 2427 1314 2451 YPOKOHO
1321 2423 1348 2458 Y]
1362 2426 1508 2458 uugentarii
1522 2427 1606 2450 MIPA
1620 2428 1716 2453 Graece
1734 2415 1849 2461 ungeixta

205 2470 239 2497 56
260 2470 296 2505 id]
319 2480 352 2498 sc.
376 2472 511 2498 consilium
615 2471 650 2497 58
674 2469 798 2503 οΝΟΜΑ]
821 2479 912 2495 nomen
1016 2469 1047 2495 61
1074 2469 1139 2502 Hoc]
1158 2477 1215 2494 aere
1268 2467 1373 2501 inerme]
1393 2469 1447 2493 siue
1466 2469 1543 2494 armis
1646 2468 1680 2495 62
1698 2470 1848 2504 Tsmpners]

205 2513 416 2548 sontempfflncre
450 2513 606 2548 discrimina]
619 2515 732 2548 pericula
767 2512 846 2545 mille]
860 2514 947 2539 finitus
960 2522 1082 2538 uumerus
1094 2522 1139 2546 pro
1151 2513 1250 2538 infinito
1320 2511 1354 2537 63
1372 2510 1481 2545 obicem]
1499 2512 1683 2545 obpositionem
1722 2513 1848 2547 proterve]

205 2557 317 2590 oupsrbo
418 2556 454 2584 64
470 2556 569 2591 ausint]
587 2558 720 2583 sudabunt
772 2555 912 2593 sprevisse]
931 2557 1112 2589 contempsisse
1131 2565 1176 2589 pro
1194 2559 1373 2588 contempnere
1420 2553 1572 2588 phalanges]
1591 2555 1767 2582 multitudines

308 2625 344 2651 60
360 2626 383 2652 is
399 2625 436 2660 P]
455 2627 498 2652 hie
515 2624 607 2653 Bacch.
711 2624 746 2652 62
763 2634 811 2651 ceu
830 2625 956 2651 Barthim

308 2693 343 2720 26
366 2693 435 2721 Aen.
456 2693 527 2727 XII,
545 2693 596 2722 168
612 2701 732 2729 magnae
750 2701 812 2728 spes
831 2692 920 2720 altera
940 2693 1051 2720 Romae.
1155 2691 1190 2719 29
1211 2691 1277 2718 mire
1299 2691 1420 2726 confiuit
1437 2698 1498 2718 cwm
1517 2690 1618 2718 Catulli
1635 2691 1849 2727 hendecasyllabo

207 2743 260 2779 (40,
273 2744 312 2779 5):
330 2753 367 2773 an
385 2746 417 2773 ut
436 2745 582 2781 pervenias
600 2745 806 2780 (perueniamus
823 2744 857 2779 V)
876 2744 905 2770 in
923 2752 972 2771 ora
989 2743 1075 2778 vulgi.
1167 2743 1199 2771 31
1210 2751 1247 2776 ες.
1267 2742 1323 2776 C'fr.
1342 2743 1407 2770 Aen.
1425 2743 1453 2776 V,
1467 2743 1526 2770 524.
1613 2743 1649 2771 42
1666 2743 1849 2770 Horat-ianam

207 2797 251 2822 at.
354 2797 389 2824 49
397 2805 449 2831 sqq.
472 2797 527 2830 Osr.
546 2797 644 2824 Horat.
664 2797 717 2830 Ep.
737 2797 777 2828 ΙΙ,
792 2797 814 2829 1,
826 2797 926 2830 21593q.
947 2795 1038 2830 (Iziebl
1055 2796 1072 2822 l.
1091 2797 1132 2826 c.).
