2138 3106
719 177 859 204 NENIAE
876 178 901 204 A
920 178 1059 205 MICONE
1077 179 1298 207 CONLECTAE.
1769 185 1827 215 311

549 262 603 295 Ad
627 264 699 295 loca
722 267 908 296 sanctorum
931 265 1032 297 fultus
1057 265 1131 297 hinc
1153 266 1228 299 inde
1253 268 1404 310 maniplis

592 315 762 357 Angelicis
787 316 908 348 sanctis
933 327 1006 348 cum
1031 318 1177 360 patribus
1202 320 1344 361 reliquis.

927 552 1088 584 XXXIV.

908 615 924 650 I
952 615 979 649 T
1007 615 1035 651 E
1061 617 1108 652 M.

550 689 638 721 Ecce
663 689 723 720 sub
747 689 807 721 hoo
831 700 908 721 arvo
931 690 1102 722 flaccentia
1127 692 1273 724 membra
1296 694 1470 735 quiescunt

548 740 730 772 Ermenrici
752 740 873 772 etenim
897 741 1046 773 callentis
1069 752 1160 774 more
1184 746 1340 776 catorum.

549 792 707 829 Quamvis
731 795 800 824 arte
824 803 949 833 carens,
973 796 1083 826 tamen
1106 805 1168 826 usu
1191 795 1260 828 iure
1284 796 1424 829 calebat:

550 844 753 887 Praecipuus
777 844 893 884 scriba,
917 845 1016 876 vivax
1039 845 1143 878 lector
1166 847 1227 878 fuit
1249 850 1346 890 atque

503 903 514 921 ⁵
549 895 690 939 Insuper
713 899 868 928 occentor
890 907 950 928 nec
974 907 1039 928 non
1062 902 1248 930 numerator
1272 900 1409 941 opimus.

549 947 634 979 Astu
656 947 794 990 florebat
817 948 917 980 saecli
940 948 1138 991 ingenioque
1162 951 1303 992 vigebat.

548 999 674 1031 Omitto
697 999 873 1031 lacrimans
896 1010 1109 1043 prorumpere
1133 1001 1274 1044 plurima
1297 1003 1393 1035 dicta.

549 1051 666 1083 Omnia
689 1051 741 1083 hic
765 1052 885 1084 retinet
908 1053 1052 1084 tumulus
1074 1055 1294 1096 pauperculus
1318 1056 1392 1087 ista.

547 1103 644 1135 Eheu
666 1113 763 1146 quam
786 1103 921 1135 nimium
943 1104 1070 1146 pollens
1094 1105 1158 1136 cito
1181 1106 1292 1148 lapsus
1316 1107 1348 1138 in
1373 1108 1474 1140 Orco:

487 1163 511 1182 ιο
547 1155 655 1187 Terno
677 1166 753 1187 nam
776 1155 904 1188 decimo
929 1156 1081 1188 Octobris
1104 1157 1246 1200 obiitque
1270 1158 1446 1192 Kalendas.

546 1207 631 1246 Hoc,
655 1207 796 1247 animae,
819 1208 1015 1250 quicumque
1039 1209 1133 1251 legis,
1157 1209 1313 1242 miserere
1337 1212 1475 1252 solutae,

547 1258 658 1301 thue
682 1259 712 1291 ei
737 1259 866 1291 veniam
889 1259 1020 1299 tribuat,
1045 1263 1080 1292 tu
1103 1271 1202 1303 posce
1227 1265 1404 1295 tonantem.

938 1498 1079 1531 XXXV.

907 1561 922 1596 I
949 1560 980 1596 T
1006 1561 1036 1596 E
1062 1562 1110 1597 M.

553 1633 641 1666 Ossa
663 1633 723 1665 sub
748 1633 810 1666 hoc
835 1634 958 1666 tumulo
980 1635 1191 1677 requiescunt
1214 1637 1342 1669 condita
1364 1627 1464 1680 parvo

594 1685 730 1728 Egregii
753 1685 880 1718 iuvenis
906 1685 1088 1718 Walathini
1113 1688 1271 1719 monachi.

551 1737 683 1770 Decidit
706 1741 820 1770 octavo
843 1738 984 1771 feliciter
1007 1739 1078 1782 ipse
1101 1739 1282 1773 Kalendas

594 1788 766 1822 Credimus
789 1790 823 1821 in
846 1789 977 1822 Christo
1023 1815 1410 1825 ........

505 1849 516 1867 ⁵
552 1841 639 1873 Huic
662 1852 750 1881 vero,
774 1852 902 1881 moneo,
926 1842 1040 1883 lector,
1064 1843 1232 1883 miserere‚
1258 1845 1410 1876 misertus

595 1893 640 1932 Si,
663 1893 732 1933 tibi,
756 1893 798 1925 sit
820 1893 980 1934 dominus,
1003 1898 1040 1926 ut
1063 1895 1192 1927 veniam
1215 1896 1347 1928 tribuet.

931 2127 1092 2160 XXXVI.

907 2192 922 2227 I
949 2191 980 2227 T
1008 2191 1036 2227 E
1063 2192 1111 2227 M.

552 2265 626 2298 Hoc
650 2266 734 2298 iacet
758 2266 791 2298 in
814 2267 910 2298 busto
933 2267 1058 2309 sopitus
1082 2266 1212 2298 nomine
1235 2265 1365 2308 quidam

552 2318 730 2351 Donadeus
753 2318 932 2350 monachus
956 2329 1016 2355 nec
1039 2329 1103 2350 non
1126 2318 1343 2360 geometricus
1366 2329 1450 2349 unus

505 2368 508 2370 ’
552 2369 704 2413 Optimus
727 2381 770 2403 ex
792 2371 914 2410 multis,
938 2370 1129 2402 mechanica
1152 2369 1267 2401 doctus
1290 2370 1324 2401 in
1348 2373 1435 2406 artc;

553 2422 680 2454 Auctor
702 2423 788 2454 enim
811 2421 1011 2454 diversarum
1034 2421 1272 2464 pulcherrimus
1295 2421 1365 2463 ipse

506 2481 518 2499 ι’·
554 2473 695 2506 Artium.
739 2474 862 2516 Aprilis
885 2473 939 2505 hic
963 2473 1042 2505 obiit
1065 2473 1176 2515 quinto
1198 2471 1380 2504 Kalendas.

553 2524 624 2557 Has
648 2525 842 2567 quicumque
863 2525 958 2567 legis,
983 2523 1116 2556 studeas
1138 2523 1280 2566 rogitare
1304 2526 1481 2562 tonantem,

554 2576 664 2619 Ipsius
688 2587 750 2619 quo
774 2576 902 2608 animae
926 2575 1056 2607 veniam
1080 2574 1178 2607 saciat
1201 2585 1330 2617 quoque
1354 2574 1486 2615 habere,

555 2627 599 2660 Et
622 2628 679 2660 tibi
703 2629 745 2660 sit
768 2628 898 2670 requies
922 2630 996 2670 post
1019 2627 1079 2658 hoc
1103 2626 1172 2658 sine
1197 2626 1260 2658 fine
1282 2626 1389 2658 beata.

291 2775 432 2810 [xxm]
450 2775 469 2802 2
484 2775 604 2803 *canona
622 2776 648 2802 Β
750 2774 768 2801 8
785 2774 865 2801 *haec
883 2774 909 2799 Β

295 2819 436 2855 [XXXVI]
454 2820 471 2846 5
489 2822 595 2849 Arcium
613 2822 638 2848 B
692 2829 728 2845 απ
746 2816 906 2852 quintoque?
1010 2816 1027 2842 6
1046 2817 1100 2841 Has
1118 2816 1156 2841 B.-
1173 2817 1188 2841 i.
1207 2825 1228 2842 e.
1247 2817 1337 2842 nenias
1355 2817 1404 2848 cfr.
1418 2816 1584 2847 XXXVIII,
1596 2815 1612 2841 6
