2040 2996
469 119 674 147 PASSIONUM
694 120 748 146 BB.
766 120 908 147 IULIANI
926 121 972 148 ET
990 121 1176 149 SOCIORUM
1194 122 1276 151 EIUS
1296 124 1492 152 PROLOGUS.
1765 129 1806 160 89

950 330 1012 363 ΙΙΙ.

269 391 470 427 INCIPIT
497 391 788 429 PROLOGUS
808 392 1121 432 PASSmNUM
1151 394 1451 432 BEATORUM
1478 396 1688 432 IULIANI

710 453 776 489 ET
804 453 1089 490 SOCIORUM
1116 455 1251 492 EIUS.

564 537 759 569 Sanctorum
783 537 908 569 meritis
932 537 1033 569 facies
1056 539 1232 581 tranquilla
1255 540 1401 572 tonantis

522 589 652 631 Aspicit
674 589 852 621 absolvens
876 589 1023 621 homines
1046 590 1087 622 de
1110 591 1245 623 crimine
1270 593 1391 631 mortis,

520 639 585 677 Qui
607 643 684 672 voto
706 640 783 672 fidei
805 644 1004 672 venerantur
1027 641 1175 684 pignora,
1200 653 1335 685 quorum

521 691 604 724 Cum
627 692 759 724 Christo
782 692 889 724 laetae
913 696 1051 735 regnant
1075 705 1175 736 super
1197 695 1333 727 aethera
1357 699 1494 732 mentes,

458 751 470 769 ⁵
518 743 731 786 Virtutesque
754 747 875 776 canunt
897 744 1053 787 librisque
1077 745 1198 778 dedere
1221 750 1366 784 notatas;

522 795 671 832 Qualiter
693 797 846 839 exemplo
869 796 991 828 domini
1017 799 1197 830 certamine
1222 809 1347 830 summo

519 847 660 880 Hostem
685 848 853 890 congressi
877 849 1062 892 superarint
1085 853 1183 892 atque
1206 851 1335 882 coronis

518 899 738 942 Paecipiente·
754 899 817 932 deo
840 901 976 932 caelesti
999 901 1032 932 in
1057 901 1136 933 sede
1160 903 1302 944 receptis

521 950 668 984 Exorent
690 962 806 995 pacem
829 953 926 984 terris
948 952 1182 996 hominumque
1205 954 1355 987 salutem.

439 1011 463 1029 ¹⁰
520 1003 638 1045 Diligit
659 1003 717 1035 hos
739 1006 867 1035 tantum
891 1004 1000 1036 celsus
1026 1016 1085 1037 rex
1108 1005 1177 1048 ipse
1201 1009 1339 1045 creator,

519 1054 566 1087 Ut
588 1055 652 1087 sibi
675 1058 867 1098 praesentes
891 1067 1023 1099 semper
1045 1057 1226 1090 consistere
1250 1057 1407 1100 gaudens,

518 1106 677 1149 Quaeque
699 1110 815 1149 petant
838 1107 932 1146 iuste,
955 1109 1078 1140 tribuat
1101 1109 1306 1151 largissimus
1330 1110 1394 1141 illis

518 1157 719 1200 Illorumque
742 1159 816 1201 pius
840 1163 950 1192 servet
973 1160 1152 1192 clementer
1174 1162 1306 1193 amicos.

518 1209 619 1252 Ergo,
643 1210 703 1241 viri
726 1209 855 1250 fratres,
878 1211 1051 1254 prostratis
1074 1213 1219 1244 vultibus
1244 1223 1356 1245 omnes

438 1269 462 1288 ¹⁵
518 1261 630 1304 Atque
653 1261 756 1294 sacris
779 1262 864 1294 votis
888 1273 1082 1295 veneremur
1103 1264 1241 1306 pignora
1263 1265 1352 1296 clara

519 1313 714 1346 Sanctorum
738 1314 866 1346 veniam
889 1315 1010 1347 mundo
1034 1315 1191 1358 nobisque
1216 1320 1379 1358 rogantes.

520 1365 548 1398 Ο
571 1376 668 1408 quam
692 1366 874 1398 clementer
897 1370 1091 1409 poscentum
1114 1368 1216 1400 verba
1239 1371 1408 1411 receptant

517 1418 663 1450 Auribus
686 1421 720 1450 et
743 1418 885 1460 gemitus
909 1419 1094 1461 plorantum
1118 1419 1215 1451 corde
1239 1420 1429 1460 recondunt,

518 1470 606 1502 Ante
629 1470 783 1502 thronum
806 1470 926 1502 domini
951 1470 1055 1503 donec
1079 1472 1295 1504 concentibus
1319 1472 1413 1504 almis

436 1530 462 1549 ²⁰
520 1523 698 1565 Exponant
721 1523 854 1554 flentum
879 1523 992 1565 lapsus
1014 1524 1209 1566 veniamque
1234 1528 1413 1567 reportent.

517 1574 644 1606 Horum
667 1584 785 1618 nempe
809 1585 926 1617 preces
950 1586 1080 1618 semper
1103 1577 1267 1608 sententia
1291 1577 1377 1608 vitae

517 1625 735 1668 Consequitur
757 1625 970 1669 hominesque
994 1627 1105 1659 levant
1128 1638 1228 1671 super
1250 1628 1386 1660 aethera
1408 1628 1501 1659 caeli.

515 1677 585 1710 Nos
608 1687 696 1715 vero,
719 1678 867 1720 quamvis
890 1678 1052 1710 modicum
1075 1679 1225 1711 Iordanis
1248 1679 1290 1711 ab
1313 1690 1408 1711 amne

516 1729 625 1762 Potati
647 1729 772 1772 indigni
797 1730 899 1762 simus
922 1740 1071 1763 sermone
1095 1732 1148 1763 vel
1172 1734 1258 1771 actu,

434 1788 460 1807 2⁵
518 1781 622 1813 Actus
645 1781 773 1813 illorum
797 1781 1002 1814 celebremus
1026 1783 1169 1815 carmine
1192 1793 1284 1818 vero:

516 1833 560 1865 Et
582 1843 664 1875 quos
686 1843 751 1865 non
774 1833 898 1865 meritis
923 1834 1099 1876 sequimur,
1123 1845 1188 1866 non
1212 1834 1332 1866 viribus
1356 1835 1442 1874 ullis,

515 1884 639 1916 Laudis
662 1894 774 1917 amore
796 1884 924 1926 fideque
948 1885 1044 1917 simul
1068 1888 1241 1928 tangamus
1266 1889 1299 1918 et
1321 1886 1383 1917 illis

517 1936 555 1968 In
581 1937 672 1969 caelo
695 1937 813 1979 positis
836 1937 984 1969 victricia
1006 1937 1093 1969 facta
1117 1948 1282 1970 canamus.

515 1988 569 2020 Me
593 1998 720 2031 quoque
743 1988 883 2020 ferventi
906 1988 1026 2020 Iuliani
1048 1989 1199 2032 martyris
1223 1990 1300 2022 almi

434 2047 460 2066 ³0
516 2039 665 2082 Pangere
689 2040 866 2079 conflictus,
891 2040 1043 2072 caelestis
1066 2041 1183 2083 gratia,
1206 2052 1343 2081 mecum,

517 2091 676 2130 Obsecro,
699 2091 845 2134 digneris
869 2093 1027 2124 certantis
1050 2103 1202 2134 promere
1225 2093 1377 2135 palmam.

780 2150 950 2179 EXPLICIT
970 2152 1169 2179 PROLOGUS.

255 2288 326 2323 [HL]
344 2289 379 2315 30
395 2290 519 2316 conflictis
536 2299 603 2316 corr.
617 2290 643 2315 P

254 2374 322 2408 [HL]
340 2375 357 2400 6
370 2375 434 2401 Aen.
450 2375 479 2408 V,
494 2375 542 2402 197
561 2374 610 2402 olli
623 2375 775 2402 certamine
787 2385 894 2403 summo
910 2377 915 2409 Ι
931 2376 1124 2411 procumbunt.
1228 2376 1245 2402 8
1266 2375 1328 2401 Met.
1342 2375 1391 2408 IV,
1404 2375 1455 2401 446
1475 2375 1589 2401 caelesti
1608 2375 1672 2402 sede
1691 2375 1796 2402 relicta.

153 2425 185 2452 14
207 2433 228 2452 e.
243 2433 268 2460 9.
287 2427 344 2453 Act.
362 2426 387 2459 2,
402 2426 437 2452 29
454 2425 507 2452 viri
530 2426 637 2454 fratres.
752 2428 783 2454 17
807 2428 856 2461 cfr.
879 2428 910 2454 dc
933 2429 1007 2461 forde
1030 2428 1098 2454 ritae
1121 2428 1162 2455 45.
1275 2427 1308 2453 23
1331 2427 1378 2459 cfr.
1398 2427 1501 2453 Areval.
1526 2426 1563 2453 ad
1587 2427 1689 2453 luvam„
1710 2427 1736 2460 I,
1755 2427 1797 2453 34.

150 2476 185 2503 25
203 2476 311 2503 Aram.
328 2476 367 2504 ad
390 2477 466 2511 Viqt'l.
485 2478 520 2504 20
537 2478 661 2505 carmina
679 2487 745 2506 vera
762 2479 868 2514 loquar.
972 2481 1006 2506 ‘26
1024 2480 1092 2506 Aen.
1118 2479 1162 2512 VI,
1183 2479 1230 2505 147
1251 2487 1306 2506 non
1323 2478 1429 2505 viribus
1447 2478 1520 2505 ullis.
1625 2479 1660 2505 30
1677 2477 1709 2505 de
1724 2478 1798 2511 sonte

150 2527 219 2554 vitae
236 2527 287 2555 145
304 2528 398 2563 Incipe
415 2537 490 2556 nunc
507 2537 624 2561 mecum,
642 2530 770 2558 caelestis
788 2531 890 2566 gratia,
910 2539 1027 2558 carmen.

254 2808 357 2833 Pes-ru
375 2815 458 2833 ιΑτιιει
476 2815 535 2836 Asvs
553 2809 678 2834 Cmoum
697 2810 742 2835 111.
1561 2808 1592 2834 12
