2060 3074
230 187 291 215 5⁰0
887 180 1023 207 HEIRICI
1043 180 1217 206 CARMINA.

593 269 779 300 Perfectum
804 267 861 299 sed
885 278 966 309 opus
990 267 1115 298 numeri
1139 267 1297 309 perfectio
1321 267 1428 308 signat

530 333 553 352 12
635 320 787 352 Partibus
811 323 889 362 apta
912 320 988 351 suis.

595 372 743 403 cardinis
768 372 853 403 hunc
878 372 972 414 primi
996 372 1023 402 si
1047 381 1106 413 per
1133 371 1423 403 ΘΕΟΡΕΜΛΤΛ
1443 369 1554 405 ducas,

639 423 770 454 Eminet
794 423 959 465 egregius.
1070 463 1072 466 .

592 475 741 516 Namque
766 485 824 506 sua
848 474 936 506 solus
961 484 1034 505 sese
1057 474 1190 515 regione
1215 477 1344 505 coercet

530 540 553 558 ie.
636 526 766 558 Gnarus
790 526 911 557 habere
936 525 1083 557 modum:

594 578 663 609 Nec
689 588 848 609 summam
872 578 988 609 minuit
1010 587 1069 608 nec
1093 578 1162 608 vult
1185 577 1416 608 transcendere
1441 587 1601 608 summam

637 629 790 661 Partibus
815 630 1001 672 explicitus.

595 681 705 713 Unum
729 685 824 713 sexta
848 681 981 724 quidem
1005 685 1066 721 est,
1090 681 1153 712 duo
1176 681 1282 717 tertia,
1307 680 1475 712 dimidium
1498 684 1580 712 tres:

529 747 555 765 20
636 733 703 765 Sex
729 744 769 765 ea
792 734 977 766 restituunt.

594 785 697 817 Visne
722 785 810 817 aliud
835 785 985 823 referam,
1009 795 1104 826 mage
1129 784 1215 827 quod
1235 784 1408 818 mirabere,
1432 784 1553 815 lector?

636 837 711 869 Huc
735 837 814 869 ades
838 837 936 879 idque
961 836 1062 868 refer:

595 889 748 920 Partibus
772 889 804 920 in
829 899 958 920 versum
981 888 1087 920 ductis
1110 888 1278 930 isdemque
1302 888 1450 919 remixtis

529 954 553 973 24
634 941 771 972 Instruit
794 941 845 972 hic
869 941 1098 972 ΔΕΚΑΔΕΝ.

596 993 678 1024 Pars
702 997 753 1025 est
777 997 871 1025 sexta
895 994 1074 1030 ΜΟΝΛΣ,
1098 993 1223 1024 numeri
1247 992 1435 1034 progressio
1459 992 1578 1034 prima:

637 1045 793 1077 Primitus
817 1045 874 1077 illa
898 1045 995 1077 subit.

594 1097 706 1128 Tertia
729 1107 869 1139 namque
893 1098 1023 1129 ΔΥΛΣ
1044 1096 1156 1128 sedem
1180 1098 1272 1128 tenet
1295 1099 1393 1138 atque
1418 1095 1609 1127 secundam:

529 1161 553 1181 28
637 1148 723 1179 Fons
746 1148 894 1190 paritatis
918 1159 958 1179 ea
982 1151 1041 1179 est.

594 1199 837 1242 Dimidiumque
865 1201 1015 1231 TPYAE
1036 1199 1121 1230 hane
1143 1199 1260 1231 tertius
1285 1199 1406 1241 excipit
1429 1198 1522 1230 ordo:

637 1252 723 1283 Hine
747 1252 817 1283 fluit
840 1252 1019 1294 imparitas.

595 1304 676 1336 Cum
701 1307 796 1336 sexta
818 1303 962 1338 medium
986 1304 1224 1336 MONAAEN
1247 1304 1386 1334 ΤΡΙΛΣ
1405 1302 1547 1345 applicat
1570 1307 1668 1344 atque

529 1370 554 1388 ³2
634 1356 697 1388 His
721 1356 793 1387 fluit
816 1356 902 1387 alma
929 1357 1116 1387 ΤΕΤΡΛΣ.

594 1408 706 1440 Tertia
730 1418 803 1439 cum
827 1407 936 1439 medio
960 1408 1153 1439 AYAAEN
1177 1407 1440 1448 TPIAAENque
1464 1411 1613 1449 coaptat:

640 1460 834 1491 ΠΕΝΤΛΣ
854 1458 893 1490 ab
917 1458 968 1490 his
992 1459 1103 1491 oritur.

595 1512 711 1543 Partes
737 1510 942 1543 omnimodae
967 1510 1096 1553 digesta
1120 1514 1207 1542 sorte
1231 1510 1361 1542 refusae

529 1576 554 1595 ³ss
636 1563 731 1598 ΕΞΛ
753 1562 884 1605 quidem
907 1566 1070 1605 reparant.

597 1616 679 1647 Cum
705 1618 800 1647 sexta
823 1618 912 1646 totus
936 1614 1021 1656 parit
1044 1615 1270 1646 EHTAAEN
1290 1614 1484 1646 officiosam:

640 1667 735 1699 Hane
760 1667 905 1698 sterilem
928 1666 1114 1708 perhibent.

594 1719 707 1751 Tertia
731 1729 804 1750 eum
828 1721 896 1750 toto
921 1721 1010 1750 creat
1037 1719 1271 1751 OKTAAEN:
1297 1718 1371 1749 hinc
1395 1718 1464 1749 fluit
1488 1719 1634 1750 ΕΛΠΙΣ

528 1784 554 1803 4ο
633 1771 756 1803 Vivere
779 1773 854 1813 post
877 1770 1011 1802 cineres.

549 1833 598 1841 --o—
637 1835 663 1836 *j
709 1834 725 1836 ,.
748 1834 751 1835 ⁷
993 1833 996 1835 ,
1005 1833 1051 1835 .--

331 1869 438 1894 Scholia
459 1882 487 1886 —
511 1868 541 1893 11
562 1867 670 1899 numeri]
687 1876 723 1893 sc.
736 1867 829 1892 senarii
903 1866 934 1892 12
952 1868 981 1892 Ρ.
994 1871 1053 1900 apta
1066 1866 1096 1899 s.]
1115 1867 1278 1898 conveniens,
1297 1867 1356 1899 quia
1370 1867 1424 1891 suis
1436 1867 1551 1899 partibus
1565 1867 1704 1900 perficitur.
1723 1880 1755 1884 —
1774 1867 1880 1892 Constat

227 1913 295 1937 enim
311 1921 371 1944 uno,
390 1912 492 1937 duobus
505 1915 530 1936 et
542 1911 632 1942 tribus,
652 1911 696 1942 qui
710 1910 785 1935 simul
799 1911 874 1943 positi
889 1919 934 1935 sex
948 1911 1048 1935 faciunt
1119 1909 1151 1935 13
1170 1908 1298 1942 Cardinis]
1318 1910 1384 1934 initii
1420 1908 1500 1942 hunc]
1521 1910 1651 1935 senarium
1722 1908 1760 1943 8.]
1780 1910 1880 1934 divinas

227 1956 422 1988 speculationes.
433 1969 464 1972 -
476 1954 577 1979 Primus
588 1954 663 1978 cardo
674 1954 689 1978 i.
700 1962 720 1979 e.
734 1957 830 1978 tessera
838 1954 870 1979 ab
882 1962 933 1979 uno
943 1954 976 1979 ad
986 1954 1072 1979 decem
1139 1951 1172 1978 14
1184 1951 1295 1986 Eminet]
1308 1953 1413 1978 excellit
1447 1951 1576 1985 egregius]
1587 1961 1659 1978 sacer
1722 1951 1756 1978 15
1766 1951 1879 1985 regione]

228 2000 244 2024 i.
259 2007 280 2023 e.
300 1999 356 2023 loco
409 1996 518 2029 coercet]
538 1997 690 2029 constringit
709 2011 747 2021 —.
768 1997 837 2028 Quia
855 1996 881 2021 in
900 1997 954 2022 suis
972 1997 1088 2029 partibus
1106 2004 1133 2021 se
1152 1997 1262 2028 cohibet,
1282 1999 1310 2021 nt
1327 2005 1378 2021 non
1397 1997 1430 2021 sit
1447 1997 1594 2028 superfluus
1613 1996 1654 2021 vel
1673 1996 1831 2028 imminutus,
1850 1999 1880 2021 ut

227 2046 288 2066 sunt
313 2042 414 2073 plurimi
441 2049 603 2066 numerorum
711 2039 743 2064 16
770 2039 884 2073 Gnarus]
910 2040 979 2065 scius
1041 2038 1154 2072 modum]
1179 2048 1325 2065 mensuram
1431 2038 1463 2064 17
1490 2038 1592 2072 minuit]
1616 2039 1749 2066 abbreviat
1772 2042 1800 2063 ut
1822 2042 1880 2064 octo

227 2083 416 2117 transcendere]
437 2084 526 2109 exilire
574 2082 711 2116 summam]
731 2083 747 2108 i.
762 2092 782 2108 e.
797 2083 968 2115 quantitatem
985 2088 1014 2108 ut
1032 2084 1164 2109 duodecim
1254 2083 1285 2108 18
1303 2081 1450 2115 explicitus]
1469 2083 1612 2108 demensus.
1633 2096 1663 2100 —
1684 2083 1706 2107 V
1725 2082 1878 2113 (m'daels'cet'l)

227 2129 381 2159 Duodecim,
405 2128 426 2152 si
445 2127 562 2160 partibus
587 2127 641 2151 suis
659 2127 822 2158 estimantur,
847 2131 926 2152 totam
945 2135 1018 2152 suam
1037 2135 1163 2152 summam
1186 2127 1380 2152 transcendunt.
1416 2127 1462 2151 Est
1487 2127 1554 2151 enim
1578 2126 1699 2151 medietas
1721 2134 1779 2158 sex,
1805 2125 1880 2151 tertia

227 2180 287 2204 pars
306 2176 434 2204 quatuor,
458 2175 550 2203 quarta
566 2174 630 2202 tres,
654 2174 728 2196 sexta
753 2171 815 2202 duo,
840 2171 990 2196 duodecima
1012 2179 1102 2195 unum.
1137 2171 1187 2195 Sex
1205 2178 1266 2202 ergo
1290 2173 1316 2194 et
1337 2173 1448 2202 quatuor
1471 2173 1497 2194 et
1515 2173 1566 2194 tres
1584 2173 1610 2194 et
1627 2169 1678 2194 duo
1697 2172 1723 2194 et
1739 2177 1834 2200 unum,
1857 2168 1879 2193 si

227 2215 304 2239 simul
324 2218 515 2247 computantur,
535 2214 561 2238 in
580 2214 708 2239 sexdecim
727 2218 886 2239 excrescunt.
910 2228 942 2231 —-
966 2215 1117 2239 Octonurius
1141 2222 1265 2239 numerus
1284 2214 1336 2238 suis
1355 2213 1470 2246 partibus
1489 2222 1539 2238 non
1558 2213 1738 2246 reintegratur.
1774 2213 1879 2237 Constat

229 2259 295 2283 enim
316 2266 347 2283 ex
367 2266 426 2288 uno,
446 2258 560 2288 duobus,
579 2261 604 2282 et
623 2260 741 2289 quatuor.
778 2258 863 2282 Unum
883 2266 955 2290 ergo⁷
978 2257 1029 2282 duo
1047 2260 1072 2282 et
1090 2260 1202 2288 quatuor
1220 2266 1271 2281 non
1290 2257 1457 2282 rehedificant
1475 2259 1531 2281 ceto
1637 2254 1678 2288 19]
1704 2256 1788 2280 Unum
1806 2258 1880 2280 sexta

228 2310 287 2334 pars
306 2306 344 2326 est
362 2302 469 2333 senarii,
494 2301 568 2326 tertia
591 2301 646 2326 eius
664 2301 723 2330 duo,
742 2301 865 2326 medietas
883 2304 947 2330 tres;
971 2309 1052 2326 unum
1076 2309 1137 2333 ergo
1155 2304 1181 2325 et
1204 2301 1255 2325 duo
1280 2303 1306 2325 et
1329 2303 1381 2325 tres
1403 2307 1447 2324 sex
1471 2299 1570 2324 faciunt
1673 2297 1706 2323 21
1730 2296 1814 2330 mage]
1833 2306 1879 2330 pro

227 2345 310 2377 magis
364 2342 500 2376 mirabere]
521 2352 564 2376 pro
590 2344 723 2369 miraberis
749 2343 885 2375 (mirabilis
903 2343 937 2375 P)
1043 2342 1076 2368 22
1101 2342 1171 2376 ades]
1191 2352 1236 2376 pro
1253 2343 1341 2368 adesto
1394 2341 1472 2375 refer]
1491 2346 1588 2375 reputa.
1612 2355 1643 2359 ——
1669 2341 1821 2374 Explicatur
1837 2341 1879 2366 hic

228 2388 344 2413 mirabile
359 2388 497 2412 simbolum
511 2388 604 2412 senarii
618 2388 718 2412 numeri
788 2386 822 2412 23
841 2387 867 2412 in
886 2386 998 2420 versum]
1017 2388 1044 2412 in
1057 2387 1171 2412 ordinem
1206 2385 1331 2419 remixtis]
1350 2386 1446 2419 putatis
1516 2383 1550 2410 24
1569 2383 1685 2417 Instruit]
1703 2384 1745 2409 hie
1763 2383 1880 2409 senarius

227 2430 268 2463 Δ.]
288 2432 304 2456 i.
324 2439 344 2456 e.
363 2431 498 2457 denarium
586 2430 619 2456 25
638 2430 684 2463 M.]
705 2431 791 2456 unitas
845 2429 999 2464 progressio]
1019 2431 1134 2456 extensio
1215 2429 1269 2462 26]
1289 2430 1370 2463 primo
1389 2429 1444 2454 loco
1463 2429 1507 2454 illa.
1525 2428 1618 2453 dieitur
1708 2425 1741 2451 27
1760 2425 1800 2460 A.]
1820 2427 1837 2452 i.
1855 2435 1877 2452 e.

227 2474 343 2499 binarius
430 2473 464 2499 29
486 2473 521 2506 T.]
542 2474 676 2499 ternarius.
695 2487 729 2492 —
748 2474 771 2498 A
789 2471 972 2499 tribus‘omnes
985 2474 1087 2507 inpares
1102 2473 1201 2499 numeri
1220 2476 1395 2506 procreantur.
1414 2487 1449 2491 -
1467 2472 1571 2497 Parium
1591 2468 1810 2504 numero[ru]rum
1827 2470 1878 2495 duo

227 2517 369 2549 procreatio
382 2522 420 2542 est
438 2521 463 2542 et
482 2517 610 2550 inparium
629 2521 680 2542 tres
770 2515 801 2542 31
822 2517 887 2542 Cum
906 2521 980 2542 sexta
999 2516 1121 2549 medium]
1141 2517 1157 2542 i.
1169 2524 1191 2541 e.
1211 2517 1261 2542 tria
1278 2524 1336 2541 cum
1356 2524 1407 2540 uno
1454 2513 1500 2548 Mt]
1521 2515 1535 2540 i.
1556 2523 1578 2540 e.
1597 2515 1722 2539 unitatem
1771 2512 1806 2546 T.]
1826 2514 1843 2538 i.
1855 2521 1878 2539 s.

227 2561 354 2585 ternarius
407 2558 530 2593 applicat]
551 2560 670 2592 adiungit
757 2559 791 2585 32
813 2559 948 2592 ΤΕΤΡΑΣ]
967 2560 1147 2592 quaternarius
1234 2558 1267 2584 33
1285 2559 1372 2584 Tertia
1390 2567 1448 2584 cum
1467 2556 1560 2589 medio]
1578 2558 1594 2583 i.
1608 2566 1629 2583 e.
1649 2558 1700 2582 duo
1718 2565 1777 2582 cum
1794 2556 1879 2581 tribus

228 2601 267 2634 A]
288 2603 416 2628 binarium
518 2602 552 2635 T.]
573 2603 589 2627 i.
607 2611 628 2628 e.
648 2602 788 2628 ternarium
842 2601 956 2636 coaptat]
975 2603 1094 2635 adiungit
1192 2601 1226 2627 34
1246 2601 1287 2635 11]
1306 2602 1323 2627 i.
1342 2611 1363 2627 e.
1382 2602 1517 2634 quinarius
1617 2599 1651 2626 35
1668 2597 1769 2632 Partes]
1788 2608 1877 2631 unum,

227 2646 289 2676 duo,
318 2646 366 2670 tria
424 2644 532 2678 digestu]
563 2646 685 2678 disposita
743 2644 854 2678 refusae]
884 2647 899 2671 i.
923 2654 944 2671 e.
972 2646 1080 2671 remixte
1184 2644 1218 2670 36
1251 2644 1286 2678 12]
1313 2646 1327 2669 i.
1352 2653 1373 2670 e.
1400 2653 1445 2670 sex
1498 2642 1629 2678 reparant]
1653 2644 1669 2668 i.
1693 2652 1714 2668 e.
1738 2643 1878 2668 conficiunt

227 2687 258 2712 3?
284 2690 347 2713 Puni
371 2688 455 2721 sexta]
483 2689 498 2714 i.
519 2698 541 2714 e.
567 2698 625 2714 eum
650 2698 702 2714 uno
756 2688 835 2722 totus]
861 2689 876 2714 i.
902 2697 924 2714 e.
946 2697 992 2714 sex
1045 2687 1122 2722 parit]
1146 2692 1252 2721 generat
1305 2686 1343 2720 Ε]
1369 2688 1541 2720 septenarium
1595 2685 1745 2718 officiosam]
1769 2687 1785 2711 i.
1804 2694 1826 2711 e.
1851 2686 1878 2710 in

227 2731 314 2755 multis
333 2732 475 2763 efficacem,
503 2733 563 2764 qnia
585 2733 744 2764 septenarius
763 2741 885 2757 numerus
903 2732 991 2757 multis
1010 2736 1115 2765 aptatur
1134 2731 1261 2764 mysteriis
1365 2729 1408 2764 38]
1428 2731 1489 2763 quia
1507 2731 1573 2756 intra
1591 2730 1724 2755 donarium
1743 2737 1877 2754 numerum

227 2775 386 2806 septenarius
406 2783 452 2799 nec
471 2775 555 2807 gignit
574 2784 620 2800 nec
633 2775 750 2808 gignitur
820 2775 853 2800 39
872 2776 961 2800 Tertia
981 2784 1039 2800 cum
1053 2774 1116 2808 toto]
1137 2776 1152 2800 i.
1166 2783 1188 2800 e.
1207 2775 1258 2799 duo
1270 2783 1329 2799 cum
1341 2782 1387 2799 sex
1430 2772 1510 2807 creat]
1530 2775 1622 2799 format
1665 2771 1702 2805 0.]
1721 2772 1877 2797 octonarium

226 2818 292 2849 fluit]
314 2822 401 2842 manat
456 2817 570 2850 ΕΛΙΙΙΣ]
591 2818 607 2842 i.
625 2827 646 2843 e.
666 2827 725 2851 spes
829 2817 864 2843 40
882 2817 989 2851 eineres]
1009 2819 1025 2843 i.
1044 2827 1066 2843 e.
1085 2822 1199 2843 mortem.
1220 2831 1251 2835 —
1276 2817 1430 2842 Octonarius
1449 2817 1516 2842 enim
1535 2824 1657 2841 numerus
1675 2815 1819 2848 symbolum
1838 2818 1876 2839 est

226 2861 427 2891 resurrectionis,
447 2864 566 2885 aeternae
586 2862 653 2886 vitae
