2060 3074
297 131 357 161 714
911 127 1133 155 GODFSCALOI
1151 127 1329 155 CARMINA.

242 215 275 240 ab
286 217 336 241 849
344 214 382 240 ad
393 218 472 241 asro
553 215 626 256 (23)
653 214 863 246 Godesealcus
884 214 920 245 in
942 214 1132 246 monasterio
1154 214 1389 246 Altivillarensi
1409 214 1600 246 severissime
1623 215 1801 247 custoditur
1811 216 1831 247 ¹.

347 286 396 309 349
551 274 624 315 (24)
650 273 860 305 Godescalcus
883 274 982 305 mittit
1003 274 1048 305 ad
1069 273 1292 312 Gislemwrum,
1314 274 1502 307 monachum
1528 274 1748 314 Gorbeiensem,
1771 275 1886 308 librum
1909 277 1947 308 de

448 326 593 358 doctrina
610 326 911 365 praedestinatiana
934 326 973 357 ab
996 336 1028 357 se
1050 326 1262 366 conscrsptum
1271 325 1293 357 ².

550 386 623 427 (25)
650 385 858 418 Godescateus
885 396 906 417 a
929 386 1036 426 Lupo,
1066 386 1297 418 Ferrariarum
1326 386 1435 419 abbate
1462 387 1591 418 interim.
1608 386 1713 429 facto,
1737 398 1797 428 per
1824 387 1948 420 litteras

293 523 483 550 Godescaleum
499 523 547 557 (cf.
559 524 587 551 J.
600 523 696 557 Havet,
717 523 832 550 Oeuvres
848 523 885 549 II
894 524 955 553 124)
969 523 1086 551 seorsum
1098 523 1227 557 traditum,
1245 524 1314 550 velut
1331 524 1362 550 in
1374 524 1461 551 codice
1474 524 1598 551 Remensi
1615 526 1638 551 et
1655 524 1686 551 in
1697 533 1734 558 ev,
1752 534 1806 559 quo
1817 526 1950 554 Nicotaus

293 575 473 609 Οαιητιῖαιίαε,
493 574 640 602 camm'cas
660 574 843 608 maninus,
862 582 921 601 eam
938 575 1048 608 invenit,
1067 574 1134 602 libro
1151 575 1199 609 (ef.
1219 575 1349 602 Mansius
1369 575 1417 602 XI
1423 576 1448 603 V
1456 579 1505 603 921
1523 578 1549 602 et
1568 575 1693 603 Galatiae
1708 585 1770 612 paq.
1783 578 1834 611 58),
1853 577 1901 604 sed
1917 585 1950 604 αι·

291 627 435 654 Hinc-mari
457 627 555 660 scripto
578 626 616 653 ad
637 626 764 660 simplices
782 626 923 654 Remenm
946 630 1081 661 acepta,
1105 627 1136 654 id
1158 627 1232 661 quod
1249 627 1365 662 permitti
1382 628 1486 662 potuit,
1508 630 1540 654 ut
1553 628 1676 662 primum
1697 628 1768 656 idem
1785 629 1912 663 scriptum
1930 638 1949 656 a

293 679 424 706 Guilelmo
448 678 595 706 Gumdlach
615 678 653 705 ad
674 679 788 706 codicem
806 678 963 706 Leidemem
986 679 1088 706 editum
1109 682 1146 706 est
1164 679 1325 712 (Zeinelm'tt
1342 679 1363 712 s.
1381 679 1644 714 Kircbenyeschichte
1664 680 1694 706 X
1706 689 1770 714 pay.
1783 683 1948 715 258—309).

295 731 446 758 Godescalci
463 731 652 764 confessionem
664 731 806 758 brmrtorem
823 730 895 757 nihil
910 730 990 757 alim
1007 738 1060 758 esse
1076 731 1131 758 nisi
1148 731 1228 758 libeni
1244 731 1276 758 in
1292 734 1424 758 conventu
1440 731 1549 758 eranati
1566 732 1710 766 exemplum
1726 732 1807 765 facile
1818 734 1949 760 assentior

292 784 397 810 Gellotio
415 785 486 818 (pay.
502 786 546 816 68,
565 783 598 816 cf.
616 783 691 817 apud
708 791 758 810 nos
775 783 854 817 infra
866 791 931 818 pay.
947 787 992 811 716
1009 783 1046 811 ad
1062 792 1091 811 n.
1106 785 1157 814 27).

395 846 420 878 1)
439 844 606 871 Hine-maras
626 844 657 871 de
681 852 741 871 una
758 844 880 871 trinitate
898 844 1004 878 (Miyne
1022 847 1079 878 125,
1092 846 1167 878 495),·
1188 843 1296 871 ecelesia
1315 843 1507 878 Duydwneneis
1528 843 1654 871 adversas
1673 844 1818 872 Iohannem
1831 844 1948 872 &uttam

290 897 396 931 (Μᾶρκε
414 901 469 930 119,
483 899 554 930 127),·
580 896 642 924 Ebo
665 896 698 923 de
718 897 804 924 tribus
824 896 946 930 epistulis
967 896 1076 931 (Miyne
1097 900 1151 930 121,
1164 897 1257 930 1030);
1283 895 1454 922 Hine-marus
1475 895 1512 922 ad
1528 895 1670 931 Eyilonem
1694 897 1801 931 (Mimo
1817 900 1877 931 126,
1892 899 1949 932 70).-

290 949 312 975 si
330 949 433 983 aliquis
452 957 500 976 vos
519 948 738 983 interrogaverit
755 948 790 975 de
808 948 897 983 ipsius
915 948 1051 981 custodia,
1069 948 1157 975 talem
1177 956 1235 975 esse
1253 948 1391 975 veraciter
1409 947 1452 974 illi
1471 947 1638 982 respondere
1655 949 1782 983 potestis.
1814 949 1949 984 quioquid

290 1001 389 1028 fratres
408 1001 437 1028 in
455 1001 518 1028 cibo
537 1002 566 1028 et
584 1002 653 1036 potu
672 1000 790 1033 habent,
816 1001 869 1028 hoc
888 1000 913 1027 ei
932 1000 1060 1035 quotidie
1079 1000 1139 1027 sine
1157 1000 1217 1027 ulla
1235 999 1412 1035 negligentia
1432 999 1619 1027 ministratur.
1654 1000 1824 1028 vestimenta
1846 1001 1890 1028 illi
1912 1001 1949 1028 ad

289 1053 485 1080 sufficientiam
505 1052 671 1085 offeruntur,
698 1053 721 1079 si
739 1052 802 1079 vult
825 1052 874 1079 ille
899 1052 1034 1087 accipere.
1070 1052 1150 1087 ligna
1167 1052 1203 1079 ad
1222 1052 1316 1079 focum
1334 1051 1493 1079 faciendum
1510 1051 1555 1079 illi
1577 1051 1747 1080 sufficienter
1772 1052 1884 1081 dantur.
1919 1054 1948 1081 in

289 1105 441 1138 mansione,
460 1105 490 1132 in
509 1114 565 1139 qua
577 1105 665 1140 degit,
684 1106 857 1133 caminatum
875 1105 963 1133 habet
980 1107 1010 1132 et
1025 1105 1219 1133 necessarium.
1256 1105 1368 1132 lavacra
1386 1104 1429 1131 illi
1448 1112 1503 1131 non
1517 1103 1701 1139 denegantur.
1736 1104 1785 1132 sed
1798 1106 1948 1140 postquam

289 1157 319 1184 in
337 1157 454 1184 eandem
473 1157 647 1184 mansionem
666 1157 792 1190 intravit,
811 1166 868 1185 uon
887 1157 977 1185 solum
996 1166 1096 1192 corpus
1115 1157 1210 1184 lavare
1229 1156 1329 1189 noluit,
1348 1165 1444 1183 verum
1462 1164 1514 1183 nec
1531 1164 1631 1183 manus
1648 1164 1701 1183 nec
1718 1155 1828 1184 faciem.
1864 1159 1950 1185 antea

289 1209 377 1242 enim,
397 1210 470 1236 sicut
488 1209 531 1236 illi
549 1210 704 1242 testantur,
729 1210 804 1237 inter
827 1218 896 1245 quos
915 1211 1094 1237 conversatus
1115 1211 1189 1243 erat,
1214 1209 1394 1244 turpissimus
1416 1209 1445 1236 et
1466 1207 1559 1235 adhuc
1582 1209 1720 1243 quantum
1738 1209 1833 1244 potest
1850 1208 1881 1236 in
1899 1218 1950 1236 sua

289 1261 466 1296 turpitudine
483 1262 590 1292 manet3
616 1261 785 1289 Hincmarus
803 1261 835 1289 de
851 1270 912 1289 una
929 1262 1051 1289 trinitate
1070 1262 1174 1296 (Miyne
1191 1265 1245 1296 125,
1261 1262 1334 1296 613):
1358 1260 1472 1296 scripsit
1493 1259 1706 1295 (Godescalcus),
1726 1281 1733 1287 .
1747 1280 1754 1287 .
1773 1260 1842 1295 quia
1859 1261 1950 1289 nollet

290 1313 457 1340 vestimenta
475 1313 510 1340 de
528 1313 660 1341 vestiario
679 1314 798 1341 fratrum
817 1314 1082 1341 communicantium
1103 1313 1174 1340 mihi
1192 1313 1326 1348 accipere,
1346 1312 1401 1340 uisi
1419 1312 1511 1348 pretio
1530 1312 1806 1347 compararet—qui
1824 1313 1948 1348 pretium
2055 1316 2060 1348 ξ

290 1372 345 1391 non
357 1364 482 1392 habebat
490 1380 532 1398 -—,
552 1365 599 1392 sed
618 1365 658 1392 sic
671 1365 757 1392 vellet
769 1365 818 1398 ire,
836 1366 910 1393 sicut
922 1366 1013 1393 Adam
1027 1366 1088 1393 ibat
1100 1368 1253 1400 antequam
1267 1366 1403 1400 peccaret.
1430 1373 1495 1392 mox
1513 1365 1607 1391 autem
1625 1365 1659 1391 ut
1670 1363 1760 1399 frigus
1778 1372 1842 1392 eum
1855 1365 1950 1400 coepit
2055 1349 2060 1413 2

289 1416 492 1451 constringere,
511 1425 573 1443 cum
592 1417 768 1444 vestimentis
787 1417 873 1444 etiam
892 1417 1034 1452 pelliciam
1053 1419 1082 1445 et
1101 1418 1194 1445 focum
1212 1417 1322 1444 studuit
1339 1424 1487 1451 quael-erm
1512 1415 1581 1443 idem
1598 1415 1630 1443 in
1647 1415 1736 1443 οοᾶαπ
1754 1415 1821 1443 libro
1842 1417 1950 1452 (Μᾶρκε
2054 1417 2060 1428 ”

285 1477 348 1503 pay.
363 1470 435 1502 615):
455 1477 472 1495 a
490 1468 624 1495 fratribus
642 1468 744 1496 nostris
762 1469 990 1502 (Auimuarenses
1007 1472 1079 1503 sunt,
1099 1472 1129 1496 at
1147 1469 1336 1496 Altamvillare
1353 1469 1450 1496 nostra
1468 1468 1539 1495 cella
1551 1468 1724 1502 appellatur),
1741 1467 1844 1502 quibus
1863 1469 1899 1496 de
1916 1477 1949 1497 eo

288 1521 507 1548 sollicitudinem
525 1521 663 1556 delegavi.
703 1521 878 1548 Godescalcus
901 1521 937 1548 ad
956 1521 1160 1549 Rathmmnum
1185 1522 1219 1555 (c.
1237 1521 1301 1555 VII,
1316 1522 1371 1555 76):
1398 1520 1446 1547 vix
1463 1521 1546 1547 vacat
1570 1520 1653 1552 hora,
1677 1519 1783 1547 residat
1806 1529 1863 1554 qua
1886 1529 1947 1549 mea

287 1573 438 1606 rusticitas,
457 1574 490 1600 ut
507 1573 602 1600 saltim
619 1573 686 1600 hinc
697 1573 803 1607 fingere
821 1573 915 1599 ternas
928 1572 1070 1600 litterulas
1087 1572 1182 1605 liceat,
1200 1572 1334 1607 quoniam
1347 1571 1496 1607 imperium
1514 1571 1603 1606 patris
1621 1571 1711 1598 instat
1728 1571 1764 1598 ad
1776 1572 1947 1607 patrandum

287 1625 408 1659 aliquid,
434 1634 496 1652 cum
515 1625 578 1658 hoc,
602 1626 671 1652 tunc
689 1624 819 1660 protinus
837 1624 920 1657 illud;
949 1624 1118 1652 Hincmams
1139 1624 1171 1651 de
1188 1633 1247 1651 uma
1269 1623 1364 1651 deitate
1381 1624 1487 1658 (mene
1509 1626 1563 1657 125,
1577 1624 1651 1658 612).·
1677 1624 1742 1658 post
1758 1623 1841 1659 plura
1858 1624 1947 1660 ipsius

288 1677 373 1704 edicti
392 1676 498 1712 (synodi
515 1677 559 1703 VI
571 1679 620 1704 act.
636 1676 666 1703 X
670 1676 755 1711 Vlm
779 1677 821 1703 ita
839 1676 974 1711 scriptum
998 1676 1027 1703 in
1046 1684 1119 1703 novo
1138 1676 1232 1704 codice
1250 1676 1382 1703 habetur:
1410 1697 1436 1703 ..
1457 1676 1590 1711 ‘patruum
1613 1675 1663 1709 qui
1686 1676 1854 1710 cooperante
1871 1676 1948 1704 trina

288 1731 316 1756 et-
335 1729 571 1764 conglorificanda
583 1729 690 1756 deitate
706 1737 813 1756 sacrum
832 1729 897 1756 fidei
910 1728 1066 1763 symbolum
1079 1728 1284 1756 terminarunt'.
1313 1728 1365 1754 hoc
1382 1734 1484 1754 nomen
1504 1747 1510 1754 .
1524 1747 1543 1758 .‚
1562 1726 1638 1761 quod
1654 1726 1700 1754 hic
1719 1728 1764 1755 est
1775 1727 1946 1762 impositum,

288 1781 379 1808 ‘trina'
398 1790 415 1808 a
433 1781 624 1813 Gothescalco‚
643 1781 756 1815 quando
769 1781 913 1815 praefatus
930 1781 1004 1808 liber
1021 1781 1051 1808 in
1067 1780 1238 1808 monasterio
1251 1779 1428 1811 Altivillaris,
1446 1778 1495 1806 ubi
1514 1779 1574 1814 ipse
1587 1779 1757 1812 morabatur,
1776 1788 1811 1807 ex
1827 1779 1947 1808 authen-

287 1834 352 1866 tico,
372 1842 454 1868 quem
473 1833 541 1860 mihi
561 1833 660 1860 Petrus
679 1833 826 1868 episcopus
845 1833 978 1860 Aretinus
997 1832 1229 1864 commodaverat,
1248 1831 1368 1866 scriptus
1386 1831 1449 1864 fuit,
1468 1831 1658 1858 adulteratum
1673 1831 1811 1859 credimus
1829 1851 1836 1858 .
1850 1852 1856 1859 .
1870 1852 1876 1859 .
1896 1831 1948 1858 dat

287 1893 399 1919 quoque
417 1885 497 1912 nobis
516 1886 622 1912 certum
642 1885 778 1912 iudicium
797 1885 1009 1913 Gothescalcum
1028 1884 1143 1912 falsasse
1161 1885 1236 1912 hunc
1254 1884 1370 1917 librum,
1394 1883 1462 1918 quia
1485 1886 1577 1910 cetera.
1620 1882 1736 1910 Videtur
1752 1882 1838 1918 ὁρίων·
1856 1882 1945 1911 Gade-

287 1938 400 1971 scale-us,
426 1940 458 1964 ut
479 1946 497 1963 a
514 1937 609 1964 stadiis
632 1937 787 1972 domnatwis
809 1940 975 1972 avocaretur,
1001 1937 1117 1964 idoneus
1138 1945 1192 1964 esse
1214 1936 1363 1969 iudicatus,
1393 1935 1441 1970 qm·
1463 1934 1565 1962 codices
1586 1934 1740 1962 describeret
1761 1934 1864 1969 pariter
1884 1943 1946 1962 eum

286 1989 420 2022 fratribus
437 1989 698 2023 Altim‘llmmihus,
726 1989 774 2023 qui
795 1989 827 2015 im
847 1997 880 2016 ea
897 1991 954 2016 arte
974 1988 1130 2016 excellebant
1147 1988 1194 2022 (cf.
1208 1990 1316 2022 praeter
1334 1987 1482 2015 Hine-mem*
1498 1987 1576 2014 verba
1599 1986 1679 2014 modo
1695 1987 1784 2014 allatu
1802 1995 1849 2021 ea,
1876 1995 1947 2021 quae

287 2041 318 2068 de
334 2041 421 2068 codiee
434 2041 538 2068 Ebonis
555 2040 694 2075 «limantur,
713 2049 799 2075 supra
811 2049 874 2075 pay.
889 2044 932 2068 711
949 2040 988 2068 ad
1001 2049 1029 2067 n.
1043 2042 1095 2074 10).
1133 2040 1253 2074 Colloqui
1265 2042 1353 2067 tamen
1364 2048 1426 2067 eum
1443 2039 1478 2066 iis
1496 2038 1521 2066 ei
1538 2047 1596 2066 non
1607 2038 1710 2072 licebat,
1727 2038 1764 2073 cf.
1776 2038 1946 2066 mmmm

288 2092 325 2119 ad
348 2093 486 2127 Eqiltmem
507 2093 613 2128 (Miyne
631 2096 684 2126 126,
700 2094 762 2122 0¹8).-
791 2093 971 2126 Guntbertus,
997 2092 1143 2120 monadum
1160 2092 1379 2125 Altivilhzrensis,
1404 2099 1486 2126 saepe
1509 2099 1559 2126 pro
1582 2090 1640 2118 suis
1663 2090 1846 2126 negligentiis
1864 2099 1946 2126 regu·

287 2145 385 2171 lariter
403 2147 545 2180 correptus
563 2145 618 2172 fuit
637 2146 678 2177 et,
702 2145 770 2179 quia
788 2153 872 2180 saepe
891 2144 1072 2172 Gothescalco
1091 2143 1188 2171 furtim
1206 2151 1236 2170 se
1254 2143 1438 2170 coniunxerat
1455 2144 1485 2170 et
1502 2142 1613 2170 litteras
1631 2143 1658 2170 ei
1676 2142 1794 2170 dederat
1811 2143 1840 2170 et
1857 2142 1894 2170 ab
1912 2151 1945 2170 eo

287 2198 447 2231 acceperat,
475 2196 626 2224 secundum
654 2197 781 2231 regulam
808 2196 839 2223 in
865 2195 1040 2231 gravioribus
1068 2195 1158 2230 culpis
1182 2195 1282 2222 missus
1309 2195 1365 2222 fuit
1387 2196 1416 2222 et
1438 2195 1542 2222 dicitur
1565 2194 1642 2222 illius
1665 2203 1795 2229 perversa
1817 2194 1946 2222 doctrina

288 2248 465 2283 depravatus.
500 2249 592 2276 Atiam
609 2251 720 2276 manem
737 2249 761 2275 a·
778 2249 875 2275 inicere
891 2248 980 2275 ambro
995 2247 1170 2281 maumam,
1193 2247 1228 2280 cf.
1247 2247 1415 2274 Hine-marus
1432 2246 1465 2274 ae
1482 2255 1542 2273 wna
1558 2240 1655 2274 deitate?
1672 2246 1780 2281 (Mam
1796 2249 1857 2280 125,
1868 2248 1946 2281 615).-

288 2300 488 2327 Godescaleum
512 2309 562 2335 per
583 2309 628 2327 me
652 2309 685 2328 ac
703 2309 753 2336 per
770 2301 870 2328 fratres
888 2308 976 2332 meos,
1003 2299 1051 2327 sed
1074 2300 1102 2327 et
1120 2307 1170 2334 per
1188 2299 1349 2334 frequentia
1366 2299 1483 2334 scripta,
1508 2300 1541 2326 ut
1558 2298 1734 2334 resipisceret
1757 2300 1787 2326 et
1804 2307 1822 2326 a
1839 2299 1896 2326 suis
1914 2299 1944 2326 in

288 2352 370 2379 deum
396 2352 579 2387 blasphemiis
605 2361 715 2380 sensum
744 2354 773 2379 et
799 2361 830 2379 os
858 2361 939 2379 suum
966 2352 1121 2383 revocaret,
1151 2359 1234 2386 saepe
1262 2351 1432 2383 commonui,
1463 2351 1511 2378 sed
1538 2351 1612 2386 apud
1639 2359 1704 2378 eum
1730 2350 1803 2378 nihil
1832 2351 1945 2386 profeci.

288 2404 314 2435 2)
334 2404 501 2431 Hincmams
525 2404 694 2438 (Zeitsehrist
713 2405 733 2437 s.
753 2403 1011 2439 Kiwlaenqeschiohte
1029 2403 1142 2438 X261):
1168 2397 1203 2430 de
1225 2403 1327 2437 quibus
1353 2402 1584 2438 perversitatibus
1608 2403 1665 2430 suis
1688 2404 1718 2430 et
1739 2402 1844 2438 scripta
1867 2403 1944 2430 illius

288 2456 408 2490 suscepi:
439 2465 526 2482 unum
554 2456 668 2490 quidem
695 2456 823 2484 thomum
851 2465 868 2483 a
894 2455 1080 2483 confratribus
1108 2455 1211 2482 nostris
1237 2454 1377 2486 oblatum,
1406 2463 1490 2489 quem
1516 2454 1553 2482 ad
1581 2455 1721 2489 quendam
1749 2455 1944 2487 Gislemarum,

288 2507 421 2534 corbeiae
440 2508 601 2535 monasterii
620 2508 795 2541 monachum,
814 2508 927 2543 scripsit
944 2507 1026 2542 quasi
1044 2507 1095 2534 sub
1114 2506 1232 2534 obtentu
1251 2507 1386 2534 orationis
1404 2508 1434 2534 et
1450 2506 1608 2542 gratiarum
1625 2506 1736 2534 actione
1756 2506 1876 2539 dictitas,
1894 2506 1943 2533 ubi

289 2567 339 2592 pro
361 2559 444 2586 laude
463 2559 598 2587 maximas
615 2559 690 2587 dixit
707 2560 909 2595 blasphemias,
928 2567 1067 2594 quemque
1086 2558 1232 2594 epistulari
1250 2559 1412 2594 prosecutus
1430 2558 1598 2593 apparentia
1615 2558 1735 2593 (scripsi,
1758 2558 1945 2594 pertinentias

288 2610 364 2643 cod),
383 2619 469 2644 quare
488 2611 558 2638 talia
575 2611 688 2644 dixerit,
706 2612 776 2639 falso
795 2611 829 2639 de
848 2611 994 2647 scripturis
1013 2610 1156 2646 conpilare
1174 2611 1295 2643 curavit:
1314 2610 1350 2643 cf.
1362 2610 1396 2638 ὦ.
1410 2618 1474 2645 paq.
1492 2614 1546 2638 271,
1581 2610 1625 2637 Ab
1640 2610 1689 2638 hoc
1704 2613 1773 2638 tom
1789 2610 1945 2638 Gale-soalon*

289 2662 423 2696 pitacium
448 2663 483 2689 ad
507 2663 646 2697 quendam
664 2664 844 2696 monachum,
867 2663 938 2697 quod
956 2662 1128 2690 Hincmams
1151 2665 1225 2689 vocat
1248 2663 1353 2696 (Μέρη
1371 2665 1430 2696 126,
1443 2663 1512 2696 369),
1535 2662 1575 2689 vel
1591 2662 1727 2697 scriptum
1749 2662 1786 2689 ad
1803 2661 1944 2696 quendam

289 2714 574 2749 connplievn1‘(Miffl1e
594 2719 646 2748 125,
658 2719 716 2749 291,
735 2716 769 2748 cs.
782 2719 838 2749 272,
858 2715 908 2742 SS.
930 2715 1013 2742 XIII
1022 2717 1091 2749 501),
1110 2723 1167 2741 mm
1185 2714 1317 2741 diversum
1332 2716 1410 2748 puto.
