2092 3094
94 241 314 274 PROTELo·
492 240 654 282 Tempora
678 241 843 283 protelent
867 250 1046 272 consensus
1071 240 1147 272 dum
1172 242 1235 272 ruit
1259 242 1381 274 hostes.
1453 236 1540 274 AL&
1775 245 1944 286 pachinus,

93 293 268 325 PETITA·
492 291 579 322 Exul
604 302 694 323 eram
719 292 913 334 requiesque
938 291 1018 323 mihi
1042 303 1106 323 non
1130 292 1216 324 fama
1239 293 1354 334 petita.
1455 287 1567 326 OVIT)
1776 297 1954 338 perscruta.

91 344 314 376 PERDICIS·
492 343 640 374 Vulturis
665 346 763 385 atque
787 344 877 375 iecur
900 344 952 375 vel
977 344 1026 375 ius
1050 344 1192 386 perdicis
1220 349 1343 387 aperte.
1453 341 1761 382 QVINTIVSSEI}

18 404 57 423 2⁹⁰
92 396 300 428 PROPINO·
493 394 599 427 Cenat
622 396 772 437 propinat
791 395 895 437 poscit
919 398 1019 436 negat
1043 395 1149 426 innuit
1171 407 1235 427 una
1261 400 1321 428 est.
1453 391 1658 429 MAROIAE

93 446 286 499 ΡΕΙΕΒΟ·Ᾰ
491 448 608 490 Exigis
632 459 651 479 a
675 458 838 489 quoquam
864 458 905 478 ne
930 448 1054 489 peieret
1079 451 1112 478 et
1135 451 1229 490 putet
1252 448 1338 480 ullis.
1452 443 1562 480 Iva
1775 452 1938 494 pertimet.

94 498 391 531 POLIODORVS·
492 500 555 532 Hic
579 503 674 542 putat
698 509 771 530 esse
796 499 876 530 deos
901 502 933 530 et
958 499 1085 541 peieret
1109 502 1206 541 atque
1231 500 1276 531 ita
1301 510 1420 531 secum.
1454 495 1563 531 IVVI]

93 549 415 582 PHITAGOREIS·
492 551 588 583 Unde
613 551 745 593 epulum
768 551 875 592 possis
900 554 1031 581 eentum
1056 550 1134 582 dare
1159 551 1348 593 pitagoreis.
1454 545 1564 583 IVVE
1776 555 1946 597 prandere,

93 601 391 633 PELVSIAOAE·
492 603 560 635 Nec
585 603 773 645 pelusiacae
799 613 909 633 curam
934 602 1153 644 aspernabere
1177 603 1282 634 lentis.
1455 598 1598 636 VIRGT.

20 661 58 680 2⁹5
492 665 611 690 metrum
630 662 781 688 falleucum
799 670 834 688 ex
852 662 936 696 pond.
955 661 1051 688 dactil.
1071 663 1099 688 et
1118 662 1207 688 tribus
1226 661 1355 688 trocheis.
1777 659 1943 691 Pannonis
1971 659 2092 691 Lucan!

93 704 372 737 PERSEVERo·
492 707 573 738 Post
597 716 649 737 ma
667 730 673 736 .
692 716 750 737 nes
775 710 866 736 tumu
885 731 891 737 .
910 705 1042 747 lumque
1067 710 1267 747 perseverat.
1455 707 1703 740 MARTIALIS
1778 711 1911 743 Oratius
1935 711 2092 753 Penelopa

94 756 364 789 PARTENOPE
493 759 609 790 Studiis
633 759 800 789 florentem
826 757 978 799 ignobilis
1004 758 1058 789 Oti.
1454 753 1609 790 VIRGII]
1777 762 1949 805 phin-nucis
1972 762 2092 794 Lucam

92 807 356 840 PARASITVS·
492 810 609 841 Nullus
634 810 699 841 iam
723 809 887 851 parasitus
912 809 973 840 erit
997 809 1053 840 sed
1077 810 1148 851 quis
1173 809 1259 841 ferat
1283 810 1372 841 istas.
1454 804 1563 841 IVVE
1777 815 1900 857 punite,

492 862 561 893 Vos
586 872 637 892 me
662 861 815 902 laurigeri
840 861 1019 902 parasitum
1043 861 1141 892 dicite
1166 861 1274 903 phebi.
1454 856 1607 894 MARO'L
1776 866 1916 897 Phocais
1939 864 2092 896 Lucanus

18 928 55 946 3⁰⁰
92 918 286 951 PITVITA·
494 913 629 945 Somnia
653 913 771 955 pituita
795 913 850 954 qui
874 913 1105 954 purgatissima
1130 914 1273 944 mittunt.
1452 908 1560 945 IVVL
1777 917 1956 949 communis
1986 916 2092 948 sillam

94 970 290 1002 PLIADAS
493 965 584 997 iadas
610 965 795 1006 claramque
820 965 955 995 licaonis
979 970 1102 996 arcton.
1453 960 1592 997 VIRGL
1875 959 1971 1003 [sicut
1983 960 2091 1002 gratui

92 1022 342 1054 PARNASV&
494 1017 635 1048 Cardine
659 1027 818 1059 parnasos
842 1016 974 1058 gemino
995 1016 1078 1058 petit
1102 1016 1235 1048 aethera
1261 1017 1354 1047 colle.
1454 1011 1541 1049 LVC
1778 1021 1911 1064 pirulus,

92 1073 288 1106 PERNICI·
494 1070 548 1102 Sic
573 1069 692 1110 vagina
717 1068 804 1100 ensis
828 1067 969 1109 pernicis
994 1068 1039 1099 sic
1062 1067 1146 1109 pede
1171 1068 1267 1099 lucet.
1453 1069 1585 1101 CESAR
1598 1070 1639 1101 ΙΝ
1649 1064 1764 1102 ARAT
1778 1071 1985 1114 pertransito,

92 1125 332 1158 PAMFILVS·
497 1121 606 1163 Usque
619 1120 660 1152 ad
674 1119 856 1162 pamphilos
868 1118 1041 1161 perhibent
1053 1129 1148 1160 quem
1163 1120 1292 1150 nomine
1303 1120 1439 1161 graium.
1456 1115 1557 1152 PRIS
1582 1121 1630 1152 IN
1653 1116 1741 1154 PER

18 1185 56 1204 305
93 1175 271 1203 PERSONA·
494 1172 583 1199 Sinna
602 1172 647 1198 vel
666 1171 802 1205 antigone
822 1191 827 1196 .
847 1179 994 1204 personam
1014 1170 1178 1205 menalippi.
1456 1167 1550 1200 IVVIT
1780 1166 1922 1208 pdlusas.

92 1220 335 1252 PRODIMVR
493 1220 591 1258 atque
615 1216 703 1247 italis
726 1215 823 1256 longe
847 1214 1064 1256 disiungimur
1086 1215 1160 1246 oris.
1454 1210 1535 1248 VIR
1778 1218 1920 1250 Phitina.

92 1271 475 1304 PRAETERLABERE·
492 1268 625 1300 Funera
650 1278 722 1298 cum
746 1267 906 1298 tumulum
930 1266 1173 1308 praeterlabere
1199 1269 1375 1298 recentem.
1454 1262 1534 1300 VIR
1775 1269 2038 1312 propterlaberis.

93 1323 345 1355 PERLABOR·
492 1320 544 1352 Ad
568 1331 628 1351 nos
653 1320 709 1350 vix
732 1319 841 1350 tenuis
865 1318 972 1357 famae
997 1318 1180 1360 perlabitur
1203 1328 1293 1349 aura.
1454 1314 1596 1352 VIRGE
1778 1322 1932 1363 pari-asin.

93 1375 347 1408 PALEMONS·
491 1373 589 1404 Hanc
608 1382 669 1413 ego
687 1381 770 1413 quae
788 1371 911 1412 repetit
927 1370 1094 1411 volvitque
1112 1370 1295 1412 palemonis
1313 1373 1427 1402 artem.
1457 1366 1566 1404 IVVE
1778 1383 1930 1415 panaces.

18 1435 56 1455 310
91 1427 333 1460 PERSIDEM·
493 1425 616 1466 Symon
640 1422 805 1465 persidem
830 1421 918 1453 dulci
942 1422 1115 1453 comitatus
1139 1421 1223 1453 iuda.

90 1486 371 1540 QVAESITVS
493 1498 646 1539 Denique
671 1496 838 1538 quaesitos
863 1496 971 1537 tetigit
993 1499 1103 1527 tamen
1127 1495 1182 1526 ille
1207 1498 1354 1537 penates.
1783 1496 1981 1539 quinmagis.

87 1561 389 1607 ROMOLIDVM·
494 1573 537 1604 Et
560 1583 645 1604 nunc
671 1570 864 1603 romulidum
890 1569 986 1601 sedes
1011 1574 1042 1601 et
1066 1569 1177 1601 inania
1201 1569 1290 1601 tecti.
1455 1568 1705 1600 LICENTIVS.
1779 1570 2028 1611 quinquatribus
2055 1569 2092 1602 Οι

91 1627 318 1660 RODERET·
494 1624 564 1656 Nec
589 1625 685 1666 lupus
709 1622 867 1654 insidians
895 1622 1008 1653 christi
1033 1621 1206 1653 deroderet
1231 1631 1344 1663 agnos.
1455 1614 1541 1652 ALC
1778 1621 1991 1664 quammagis.

0 1742 76 1761 »stato
89 1741 142 1759 add.
157 1740 182 1758 b:
499 1738 582 1763 Aedes
601 1741 627 1761 et
646 1736 756 1761 famulos
775 1735 859 1760 uoluit
878 1743 922 1767 per
939 1734 1016 1766 longa
1036 1735 1173 1766 profectus.
1210 1731 1352 1765 1uu(encus
1372 1732 1423 1761 IV,
1438 1731 1497 1766 186>

494 1783 522 1806 In
541 1782 609 1805 sicco
628 1780 721 1804 ludunt
740 1779 818 1803 fulice
837 1782 963 1810 notasque
983 1777 1099 1809 paludes..
1135 1775 1273 1809 Vir(gilius
1293 1778 1338 1801 lr'e.
1358 1776 1381 1804 Ι,
1393 1774 1464 1808 363.)

332 1894 383 1920 291
407 1898 509 1927 pegeret
530 1892 555 1916 B
679 1889 731 1915 292
754 1894 825 1922 putet
844 1890 858 1914 b
987 1888 1038 1913 294
1057 1897 1117 1913 cura
1137 1888 1162 1912 B
1274 1888 1324 1913 295
1349 1888 1389 1912 hic
1407 1892 1512 1912 metrum
1531 1896 1583 1912 non
1602 1888 1722 1913 indicavit
1739 1889 1763 1918 b,
1780 1886 1850 1920 pond
1868 1887 1894 1912 B

229 1940 258 1965 o?
274 1939 404 1971 Penelopa
423 1938 515 1962 lemma
534 1933 595 1960 add.
609 1934 647 1959 B:
663 1937 724 1966 post
742 1932 793 1957 296
811 1933 943 1964 posuimus
1036 1931 1088 1956 295
1105 1936 1128 1956 el
1146 1930 1196 1956 29?
1215 1930 1348 1963 Lucanus]
1368 1930 1379 1955 l
1398 1931 1424 1955 Β
1510 1930 1562 1956 296
1580 1940 1625 1956 nes
1643 1929 1727 1964 tumu]
1745 1931 1772 1955 in
1792 1931 1809 1955 l.
1827 1939 1850 1955 r.
1868 1930 1894 1955 B

229 1987 287 2007 ante
305 1980 356 2006 299
375 1984 398 2006 et
414 1984 471 2012 post
489 1978 538 2004 301
558 1978 667 2002 Phocais
685 1977 728 2001 ll‘lc
741 1976 765 2000 B
847 1974 899 2000 300
917 1975 1052 2008 purgantis
1065 1975 1102 1999 B.-
1120 1975 1169 2007 cfr.
1182 1974 1254 1999 Pers.
1269 1972 1292 1998 C
1376 1973 1426 1999 301
1446 1974 1559 1999 Piliadas
1572 1974 1596 1999 B
1673 1973 1725 1999 302
1742 1982 1866 2006 parnasso
1878 1974 1892 1999 b

228 2025 280 2051 305
299 2023 333 2057 Β]
355 2032 403 2049 om.
423 2023 458 2055 ὸμ
513 2018 658 2054 personam]
677 2027 804 2052 superscr.
823 2019 961 2044 talamasca
986 2018 1011 2042 B
1099 2017 1149 2043 3013
1177 2016 1321 2049 I'rodimur]
1347 2026 1473 2050 superse-r.
1493 2018 1565 2043 uenit
1587 2026 1603 2042 a
1621 2017 1713 2050 prodor
1735 2017 1848 2050 proderis
1866 2016 1892 2041 B

229 2067 279 2093 307
299 2064 494 2100 praeterlabere]
514 2073 641 2097 mtperacr.
661 2064 765 2088 futurus
783 2061 960 2101 indicat(iuus)
980 2066 1018 2086 est
1039 2061 1064 2085 B
1151 2058 1202 2084 308
1216 2060 1287 2084 tenui
1307 2061 1375 2084 sama
1389 2060 1403 2084 b
1491 2059 1542 2085 309
1559 2068 1644 2085 arcem
1662 2059 1688 2084 B
1773 2064 1830 2091 post
1841 2058 1892 2084 310

228 2112 340 2136 auctoris
359 2111 414 2135 loco
432 2109 532 2142 graeies
546 2108 570 2132 B
587 2108 641 2132 Gra
659 2107 686 2131 b:
704 2105 773 2138 quod
791 2106 882 2131 ORAC
896 2104 1056 2136 interpretati
1074 2104 1110 2128 acl
1128 2104 1330 2135 quinquatribus
1348 2112 1370 2128 v.
1384 2102 1435 2128 312
1455 2103 1588 2127 retulimus
1679 2101 1728 2127 311
1749 2107 1854 2134 penatos
1867 2102 1892 2126 B

260 157 321 187 290
866 153 1034 180 CARMINA
1053 153 1316 182 CENTULENSIA.

229 2154 280 2180 312
303 2158 370 2179 tecta
388 2154 402 2178 h

332 2230 382 2256 287
402 2229 556 2256 condensus
578 2226 706 2261 Oylwian.
725 2225 823 2258 (Spieil.
842 2224 945 2251 Solesm.
966 2224 988 2257 I,
1003 2224 1064 2257 217)
1084 2224 1135 2250 Ios.
1154 2223 1214 2250 350.
1285 2223 1336 2248 258
1356 2231 1383 2256 p.
1396 2224 1438 2248 est
1455 2221 1534 2247 Trist.
1554 2221 1573 2247 1
1577 2220 1604 2253 V,
1620 2222 1643 2253 1,
1657 2222 1682 2248 3.
1752 2221 1804 2247 289
1823 2221 1890 2247 Vul-

229 2282 299 2309 turis
318 2283 403 2315 atque
422 2281 509 2314 (wlff,
528 2288 577 2306 om.
598 2279 655 2311 Rs.)
675 2294 708 2296 —
727 2277 840 2311 apricae
859 2276 915 2302 Ser.
936 2277 1009 2302 Sam.
1028 2276 1088 2302 383.
1203 2275 1255 2301 290
1274 2274 1360 2300 Mart.
1379 2273 1404 2306 Ι,
1417 2274 1458 2305 68,
1472 2275 1496 2299 3.
1610 2273 1661 2299 291
1682 2272 1763 2299 PRIS
1782 2271 1836 2306 [sed
1854 2275 1891 2298 eat

229 2335 288 2360 Im:
310 2333 395 2366 XIII,
410 2333 452 2367 36]
469 2333 503 2358 48
522 2331 603 2358 VAT.
685 2329 737 2356 292
756 2328 863 2363 peierat
883 2328 940 2354 lar.
963 2327 1048 2360 XIII,
1062 2328 1104 2354 91.
1174 2327 1226 2353 293
1246 2326 1303 2352 Iur.
1325 2325 1378 2358 III,
1392 2326 1451 2351 229.
1527 2325 1579 2351 294
1598 2324 1650 2350 VR
1670 2323 1728 2358 [Ge.
1740 2323 1836 2358 I‚228]
1857 2324 1891 2350 38

234 2385 315 2412 VAT.
450 2384 501 2411 295
526 2382 667 2409 Pannonis
693 2381 758 2407 Luc.
778 2380 823 2413 VI,
837 2380 896 2406 220.
1019 2380 1071 2406 296
1098 2379 1182 2404 Mart.
1210 2378 1288 2410 VIII,
1302 2377 1344 2410 38,
1358 2378 1382 2403 5.
1402 2376 1544 2410 Penelopa
1567 2376 1632 2402 Hor.
1658 2375 1738 2402 Serm.
1758 2376 1796 2408 II,
1810 2377 1834 2408 5,
1848 2376 1890 2402 81.

229 2438 278 2464 297
301 2437 348 2464 Ge.
363 2436 415 2469 IV,
430 2436 489 2462 564.
508 2433 661 2461 Pharnacis
684 2433 748 2459 Luc.
763 2433 803 2465 II,
817 2432 876 2458 637.
982 2431 1033 2458 298
1051 2424 1160 2457 ΜΑΗῧ
1174 2429 1283 2470 [sed-est
1302 2429 1362 2455 Im‘.
1382 2429 1404 2461 Ι,
1419 2428 1478 2462 139]
1498 2430 1532 2454 88
1551 2427 1632 2454 VAT.
1741 2428 1792 2453 299
1806 2427 1890 2454 Mart.

229 2489 283 2523 IX,
297 2489 339 2522 28,
353 2489 377 2515 9.
398 2487 516 2514 Phocais
535 2487 599 2512 Luc.
621 2486 677 2518 III,
691 2486 749 2512 301.
868 2484 920 2510 300
939 2483 1011 2509 Pers.
1031 2483 1070 2515 ΙΙ,
1083 2483 1125 2509 57.
1243 2482 1293 2507 301
1313 2480 1416 2507 PRISC
1438 2479 1493 2514 [sed
1512 2482 1548 2506 est
1571 2479 1615 2506 Ge.
1634 2479 1730 2513 1,138]
1749 2479 1782 2505 47
1807 2478 1890 2505 VAT.

228 2541 280 2568 302
298 2541 437 2566 Parnasus
456 2539 525 2565 Luc.
545 2538 573 2571 V,
588 2538 628 2564 72.
722 2537 774 2563 303
793 2535 900 2570 pernici
918 2533 1050 2569 (pernicis
1062 2534 1107 2560 alt.
1121 2533 1195 2560 codd.
1208 2533 1285 2565 fam.)
1300 2532 1450 2559 Germanic.
1461 2532 1540 2558 Arae.
1553 2532 1612 2558 332.
1707 2530 1758 2557 304
1770 2530 1889 2564 Cragum

229 2595 357 2627 (gragum
382 2591 465 2625 codd.)
491 2590 623 2617 Priscian.
649 2589 747 2623 Periey.
767 2589 826 2614 801.
949 2587 1000 2613 305
1023 2587 1065 2618 (ut
1089 2585 1239 2617 Pithoean.)
1265 2585 1323 2611 Iuv.
1344 2584 1427 2618 VIII,
1440 2584 1500 2610 229.
1621 2582 1673 2608 306
1697 2582 1765 2608 Aen.
1789 2582 1812 2614 I,
1829 2582 1888 2608 252.

228 2645 278 2671 307
303 2644 370 2670 Aen.
391 2643 437 2676 VI,
455 2643 514 2669 874.
637 2641 688 2668 308
710 2641 778 2667 Aen.
797 2639 860 2672 VII,
877 2639 936 2665 646.
961 2637 1096 2672 (Parrasis
1119 2636 1187 2663 Deae.
1211 2637 1250 2669 II,
1264 2636 1334 2670 237.)
1458 2636 1509 2662 309
1534 2635 1594 2661 Ιαυ.
1610 2633 1656 2667 VL
1672 2633 1732 2660 452.
1756 2633 1889 2667 (panaces

229 2697 314 2723 Luer.
334 2695 386 2728 IV,
402 2694 482 2729 124?)
608 2694 660 2719 310
677 2700 709 2718 ecc
730 2691 917 2725 martyroloqw
938 2689 1050 2723 quodam
1073 2688 1111 2714 ad
1127 2697 1153 2714 α.
1166 2688 1190 2714 d.
1209 2688 1236 2714 V.
1252 2687 1320 2715 Kal.
1341 2687 1419 2714 Noc?
1535 2687 1584 2713 311
1604 2685 1653 2718 cfr.
1674 2684 1803 2719 Qprian.
1818 2687 1887 2718 poet.

229 2747 267 2774 ed.
280 2747 375 2781 Peiper
383 2755 411 2780 p.
425 2747 484 2779 209,
501 2747 522 2773 1.
640 2745 691 2772 312
704 2745 774 2772 tecti
793 2745 911 2778 (mlqata
931 2751 1000 2778 quae
1018 2746 1048 2769 ut
1065 2743 1127 2769 him
1138 2746 1250 2776 apparet
1270 2742 1391 2769 retus-tim
1409 2744 1446 2768 est
1459 2740 1614 2767 Baehrenlia
1624 2739 1752 2766 voda-rbus
1767 2739 1887 2770 noticiis)

231 2799 322 2826 FPR.
341 2799 392 2825 416
410 2807 432 2825 v.
453 2798 493 2824 71.
600 2798 650 2823 313
669 2797 717 2829 cfr.
741 2797 869 2831 prrian.
886 2799 953 2829 poet.
972 2795 1010 2822 ed.
1031 2795 1126 2828 Peiper
1144 2795 1203 2827 211,
1219 2795 1257 2821 14.
