2060 3074
303 95 364 125 636
957 90 1109 117 MILONIS
1127 89 1304 117 CARMINA.

670 178 788 209 Verbis
811 177 950 219 pacificis
975 179 1008 208 et
1031 177 1072 208 ab
1097 177 1182 208 omni
1205 176 1281 208 felle
1305 176 1438 208 remotis

669 230 764 261 Dicta
786 229 886 260 refert
908 229 991 270 legis
1013 238 1074 259 nec
1098 228 1268 270 quicquam
1290 227 1399 259 reddit
1422 227 1586 260 acerbum.

586 294 624 313 eso
670 281 781 312 Saevit
804 281 836 312 in
858 281 952 312 hoste
976 280 1075 320 furor,
1100 279 1174 311 dum
1198 290 1263 311 non
1286 280 1471 322 agnoscitur
1493 282 1615 312 auctor.

667 332 815 374 Percipe,
840 335 995 374 quantum
1017 331 1130 363 humili
1153 331 1292 373 genitori
1314 341 1394 363 voce
1417 332 1577 374 loquatur,

667 384 754 420 Quas
777 386 886 425 grates
909 383 1025 423 reddit,
1049 378 1100 415 cui
1123 386 1227 415 toturn
1251 383 1396 426 deputat,
1420 393 1463 415 ex
1487 394 1549 426 quo
1576 386 1635 415 est.

667 436 771 472 Quam
794 436 865 478 pius
889 438 922 467 et
945 435 1041 473 mitis,
1065 435 1155 467 suavi
1179 445 1277 477 quam
1301 435 1400 467 corde
1423 435 1584 477 benignus

667 487 838 530 Approbat
859 486 939 518 illud
963 489 1052 529 opus,
1077 497 1149 518 cum
1172 497 1207 518 se
1230 487 1412 529 praecinxit
1434 487 1554 519 amictu

583 553 620 571 695
664 538 805 571 Acclinis
829 538 976 570 dominus
1001 538 1128 570 famulis
1152 539 1289 580 vestigia
1313 539 1450 580 tingens.

665 591 739 622 Iure
763 594 965 622 recusantem
989 590 1160 633 tranquillo
1183 590 1303 622 famine
1326 590 1460 622 Petrum

665 643 832 674 Terrificat
855 643 1014 682 minitans,
1039 652 1073 674 se
1098 642 1194 674 cedat
1215 645 1252 674 ut
1273 642 1327 674 ille
1350 643 1462 683 lavari,

667 694 702 726 Si
725 705 759 726 se
783 695 974 736 participem
997 697 1087 726 tanto
1111 694 1190 726 velit
1213 704 1285 726 esse
1309 694 1427 727 clienti.

667 746 749 778 Cum
773 746 906 788 capitur,
930 746 1082 778 miserum
1108 757 1206 788 quam
1230 746 1316 778 dulci
1338 746 1458 778 famine
1481 745 1596 778 Iudam

584 811 622 829 wo
665 797 864 840 Alloquitur;
888 798 1022 829 fratrem
1045 799 1134 830 velut
1156 799 1372 841 amplectatur
1396 801 1570 839 amantem,

666 850 806 892 Suscipit
829 850 938 882 oscula
962 849 1041 881 dans
1065 852 1098 881 et
1121 850 1224 881 amica
1247 853 1357 882 mente
1380 853 1537 893 receptat.

667 902 755 942 (Heu
777 902 870 933 nimis
894 905 1031 944 experto
1057 905 1166 934 tantae
1190 902 1343 934 bonitatis
1365 902 1486 943 Iesum,

666 954 747 985 Cum
770 954 901 996 reliquis
923 956 960 985 ut
982 954 1074 996 signa
1097 954 1190 986 daret
1216 955 1388 997 larvasque
1413 954 1542 996 fugaret

581 1019 619 1038 ⁷05
662 1005 712 1037 Ac
737 1015 869 1037 mensae
893 1004 1033 1037 adscitus
1055 1006 1214 1037 recubans
1238 1007 1372 1038 conviva
1395 1006 1536 1047 sederet,

663 1057 831 1089 Unanimis
854 1057 962 1098 homo,
986 1057 1053 1089 dux
1075 1061 1170 1089 notus
1192 1058 1379 1100 pariterque
1405 1058 1525 1090 sodalis

664 1108 831 1141 Oonsensu
853 1109 946 1141 simili
971 1109 1079 1141 divina
1102 1109 1144 1141 ad
1167 1110 1290 1152 templa
1312 1109 1469 1150 venirent,

581 1174 619 1193 τω
663 1161 754 1192 Illius
777 1163 811 1192 et
834 1171 930 1192 curae
952 1161 1076 1192 loculos
1099 1160 1270 1192 mandaret
1292 1161 1484 1202 habendos.)

580 1226 617 1245 '108
662 1212 735 1244 Hoc
757 1212 894 1255 pietatis>
911 1223 992 1255 opus
1014 1215 1104 1244 tanto
1129 1212 1169 1244 de
1193 1213 1282 1244 fonte
1306 1212 1491 1245 redundans

663 1264 850 1296 Auriculam
874 1265 1028 1305 evulsam,
1052 1275 1149 1307 quam
1172 1265 1285 1296 fortius
1309 1275 1387 1296 ense
1411 1265 1544 1297 micanti

580 1331 618 1350 ⁷10
660 1317 812 1349 Excussit
835 1319 900 1357 tua,
923 1316 1032 1357 Petre,
1055 1327 1180 1358 manus,
1203 1327 1316 1349 manus
1338 1317 1396 1348 illa
1417 1317 1577 1359 probavit,

663 1369 754 1406 Quae
779 1369 895 1410 tetigit,
919 1379 1032 1400 sanam
1054 1368 1248 1411 Malchoquc
1271 1369 1380 1400 refixit
1402 1369 1599 1401 habendam.

662 1421 749 1453 Mitis
771 1420 936 1452 inauditae
959 1420 1036 1452 dum
1059 1421 1122 1452 fert
1144 1420 1283 1453 ludibria
1305 1421 1426 1462 mortis,

662 1473 791 1515 Ignosci
813 1473 896 1515 petit
917 1473 967 1504 his
990 1475 1023 1505 et
1045 1473 1087 1504 ab
1110 1474 1172 1505 isto
1196 1473 1327 1505 crimine
1351 1473 1431 1505 solvi

662 1524 872 1567 Excusatque
895 1525 981 1567 patri
1002 1525 1134 1567 ignaros
1156 1525 1282 1557 nescire
1305 1527 1443 1565 reatum,

581 1590 617 1609 τις.
663 1577 807 1613 Quorum
830 1579 920 1608 tanta
942 1577 1019 1608 furit
1041 1577 1159 1617 rabies,
1182 1580 1219 1608 ut
1241 1577 1381 1609 claustra
1404 1577 1545 1620 sepulcri

663 1628 818 1660 Militibus
840 1629 953 1671 positis
977 1639 1075 1661 saeva
1099 1628 1268 1660 obsidione
1293 1632 1444 1661 tenerent

662 1680 733 1712 Nec
756 1680 845 1722 parci
867 1680 991 1712 vellent
1013 1683 1104 1712 tanta
1127 1681 1255 1713 feritate
1279 1681 1417 1723 sepulto.

663 1732 741 1768 Quis
763 1732 853 1763 locus
876 1731 1017 1764 audendi
1039 1735 1113 1775 post
1136 1736 1227 1765 tanta
1250 1734 1402 1776 exempla
1425 1734 1593 1776 superbis?

664 1783 742 1819 Quis
765 1783 853 1815 furor
875 1783 1006 1825 inflavit,
1031 1795 1115 1827 quae
1139 1787 1230 1816 tanta
1252 1786 1377 1817 insania
1399 1789 1537 1827 mentes,

580 1849 618 1868 τεο
661 1836 706 1867 Ut
729 1836 912 1868 meminisse
937 1836 1042 1868 obitus
1065 1837 1187 1880 proprii
1210 1837 1410 1869 monimenta
1433 1841 1605 1870 recusent?

660 1887 753 1919 Nunc
776 1887 873 1919 homo
897 1899 974 1920 mox
997 1889 1091 1920 limus
1113 1889 1179 1929 fiat,
1204 1899 1247 1921 ex
1271 1899 1334 1932 quo
1359 1889 1507 1921 conditus
1531 1893 1632 1930 extat,

661 1939 834 1972 Vermibus
858 1950 932 1972 esca
955 1940 1065 1977 datus;
1090 1940 1204 1973 domus
1227 1941 1337 1984 ampla
1359 1941 1401 1973 sit
1423 1952 1503 1973 urna
1525 1942 1680 1984 sepulcri;

398 2088 449 2114 688
468 2089 557 2121 pacifis
571 2087 594 2112 A
666 2085 716 2112 697
734 2088 833 2113 lauacri
851 2097 918 2113 corr.
933 2087 958 2113 A
1029 2087 1080 2114 702
1098 2079 1162 2114 lflm
1177 2089 1201 2114 A
1273 2088 1323 2114 704
1337 2093 1398 2122 post
1416 2088 1467 2114 707
1481 2090 1559 2122 posui
1610 2090 1700 2123 recubl
1716 2090 1862 2117 conuiuaA

398 2165 450 2191 690
468 2164 522 2196 Ofr.
541 2171 561 2190 e.
573 2173 600 2197 y.
623 2163 732 2197 (ἕτερον,
745 2163 846 2190 Μαι-αἰ.
859 2164 938 2191 1124
956 2165 1064 2199 (Miqne
1083 2165 1123 2197 75,
1136 2165 1199 2197 576)
1226 2165 1360 2199 antiquus
1378 2165 1467 2192 hostis
1484 2166 1688 2201 redemptorem
1706 2167 1822 2194 hnmani
1839 2167 1950 2202 generis

295 2217 324 2243 in
343 2217 477 2243 mundum
497 2217 603 2244 venisse
622 2217 754 2252 cognovit
773 2238 795 2244 ..
817 2218 911 2244 tamen
929 2217 1016 2252 prius,
1034 2218 1184 2255 cumyhunc
1202 2217 1363 2252 passibilem
1381 2219 1514 2250 cerneret,
1533 2226 1615 2245 omne
1633 2205 1708 2253 quod
1727 2219 1762 2246 de
1774 2219 1834 2246 eius
1846 2219 1949 2246 divini-

294 2270 353 2295 tate
372 2269 528 2303 suspicatus
547 2269 601 2301 est,
621 2269 644 2295 ei
665 2270 739 2296 fastu
758 2277 824 2296 suae
843 2269 991 2304 superbiae
1009 2270 1039 2296 in
1058 2270 1174 2297 dubium
1193 2270 1280 2297 venit.
1316 2270 1357 2296 nil
1375 2270 1480 2305 quippe
1499 2270 1553 2297 nisi
1572 2271 1722 2305 superbum
1741 2271 1861 2306 sapiens,
1879 2271 1947 2298 dum

295 2329 352 2347 esse
371 2321 445 2347 hunc
463 2320 595 2347 humilem
615 2321 759 2355 conspicit,
778 2322 860 2348 deum
881 2330 939 2348 esse
958 2321 1109 2349 dubitavit.
1179 2323 1229 2348 691
1250 2321 1346 2349 Matth.
1362 2323 1402 2354 11,
1415 2322 1465 2356 263
1483 2322 1527 2354 26,
1539 2322 1573 2349 39
1591 2325 1639 2349 cet.
1709 2323 1761 2350 692
1780 2322 1836 2350 Iob.
1857 2323 1949 2354 11,41.

294 2373 345 2399 693
373 2373 472 2399 Matth.
499 2374 539 2404 11,
552 2373 593 2399 29.
681 2373 819 2399 694-698
847 2373 904 2399 Ioh.
931 2374 971 2406 13,
984 2374 1061 2400 5—8.
1156 2362 1217 2400 701*
1234 2374 1328 2400 oscula
1350 2374 1379 2406 (i.
1405 2382 1436 2400 08
1461 2375 1493 2399 ut
1521 2372 1596 2407 apud
1619 2373 1728 2400 luva-c.
1746 2373 1795 2400 IV
1807 2374 1871 2408 515)
1897 2374 1949 2407 cfr.

298 2424 392 2450 Matth.
411 2425 452 2457 26,
465 2424 581 2456 48-50,·
605 2424 672 2450 law.
691 2424 733 2458 22,
747 2425 796 2457 48,·
818 2424 906 2451 Marc.
928 2424 968 2458 14,
981 2425 1023 2451 45.
1117 2425 1168 2451 702
1192 2424 1247 2451 Vae
1270 2424 1370 2458 Iudae,
1393 2425 1443 2458 qui
1464 2425 1494 2451 id
1515 2425 1601 2452 scelus
1622 2425 1760 2459 commisit,
1786 2434 1949 2460 quanquam

296 2475 381 2501 Iesum
405 2478 499 2502 tantae
527 2476 652 2502 bonitatis
678 2477 765 2502 mrum
792 2478 918 2510 eaepcrtus
940 2478 985 2502 est.
1078 2475 1127 2502 707
1154 2476 1212 2502 Ioh.
1237 2476 1277 2510 13,
1293 2477 1328 2503 29
1358 2476 1462 2504 loculos
1487 2477 1611 2504 habebat
1628 2477 1719 2504 Iudas.
1811 2478 1946 2505 ‘1oe-711

295 2527 458 2553 seruandum
481 2530 532 2554 est:
553 2536 651 2554 manus
672 2528 786 2561 Christi,
809 2536 882 2562 quae
906 2527 1005 2562 tetigit
1027 2527 1180 2554 auriculam
1200 2528 1310 2555 Malcho
1336 2529 1460 2555 evulsam
1484 2529 1580 2562 (quam
1603 2528 1755 2555 auriculam
1776 2530 1838 2563 tua,
1859 2529 1949 2562 Patre,

294 2587 392 2604 manus
405 2579 537 2612 excussit)
557 2588 710 2613 sanamque
729 2579 752 2606 ei
769 2579 928 2606 habendam
946 2579 1039 2606 refixit
1051 2579 1131 2612 (Duc.
1145 2580 1186 2614 23,
1199 2580 1317 2613 49—51;
1334 2580 1392 2607 Ioh.
1411 2580 1452 2614 18,
1467 2581 1520 2613 10),
1539 2580 1670 2614 probavit
1681 2580 1733 2607 hoc
1744 2580 1860 2615 pietatis
1879 2590 1949 2616 opus

294 2630 329 2656 de
348 2630 425 2656 fonte
444 2631 548 2656 caelesti
566 2631 730 2658 redundare.
801 2632 851 2658 714
871 2631 939 2658 Duc.
952 2632 994 2665 23,
1007 2632 1049 2658 34.
1120 2632 1170 2658 716
1190 2631 1279 2658 Sedal.
1294 2631 1322 2659 G.
1336 2640 1367 2666 p.
1386 2632 1470 2659 V302
1487 2631 1519 2658 dc
1532 2631 1633 2659 Christi
1643 2631 1794 2666 sepulchro:
1811 2640 1949 2667 saevaque

295 2681 387 2707 locum
406 2681 550 2708 obsidione
569 2683 671 2708 tenere.
761 2684 811 2709 719
829 2683 935 2709 Ducam.
950 2683 992 2709 18
1010 2682 1059 2717 qui
1078 2683 1160 2715 furor,
1180 2691 1196 2709 o
1215 2683 1296 2716 cives,
1316 2691 1388 2718 quae
1407 2684 1488 2709 tanta
1506 2683 1617 2710 insania
1631 2683 1815 2717 (Priscianus,
1833 2683 1950 2712 licentia

298 2733 410 2760 Lucani
428 2733 516 2768 codd.)
534 2734 607 2760 ferri.
