2060 3074
818 179 863 206 DE
882 180 907 207 S.
928 179 1142 207 BENEDICTO.
1738 184 1800 216 395

518 265 614 297 Iussa
636 265 746 298 ferens
771 268 886 297 sancta
909 268 1049 299 terrenis
1073 267 1242 309 gressibus
1266 268 1370 300 instar

562 319 752 361 Discipulus
776 329 855 351 ecce
879 319 1006 351 scandit
1029 321 1061 352 in
1085 331 1180 353 amne
1204 321 1299 354 viam.

452 383 477 402 45
514 371 687 413 Promptus
711 371 750 402 ad
775 381 870 402 omne
894 371 1015 403 malum
1039 372 1109 404 dira
1133 383 1207 404 cum
1230 376 1339 404 mente
1362 372 1515 405 sacerdos
1600 387 1619 402 c.
1634 384 1646 402 s

560 422 683 454 Toxica
705 433 788 464 quae
812 423 923 464 gessit,
948 424 1078 455 sustulit
1100 424 1171 465 ipse
1194 424 1293 466 prius.

519 473 650 506 Corruit
673 484 748 506 ecce
771 474 871 505 miser
894 474 983 506 celso
1008 485 1080 506 cum
1104 475 1245 507 culmine
1269 476 1347 507 tecti

561 525 704 568 Corpore
728 526 913 557 confractus
937 525 1074 558 Tartara
1098 537 1200 568 regna
1223 530 1350 567 tenens,

516 577 610 612 Talia
632 577 809 620 discipulus
833 577 909 609 dum
933 578 1057 610 confert
1080 579 1198 610 nuncia
1222 580 1350 617 cursim,

399 640 413 643 ‘⁷
453 643 478 662 5⁰
557 629 731 662 Concussit
752 630 856 662 sancti
880 630 994 661 intima
1017 630 1117 662 corda
1140 631 1251 672 patris.

517 682 686 724 Discipulo
710 681 837 719 indixit,
861 682 918 714 tali
941 693 999 724 pro
1021 682 1141 724 gaudio
1164 683 1278 714 mortis

559 733 604 765 Ut
626 734 766 766 lacrimis
789 734 919 776 culpam
941 734 1062 766 defleat
1085 735 1155 777 ipse
1180 745 1282 767 suam.

517 785 632 826 ιΤοῙΙθ,
656 796 765 823 corax,
789 797 907 828 panem
929 786 1086 818 infectum
1110 786 1187 818 felle
1211 786 1346 825 colubri,

559 837 664 874 Quem
686 838 794 870 nullus
817 848 959 880 unquam
982 849 1116 870 cernere
1139 839 1243 880 possit
1266 837 1382 870 homo.'

453 902 477 921 55
513 889 563 922 Tu
585 890 710 921 meritis
735 889 855 921 sanctis
878 889 1033 922 falsorum
1058 890 1180 932 templa
1204 889 1339 922 deorum

558 941 752 974 Vertistiin
775 941 904 973 laudem
927 952 1056 984 semper
1080 941 1232 974 habenda
1255 942 1320 975 dei.

517 994 664 1026 Perfidus
687 994 742 1025 ille
766 993 865 1025 draco
890 994 982 1025 caelo
1007 993 1176 1026 demersus
1201 994 1242 1026 ab
1266 994 1343 1032 alto,

561 1045 662 1077 Cuius
687 1056 767 1088 opus
790 1056 967 1087 numquam
990 1048 1116 1087 perstat
1138 1046 1172 1076 in
1196 1045 1274 1077 orbe
1299 1046 1429 1085 bonum,

518 1097 634 1130 Orrida
657 1107 733 1129 nam
757 1108 885 1140 semper
908 1097 1104 1140 depromens
1128 1097 1230 1129 verba
1253 1098 1414 1140 malignus

452 1163 478 1182 eo
557 1150 595 1182 In
618 1149 774 1182 famulum
799 1149 920 1182 Christi
945 1150 1023 1182 talia
1046 1150 1134 1182 dicta
1157 1149 1262 1181 dedit:

517 1201 623 1241 Quid,
647 1201 842 1242 Maledicte,
866 1202 924 1234 tibi
947 1202 1056 1244 gessi?
1084 1220 1122 1224 —
1146 1212 1220 1234 nam
1244 1212 1322 1233 non:
1347 1201 1540 1234 Benedicte.

559 1253 646 1290 Quid
667 1264 720 1285 me
744 1254 951 1296 persequeris
974 1257 1069 1285 nocte
1093 1253 1210 1295 dieque
1234 1253 1328 1285 simul
1337 1252 1361 1284 Τ

517 1306 590 1338 Stat
612 1306 695 1348 lapis
719 1305 894 1337 immobilis
918 1306 1010 1348 gravi
1034 1316 1112 1348 prae
1135 1305 1279 1347 pondere
1303 1304 1399 1345 fixus,
1596 1319 1616 1334 c.
1631 1318 1643 1337 s

560 1357 632 1394 Quo
655 1357 803 1390 residens
827 1357 929 1389 hostis
953 1357 1069 1399 impius
1094 1360 1164 1389 arte
1187 1357 1320 1399 premit:

451 1423 476 1442 σε
515 1409 656 1441 Tollitur
679 1419 755 1441 ecce
779 1409 862 1451 lapis
886 1408 1058 1440 Benedicti
1085 1409 1211 1440 concite
1235 1409 1341 1440 iussu:

560 1460 658 1493 ‘Siste
681 1461 804 1504 procul,
828 1471 950 1493 sessor:
975 1461 1019 1492 nil
1044 1464 1100 1492 tua
1124 1461 1194 1492 iura
1217 1459 1348 1492 valent.'

516 1513 615 1545 Falsa
639 1523 740 1545 vorax
762 1513 893 1544 flamma
916 1512 1141 1544 conscendens
1165 1515 1252 1544 tecta
1275 1512 1412 1551 culinae,
1586 1525 1645 1544 r.10

559 1565 749 1597 Adveniens
771 1568 883 1607 pastor
907 1583 947 1587 —
970 1564 1098 1596 falsitas
1122 1564 1224 1596 omnis
1248 1563 1352 1596 abest.

517 1617 639 1649 Attea-it
662 1627 703 1649 en
725 1617 820 1659 pueri
844 1617 978 1659 parietis
1003 1616 1181 1648 confractio
1205 1616 1361 1654 membra,
1584 1631 1603 1646 ο.
1621 1629 1642 1647 11

452 1682 478 1702 το
556 1668 609 1700 Ad
633 1669 740 1712 operis
764 1672 915 1711 coeptum
938 1668 1031 1700 iussit
1055 1667 1145 1700 adire
1169 1670 1272 1710 pater.

516 1720 669 1753 ‘Prandis
692 1720 871 1762 multigeno
895 1720 1040 1752 retinens
1064 1730 1149 1751 nuno
1173 1722 1286 1751 ventre
1310 1719 1394 1762 lyco,
1583 1734 1602 1748 c.
1619 1731 1642 1750 η

560 1772 634 1804 Non
656 1772 736 1804 mihi
759 1772 842 1804 clam
867 1772 988 1804 sistunt
1011 1771 1179 1803 fraudibus
1203 1774 1277 1803 aeta
1299 1770 1385 1803 tuis.y

516 1824 649 1867 Hospes
673 1823 768 1856 adest
790 1823 939 1866 simplex,
965 1833 1062 1865 quem
1085 1822 1169 1854 fallit
1193 1822 1330 1854 callidus
1353 1822 1468 1856 hostis:
1581 1838 1600 1853 e.
1620 1835 1642 1853 ιε

560 1875 713 1909 Mollibus
736 1876 769 1908 in
793 1876 893 1918 pratis
917 1874 1055 1918 prandia.
1078 1875 1161 1906 falsa
1183 1874 1283 1906 dedit.

454 1941 478 1960 vs
514 1928 634 1970 Arguit
657 1927 743 1960 hunc
766 1931 880 1970 pastor
903 1927 961 1959 tali
985 1938 1042 1969 pro
1066 1926 1190 1958 scelere
1216 1929 1363 1958 sanctus:

560 1979 604 2011 Et
627 1979 755 2012 veniam
778 1979 894 2021 culpae
918 1979 1043 2021 expetit
1066 1978 1136 2020 ipse
1159 1988 1249 2010 suae.

516 2031 621 2064 Veste
646 2042 756 2064 comes
781 2031 956 2074 splendens
980 2030 1170 2062 fraudenter
1191 2030 1298 2072 Riggo
1322 2030 1461 2072 tyranni,
1581 2044 1600 2060 c.
1619 2041 1640 2060 ιι

559 2083 642 2115 ‘Non
665 2087 722 2115 tua
745 2081 841 2121 sunt‚’
866 2082 969 2124 inquit
993 2084 1088 2123 ‘quae
1112 2085 1169 2113 tua
1192 2080 1290 2113 dorsa
1313 2084 1439 2123 gerunt.

516 2135 622 2167 'rotila
645 2146 703 2167 rex
727 2135 861 2167 veniens
885 2137 1045 2177 prostrato
1070 2143 1204 2175 corpore
1228 2132 1369 2175 supplex
1582 2147 1601 2163 c.
1618 2145 1641 2163 ιε

451 2200 477 2218 ω
555 2186 736 2219 Praescivit
759 2187 846 2218 vitae
870 2185 1042 2217 commoda
1066 2188 1185 2216 cuncta
1208 2194 1298 2216 suae.

516 2238 583 2271 ‘Bis
607 2238 714 2281 quinis
737 2238 831 2270 annis
858 2237 1015 2269 retinebis
1040 2236 1182 2268 culmina
1204 2236 1310 2278 regni3

558 2289 646 2322 Mors
670 2287 727 2322 tibi
751 2288 915 2321 succedit:
941 2288 1083 2320 moribus
1106 2291 1177 2320 esto
1202 2286 1293 2330 pius)

516 2341 646 2374 Desinit
668 2342 702 2373 in
725 2341 820 2373 factis
845 2344 966 2372 extunc
990 2341 1174 2372 fervescere
1199 2342 1318 2379 mente,

559 2393 742 2425 Blanditias
765 2393 846 2424 vixit
868 2396 1016 2435 tempora
1039 2391 1116 2423 data
1138 2391 1209 2423 sibi.

450 2459 475 2477 ⁸⁵
512 2445 648 2486 Excole,
672 2445 789 2485 Roma,
812 2449 868 2477 tuo
892 2447 998 2476 vatem
1023 2444 1064 2476 de
1087 2444 1232 2486 germine
1255 2443 1397 2483 ductum,

558 2497 622 2534 Qui
645 2501 702 2529 tua
723 2507 782 2539 per
805 2497 916 2529 saecla
939 2497 1069 2528 moenia
1093 2496 1184 2527 salva
1206 2499 1331 2527 monet:

519 2549 727 2581 ‘Turbinibus
751 2549 861 2580 multis
885 2548 1057 2590 quassaris,
1081 2547 1231 2579 fluctibus
1256 2550 1370 2588 atque;

562 2601 678 2632 Nullus
701 2600 795 2632 adest
818 2600 928 2638 hostis,
953 2600 1006 2641 qui
1030 2603 1085 2630 tua
1109 2602 1202 2640 septa
1225 2597 1336 2640 petat.'

256 2696 287 2721 :31
308 2697 353 2722 tali
373 2705 417 2729 pro
435 2697 531 2730 gaudia
551 2696 648 2730 mortis]
669 2698 702 2722 ob
721 2697 780 2722 talis
797 2696 895 2729 gaudia
914 2696 1000 2720 mortis
1020 2695 1048 2720 K
1149 2694 1182 2719 53
1201 2695 1297 2719 Panem
1316 2694 1376 2719 tollo
1394 2702 1472 2718 corax
1491 2693 1520 2718 K
1621 2694 1655 2719 54
1674 2696 1792 2727 Unquam

153 2746 227 2771 quem
252 2739 340 2764 nullus
358 2739 387 2764 Κ
467 2739 502 2764 65
523 2740 622 2764 concite
647 2738 726 2772 iussu]
747 2747 789 2764 ure
808 2739 875 2764 beati
896 2738 923 2762 Κ
1007 2737 1040 2762 69
1060 2737 1163 2770 parietis
1182 2735 1332 2769 confi-actio]
1353 2736 1458 2761 muralis
1477 2737 1569 2762 fractio
1588 2737 1617 2761 K
1703 2736 1735 2762 70
1754 2737 1794 2762 Ad

153 2780 274 2811 (fortune
284 2790 333 2814 pro
347 2782 390 2813 At)
409 2782 492 2814 operis
502 2781 614 2814 ceptum]
633 2783 678 2807 Ast
697 2791 760 2814 opus
779 2783 847 2807 hunc
865 2785 967 2818 ceptum
984 2781 1011 2805 Κ
1097 2779 1125 2805 71
1149 2781 1242 2805 retines
1256 2779 1284 2804 Κ
1370 2779 1402 2804 72
1422 2779 1496 2804 michi
1516 2784 1539 2804 et
1556 2780 1592 2804 sic
1609 2789 1707 2812 semper
1720 2780 1795 2805 codd.

153 2821 186 2848 73
206 2824 304 2857 Hospes
322 2824 478 2857 interpolati]
499 2826 590 2861 Sospes
608 2826 681 2850 codd.
701 2826 732 2855 (ἓν
838 2823 871 2849 75
889 2823 993 2855 scelere]
1014 2824 1119 2848 crimine
1141 2822 1168 2846 Κ
1271 2821 1305 2846 ⁸4
1325 2821 1476 2854 Blnmlitins]
1497 2822 1616 2847 Blandior
1633 2827 1659 2848 et
1679 2822 1706 2846 K

1535 2872 1590 2899 50*
