2138 3106
427 709 451 728 ³5

426 1131 452 1150 ⁴0

424 1389 450 1408 ⁴³

825 170 975 198 MICONIS
994 171 1034 197 IN
1053 171 1174 199 FESTA.

670 281 793 313 MVSA
815 281 876 313 DE
901 282 1108 314 CORPORE
1133 283 1326 316 CHRISTI.

491 340 565 372 Hoc
589 341 650 372 iter
672 344 801 383 oportet
823 342 966 374 breviter
989 353 1177 385 percurrere
1201 355 1346 386 parvum,

489 391 553 428 Qui
578 393 667 435 cupit
690 393 774 424 hanc
798 393 919 425 domini
943 394 1061 426 festam
1086 395 1254 427 celebrare
1279 397 1430 438 benigne,

491 443 598 486 Ipsius
623 447 655 475 et
679 455 796 487 corpus
820 445 919 477 hodie
943 447 1131 488 contingere
1155 446 1264 489 digne.

489 495 611 528 Credat
634 497 719 528 enim
743 500 856 528 natum
879 498 981 540 patris
1005 497 1046 529 de
1070 496 1193 530 semine
1216 500 1314 540 nullo,

488 547 678 590 Accipimus
702 548 793 580 cuius
818 559 933 591 corpus
957 554 1152 582 veneranter
1175 551 1207 582 in
1231 552 1322 583 aula:

488 599 688 631 Intemerata
711 611 775 642 qua
798 600 862 632 fide
886 600 1047 633 credimus
1072 612 1143 634 esse
1167 602 1285 634 beandi

488 650 670 682 Credentes
693 651 799 693 ipsum
822 651 891 683 fore
916 663 1034 695 corpus
1060 653 1099 684 de
1123 655 1299 695 genetrice.

488 701 586 734 Haud
610 713 704 734 secus
729 703 807 735 illud
831 704 917 735 enim
942 705 1040 735 sumit
1064 705 1125 736 sibi
1150 706 1287 748 quisque
1311 706 1424 738 fidelis.

488 754 561 785 Hoc
585 755 686 796 cybus
710 758 808 797 atque
834 756 921 787 salus
946 756 1073 788 animae
1100 760 1165 797 est,
1190 758 1249 789 hoe
1274 759 1435 790 eredimus
1460 771 1586 798 omnes;

488 805 635 847 Ambigit
658 807 828 838 almivolus
851 808 958 839 nullus
982 808 1043 839 hoe
1067 809 1200 841 credere
1225 810 1332 842 credo.

931 961 1066 993 MVSA.

488 1021 568 1052 Post
593 1021 700 1064 (opus)
726 1021 787 1052 hoc
811 1032 944 1064 parvum
961 1033 1122 1064 perparva
1139 1033 1200 1065 ego
1217 1034 1362 1066 pangere
1379 1028 1513 1068 tempto.

487 1072 537 1104 En
561 1073 657 1105 hodie
682 1076 813 1105 sanctus
838 1084 910 1105 cum
935 1075 1056 1106 sanctis
1079 1075 1208 1117 iamque
1232 1076 1410 1119 triumphat

488 1124 536 1156 Ac
560 1124 682 1156 residet
705 1125 795 1156 caelo
819 1125 920 1157 victor
942 1126 1052 1168 palma
1076 1126 1255 1159 redimitus.

489 1174 588 1208 Cuius
613 1176 699 1208 enim
723 1176 839 1208 festam
864 1176 962 1219 digno
986 1177 1191 1210 celebramus
1214 1179 1348 1220 honore,

486 1227 550 1258 Hic
573 1230 792 1270 protomartyr
814 1228 901 1260 enim
924 1229 1029 1260 voluit
1052 1230 1227 1271 persistere
1251 1230 1383 1269 Christi,

488 1278 577 1311 Inter
600 1278 813 1311 Christicolas
837 1281 944 1312 socius
968 1291 1031 1323 quo
1056 1281 1149 1314 fieret
1171 1292 1266 1314 unus.

483 1330 567 1362 Nam
592 1330 719 1373 lapides
742 1331 828 1363 inter
850 1333 1004 1364 torrentis
1027 1333 1106 1365 talia
1130 1333 1228 1365 ‘Iesu'

485 1381 611 1414 Exorat
634 1381 785 1422 alumine,
809 1383 1000 1425 peccamina
1024 1384 1160 1416 reddere
1184 1386 1249 1416 noli

487 1433 557 1465 Illis
581 1433 674 1473 haec,
699 1435 808 1466 miseri
833 1435 909 1477 quia
932 1438 964 1467 te
988 1436 1120 1468 minime
1144 1447 1273 1479 quoque
1297 1438 1436 1470 norunt’.

487 1485 706 1527 Permagnum
729 1485 824 1518 nobis
847 1487 1011 1529 specimen
1035 1487 1156 1519 dimisit
1178 1489 1210 1519 in
1237 1499 1364 1529 aevum,

486 1536 581 1573 Quod
605 1541 752 1569 nostrum
775 1538 912 1580 quisque
938 1538 1084 1571 studeat:
1109 1540 1298 1572 meminisse
1322 1541 1508 1573 iuvabit.—

486 1588 548 1620 Ast
572 1588 658 1631 pede
681 1589 746 1620 iam
771 1589 886 1621 claudo
910 1591 1130 1633 perstringam
1153 1593 1298 1624 carmina
1321 1603 1436 1635 pauca.

929 1751 1064 1785 MVSA.

486 1811 572 1844 Ecce
595 1811 666 1844 dies
689 1813 777 1844 lucet
800 1816 868 1844 toto
891 1814 1080 1856 praeclarus
1104 1815 1137 1846 in
1159 1814 1248 1849 orbe.

526 1863 565 1895 In
588 1874 652 1906 quo
675 1863 831 1896 Iohannis
854 1865 1018 1897 festivitas
1043 1866 1170 1905 colitur,

486 1915 607 1948 Christi
631 1916 838 1958 euangelium
863 1917 956 1948 cuius
980 1917 1091 1949 rutilat
1114 1917 1246 1956 deitate,

526 1967 565 1999 In
589 1978 652 2010 quo
675 1978 753 2010 prae
777 1969 903 2000 cunctis
927 1968 1046 2001 celsius
1071 1970 1197 2001 enituit.

483 2018 595 2051 Mundi
618 2019 810 2062 principium
834 2021 942 2063 coepit
964 2021 1186 2063 perstringere
1211 2021 1297 2053 celse

525 2070 701 2114 ‘Principio
724 2070 870 2104 verbum’
895 2072 956 2104 hoc
980 2072 1024 2103 ‘in
1047 2072 1127 2104 erat'
1152 2073 1281 2105 cecinit.

485 2120 598 2154 Ebibit
621 2122 681 2154 hoc
704 2123 806 2165 gratis
829 2123 959 2155 afflatus
984 2123 1103 2155 famine
1127 2126 1255 2161 sanctoz

527 2172 734 2217 Quapropter
756 2174 888 2206 humilis
912 2175 1003 2207 celsa
1025 2175 1113 2218 loqui
1136 2176 1249 2208 valuit.

485 2225 545 2258 Oui
569 2225 719 2258 Christus
742 2227 828 2258 fixus
852 2237 947 2259 cruce
972 2227 1113 2267 tradidit,
1137 2233 1172 2259 ut
1194 2227 1363 2270 genitricis

528 2277 685 2311 Gestar-et
709 2289 819 2311 curam
842 2279 1049 2311 sollicitantis
1073 2289 1177 2321 opem.

485 2329 588 2372 Virgo
613 2327 710 2362 etiam
735 2333 884 2362 servator
907 2330 1039 2372 virginis
1063 2331 1157 2362 affuit
1179 2331 1248 2373 ipse

531 2381 634 2424 Inque
658 2392 718 2414 sua
742 2382 846 2414 tenuit
870 2382 1040 2414 emeritam
1064 2382 1237 2416 dominam.

927 2519 1061 2551 MVSA.

487 2579 616 2612 Ludere
641 2579 744 2611 fracta
767 2580 887 2612 etenim
912 2590 1011 2611 conor
1034 2580 1182 2612 mirabile
1206 2580 1304 2612 dictu.

484 2630 613 2663 Natalis
638 2631 735 2662 hodie
758 2641 877 2673 magno
901 2635 1078 2663 veneratur
1101 2631 1222 2663 honore

1763 178 1825 207 299

271 2757 282 2790 ΙΙ
298 2757 329 2784 31
350 2759 417 2792 patri
434 2759 460 2784 B
476 2768 543 2785 corr.
562 2759 641 2786 Ebert
735 2760 791 2794 1138
809 2760 889 2794 *opus
907 2770 954 2786 om.
974 2761 1012 2786 B.-
1029 2762 1078 2794 cfr.
1098 2760 1205 2786 XVIII
1222 2760 1234 2785 1
1254 2765 1276 2786 et
1294 2761 1431 2786 XXVIII
1446 2760 1460 2786 1
1553 2760 1589 2786 40
1606 2761 1690 2794 palme
1708 2770 1774 2786 corr.
1793 2761 1818 2786 B

169 2799 203 2826 44
215 2805 340 2827 ton-entes
353 2801 431 2828 E'berl
469 2802 525 2828 iesu
539 2803 575 2828 cic
587 2803 624 2829 B.-
642 2805 690 2834 cfr.
703 2804 759 2830 Aci.
773 2803 797 2835 7,
809 2803 842 2830 59
912 2804 946 2830 46
958 2812 1060 2838 quoquc
1078 2808 1172 2829 norunt
1190 2805 1217 2829 in
1229 2813 1283 2830 ras.
1296 2804 1322 2829 B
1389 2804 1399 2837 Η
1415 2803 1450 2830 59
1461 2804 1604 2830 sollicitatis
1617 2804 1643 2829 B
1659 2813 1725 2830 corr.
1739 2803 1818 2829 Ebert

1559 2850 1612 2877 38*
