2060 3074
273 179 335 208 670
931 171 1081 198 MILONIS
1100 170 1277 197 CARMINA.

638 260 849 300 IIistoricum,
875 260 1015 302 typicum
1039 269 1229 300 morumque
1254 268 1408 289 ornamen
1430 257 1611 289 honestum.

641 311 813 344 Praedicet
837 311 959 353 antiqui
982 310 1111 353 populis
1134 310 1175 341 ab
1200 310 1323 351 origine
1347 309 1445 341 saecli

645 365 748 396 Gesta
771 362 928 394 imitanda
951 363 1011 404 piis
1034 365 1227 404 patrumque
1251 362 1403 403 exempla
1426 361 1578 403 priorum,

643 416 820 446 Pravorum
849 425 978 456 quoque
1001 413 1149 447 vitandos
1173 413 1341 445 denuntiet
1363 416 1464 453 actus,

560 481 597 499 855
643 467 774 499 Caelica
796 477 898 509 regna
920 468 1024 508 bonis,
1048 470 1209 499 tormenta
1231 466 1388 509 perennia
1410 466 1535 507 iniquis.

643 520 707 551 Per
730 522 842 551 noctes
865 520 947 552 haec
970 531 1093 563 perque
1119 520 1188 551 dies
1211 529 1360 551 sermone
1383 519 1528 558 resultet,

643 572 715 607 Quo
740 571 824 603 benc
848 573 1015 614 multiplici
1038 575 1175 604 tractata
1197 571 1336 614 pecunia
1357 571 1446 602 lucro

642 624 776 655 Crescat
800 627 833 655 et
856 635 970 656 usuras
988 625 1143 667 >operatio
1168 623 1267 665 digna
1288 626 1443 665 reportet,

641 676 793 718 Dumque
818 677 1012 708 talentorum
1035 677 1196 708 rationem
1218 677 1252 713 in
1274 676 1338 707 fine
1362 685 1510 706 reversus

560 743 599 761 seo
644 728 725 760 Cum
750 729 851 760 servis
877 729 1039 771 positurus
1064 729 1125 761 erit
1146 739 1225 760 mox
1246 728 1374 760 institor
1397 727 1538 766 adstans,

642 780 729 812 Ante
755 781 803 812 sui
825 781 933 812 vultus
958 780 1079 812 domini
1102 791 1175 812 cum
1196 779 1294 812 laude
1316 778 1468 811 refundat

645 833 786 864 Securus
809 833 935 864 numeri
958 843 1117 864 summam
1141 832 1322 875 duplicator
1344 831 1526 870 adauctam,

641 885 732 916 Inter
755 887 788 916 et
811 885 881 926 ipse
906 885 977 927 pias
1000 888 1122 916 turmas
1146 887 1332 926 sortemque
1355 885 1506 925 receptus

641 937 792 968 Astriferi
816 937 887 968 solii
911 937 1071 979 fulgescat
1091 937 1206 978 dignus
1227 937 1260 968 in
1283 937 1358 968 aula

557 1002 595 1021 865
640 988 773 1020 Victrici
796 988 930 1020 rutilans
953 990 1062 1031 palma
1085 988 1281 1030 radiansque
1308 998 1435 1028 corona,

641 1040 785 1072 Sudores
809 1050 925 1082 operas
950 1051 1106 1072 excursus
1130 1041 1257 1082 proelia
1278 1041 1383 1071 luctus

640 1092 800 1123 Tristitias
823 1092 963 1133 gemitus
986 1093 1080 1124 fletus
1104 1092 1241 1135 suspiria
1265 1092 1413 1134 planctus

642 1144 771 1176 Solatus
795 1155 886 1176 curas
912 1147 945 1176 et
968 1145 1064 1176 fortia
1087 1147 1181 1187 gesta
1205 1144 1365 1187 tropheis;

645 1195 721 1238 Ipse
745 1196 821 1237 polo
845 1195 999 1237 residens,
1023 1197 1152 1239 requies
1175 1196 1231 1228 ubi
1254 1199 1343 1228 certa
1365 1196 1522 1237 laborum,

560 1262 598 1280 870
643 1248 710 1280 Sub
734 1247 873 1290 pedibus
896 1249 998 1280 solem
1024 1252 1057 1280 et
1080 1249 1236 1281 caelestia
1259 1248 1367 1280 sidera
1390 1248 1508 1283 calcetz

646 1300 707 1332 His
731 1300 799 1331 sine
822 1300 888 1332 fine*
908 1300 1002 1332 bonis
1026 1300 1154 1343 placida
1176 1301 1209 1332 in
1232 1300 1366 1342 regione
1390 1300 1522 1341 fruatur,

642 1352 819 1394 Perspexit
842 1363 926 1394 quae
949 1363 1014 1385 non
1038 1353 1159 1393 oculus,
1183 1363 1248 1384 non
1270 1351 1372 1384 audiit
1394 1353 1490 1393 auris,

642 1403 800 1435 Ascendit
822 1415 886 1435 non
910 1415 965 1436 cor
985 1405 1126 1436 hominis
1148 1404 1295 1436 mortalis
1318 1404 1351 1436 in
1372 1404 1439 1444 illa,

643 1455 735 1492 Quae
761 1455 841 1487 deus
865 1456 977 1487 electis
1001 1459 1035 1488 et
1057 1456 1241 1488 amantibus
1262 1456 1333 1498 ipse
1356 1456 1491 1498 paravit.

559 1521 596 1540 επ)
643 1507 705 1544 Qui
728 1508 813 1550 regit
836 1518 914 1550 ergo
941 1519 1019 1540 suae
1044 1511 1153 1541 castae
1177 1508 1400 1540 moderamina
1422 1508 1519 1549 vitae,

643 1559 740 1591 Cuius
763 1560 864 1591 verba
889 1559 942 1592 dei
967 1571 1023 1592 cor
1046 1563 1154 1592 servat
1177 1563 1210 1592 et
1232 1560 1316 1592 actio
1340 1560 1456 1600 firmat,

641 1611 715 1643 Non
738 1612 815 1644 satis
840 1615 889 1643 est
913 1615 1039 1644 tantum
1062 1613 1190 1655 peccati
1214 1623 1234 1644 a
1256 1611 1351 1644 sorde
1374 1622 1500 1652 cavere,

645 1663 679 1695 Si
701 1674 766 1695 non
788 1664 859 1706 ipse
883 1665 963 1697 alios
986 1668 1130 1706 moneat,
1153 1665 1300 1697 hortetur
1323 1667 1463 1707 agatque

641 1715 684 1747 Et
707 1715 809 1747 societ
831 1715 970 1756 sibimet,
1001 1716 1136 1748 fratrum
1163 1716 1339 1758 ductetque
1362 1718 1535 1749 catervam.

557 1781 595 1799 sso
640 1767 693 1799 Sic
713 1777 853 1809 namque
875 1768 908 1799 in
932 1767 1061 1800 Christo
1091 1768 1222 1800 dilectio
1246 1778 1325 1800 vera
1347 1767 1514 1810 probatur,

643 1819 761 1851 Pascat
785 1829 873 1860 oves,
897 1830 999 1862 agnos
1023 1820 1059 1861 si,
1087 1831 1196 1852 curam
1219 1819 1389 1863 impendat
1411 1820 1497 1860 ovili,

643 1871 677 1903 Si
700 1871 825 1903 formae
849 1871 1026 1914 impressus
1050 1872 1166 1903 summi
1188 1871 1328 1914 pastoris
1351 1871 1428 1903 Iesu

642 1923 706 1955 Pro
731 1933 833 1965 grege
859 1923 1028 1955 commisso
1054 1924 1162 1966 cupiat
1187 1923 1398 1955 succumbere
1422 1923 1521 1963 loeto,

642 1975 677 2007 Si
700 1975 851 2006 veniente
874 1975 952 2018 lupo
976 1975 1094 2007 festino
1119 1975 1263 2007 concitus
1289 1985 1370 2006 ausu

559 2040 598 2059 ass
646 2026 769 2058 Obvius
794 2030 940 2058 occurrat
963 2027 1130 2069 telumque
1153 2027 1287 2059 volatile
1310 2026 1426 2066 vibret,

643 2079 790 2121 Dissipet
812 2090 959 2111 ursorum
983 2081 1009 2112 si
1032 2080 1165 2112 brachia
1190 2083 1223 2112 et
1247 2090 1303 2112 ora
1325 2080 1456 2111 leonum

650 2131 789 2163 Claudat
813 2134 846 2163 et
867 2132 1032 2164 immixtos
1055 2132 1088 2163 in
1111 2134 1242 2174 guttura
1265 2142 1365 2164 saeva
1387 2131 1561 2163 draconum

645 2183 816 2215 Malleolos
839 2184 945 2224 iaciat,
969 2184 1028 2216 hos
1051 2184 1199 2216 faucibus
1221 2184 1351 2226 ingerat
1373 2194 1456 2215 esus.

644 2235 696 2267 De
720 2235 792 2278 pice
817 2236 1003 2278 sulphurea,
1028 2235 1069 2268 de
1091 2246 1203 2268 verme
1226 2236 1367 2268 minetur
1390 2235 1493 2275 edaci,

560 2300 598 2319 eso
644 2286 696 2318 De
721 2287 858 2319 flammis
882 2288 951 2320 sine
974 2289 1047 2320 luce
1071 2288 1149 2322 feris
1171 2288 1387 2330 gravibusque
1409 2288 1532 2320 catenis

379 2433 430 2459 855
448 2434 591 2467 perhennia
604 2434 628 2459 L
717 2433 775 2460 860.
790 2434 841 2460 923
859 2439 959 2461 aestans
975 2435 996 2460 L
1084 2435 1135 2462 862
1153 2429 1264 2462 adaucta
1277 2435 1302 2460 A
1389 2433 1441 2460 869
1460 2435 1533 2468 polos
1546 2434 1569 2459 L
1656 2433 1709 2461 870
1726 2435 1820 2468 sydera
1832 2435 1857 2460 L

381 2510 518 2537 857——863
538 2510 635 2536 Matth.
657 2511 700 2542 25,
716 2511 827 2538 14—20.
918 2512 969 2538 869
989 2511 1058 2538 Aen.
1078 2512 1190 2539 111393
1208 2512 1232 2538 is
1251 2512 1328 2539 locus
1345 2511 1424 2538 urbis
1442 2511 1508 2542 erit,
1530 2510 1641 2545 requies
1659 2519 1692 2538 en.
1709 2513 1784 2538 certa
1802 2511 1936 2538 laborum.

277 2561 414 2587 872—-874
434 2562 446 2587 1
464 2561 521 2588 Cor.
541 2562 565 2593 2,
579 2562 595 2588 9
614 2561 689 2595 quod
708 2562 804 2589 oculus
823 2571 878 2589 non
897 2562 969 2590 vidit
987 2572 1039 2590 nec
1057 2563 1132 2590 auris
1150 2563 1261 2590 audivit
1278 2571 1330 2590 nec
1348 2563 1378 2589 in
1397 2571 1444 2590 eor
1461 2562 1582 2589 hominis
1600 2562 1743 2594 ascendit,
1762 2571 1836 2596 quae
1853 2570 1934 2597 prae-

278 2611 388 2645 paravit
407 2612 474 2638 deus
492 2613 540 2643 iis,
568 2613 617 2646 qui
636 2613 761 2648 diligunt
779 2614 867 2641 illum.
957 2615 1005 2642 881
1041 2615 1097 2643 Iob.
1121 2616 1163 2647 21,
1177 2616 1211 2642 15
1234 2623 1317 2650 pasce
1340 2623 1428 2650 agnos
1451 2623 1528 2642 meos
1551 2636 1576 2642 ..
1600 2615 1633 2642 17
1656 2623 1739 2649 pasce
1762 2623 1827 2641 oves
1851 2622 1936 2642 meas.

277 2663 414 2690 883—885
433 2663 489 2690 Ioh.
510 2664 549 2696 10,
564 2665 673 2692 11—15.
762 2665 812 2692 886
833 2667 845 2692 1
861 2666 927 2700 Rey.
953 2667 993 2698 17,
1007 2667 1040 2693 37
1065 2667 1203 2699 dominus,
1223 2667 1271 2701 qni
1291 2667 1396 2702 eripuit
1413 2675 1458 2694 me
1476 2687 1482 2694 .
1493 2687 1500 2694 .
1518 2666 1554 2693 de
1572 2675 1656 2693 manu
1675 2666 1744 2699 ιιι-εἰς
1769 2666 1846 2693 Dan.
1864 2667 1890 2698 6,
1902 2667 1937 2694 22

278 2715 345 2742 deus
364 2716 499 2742 conclusit
518 2725 565 2743 ora
583 2717 703 2743 leonum.
791 2717 851 2744 887.
863 2718 915 2744 888
945 2718 1020 2745 Dan.
1042 2719 1083 2751 14,
1096 2719 1130 2746 26
1149 2719 1218 2746 tulit
1235 2718 1335 2745 Daniel
1359 2718 1449 2753 picem
1474 2719 1504 2746 et
1525 2718 1637 2753 adipem
1661 2719 1691 2744 et
1711 2718 1785 2752 pilos
1808 2719 1837 2744 et
1860 2717 1936 2745 coxit

278 2766 383 2800 pariter
408 2767 530 2801 fecitque
551 2777 655 2794 massas
678 2769 707 2795 et
730 2769 808 2795 dedit
835 2769 865 2795 in
888 2777 918 2796 os
941 2769 1071 2797 draconis
1098 2771 1128 2797 et
1152 2770 1282 2805 diruptus
1308 2771 1350 2797 est
1376 2770 1471 2803 drac03
1498 2770 1546 2797 sod
1567 2769 1712 2804 assumpsit
1737 2769 1881 2796 malleolos
1903 2776 1938 2796 a

277 2817 351 2843 Dan.
370 2818 393 2848 3,
407 2818 440 2844 46
459 2827 513 2844 non
532 2819 677 2845 cessabant
696 2820 861 2846 succendere
879 2820 1021 2848 fornacem
1040 2821 1168 2855 naphtha
1187 2822 1216 2848 et
1234 2822 1317 2855 stupa.
1335 2821 1364 2847 et
1381 2821 1443 2855 pice
1463 2822 1493 2847 et
1511 2820 1660 2847 malleolis.
