2060 3074
291 107 352 137 628
949 102 1100 129 MILONIS
1119 103 1296 130 CARMINA.

574 204 612 223 405
657 192 854 233 Spectavere
879 190 993 222 decem
1017 189 1215 231 pendentem
1238 190 1271 220 in
1293 190 1401 232 stipite
1425 189 1503 230 nati⁷

658 243 752 279 Quod
775 243 902 284 genitor
924 252 1048 284 passus,
1073 242 1197 283 passuri
1221 244 1307 273 sorte
1331 244 1452 273 reatus.

657 294 709 325 Sic
731 293 818 325 cadit
840 294 872 324 in
896 293 1023 324 foveam
1048 293 1221 323 commenti
1245 291 1410 324 fraudibus
1433 293 1569 328 instans;

656 347 865 388 Inlaqueatur
889 345 984 385 enim,
1008 343 1111 383 nodos
1135 345 1189 386 qui
1215 345 1316 376 nectit
1338 345 1473 386 iniquos.

656 400 708 431 Sic
731 400 794 430 ruit
816 397 995 430 ascendens
1019 400 1154 429 ventosa
1178 397 1329 440 superbia
1353 398 1488 433 fastum;

574 465 612 483 410
655 450 782 482 Invidia
805 450 974 488 occumbit,
996 449 1139 492 ‘genitrix
1164 460 1246 491 quae
1270 449 1357 480 facta
1381 449 1480 480 diabli
1505 451 1564 480 est.

699 510 822 542 XVIII.
847 510 1025 541 Antiochus
1049 519 1164 541 saevus
1188 509 1265 540 nulli
1288 509 1418 541 feritate
1442 509 1601 541 secundus

657 563 790 605 Septem
814 572 985 604 germanos
1009 572 1073 593 una
1096 562 1252 603 genitrice
1277 564 1402 593 creatos

655 615 792 646 Eleazar
815 614 941 645 seniore
965 613 1018 655 pio
1043 613 1223 655 praebente
1247 612 1409 654 ducatum,

655 667 741 698 Dum
765 666 867 697 vitant
889 666 1007 697 vetitas
1030 675 1143 696 earnes
1166 667 1296 707 gustare
1322 665 1441 705 suillas,

572 733 610 751 415
654 719 719 750 Per
742 719 846 749 varias
869 720 990 749 mortes
1013 718 1102 748 laeta
1125 727 1198 748 cum
1221 719 1325 748 matre
1349 717 1496 759 peremit.

655 771 811 812 Impietas
835 770 941 812 signat
962 769 1114 801 vitiorum
1137 771 1282 800 monstra
1305 769 1446 811 tyranni3

654 822 748 854 Haec
771 822 886 853 mulier
908 822 1034 853 virtutis
1057 821 1158 853 habet
1181 821 1354 852 fortissima
1376 831 1532 862 normam,

657 875 748 911 Quae
772 875 935 917 propriam
958 875 1046 906 loeto
1070 873 1194 905 mavult
1218 873 1410 905 occumbere
1435 874 1559 915 prolem

656 926 760 962 Quam
783 927 839 968 figi
862 936 963 958 coeno
988 928 1021 957 et
1043 935 1216 968 porcorum
1239 925 1350 956 vivere
1373 935 1475 956 more.

572 992 610 1011 4:¹0
653 979 809 1010 Naturale
834 979 898 1010 suis
921 978 1111 1020 figmentum
1134 980 1243 1008 terrea
1266 976 1402 1019 quaerit,

654 1030 716 1062 Ast
738 1031 835 1062 homo
860 1030 1028 1061 subrectos
1052 1029 1095 1060 ad
1118 1029 1244 1060 caelum
1269 1031 1377 1070 gestat
1402 1028 1542 1065 oeellos;

656 1083 744 1125 Ergo
767 1083 822 1114 illo
847 1082 943 1114 decet
965 1084 1001 1113 ut
1024 1081 1148 1121 tendat,
1173 1091 1236 1123 quo
1261 1079 1408 1111 conditus
1432 1082 1532 1111 extat.

699 1143 791 1175 XIX.
815 1143 1010 1175 Exclamare
1033 1142 1114 1174 libet
1135 1141 1333 1184 laudumque
1358 1141 1473 1173 efferre
1498 1141 1668 1174 Camenas,

655 1196 771 1228 Inclita
794 1195 963 1235 sobrietas,
987 1194 1129 1238 paradisi
1152 1194 1238 1225 faeta
1261 1194 1449 1234 habitatrix,

572 1262 610 1280 425
655 1248 763 1290 Digna
786 1246 951 1290 pudicitia,
976 1247 1058 1278 caeli
1081 1256 1164 1288 quae
1188 1255 1290 1287 regna
1314 1245 1458 1286 mereris,

659 1299 730 1336 Qua
753 1309 810 1331 vos
832 1298 930 1330 laude
954 1309 1077 1339 canam,
1102 1297 1208 1330 verbis
1233 1297 1348 1339 quibus
1372 1308 1428 1329 ora
1451 1298 1635 1330 resolvam?

656 1351 794 1382 Materie
818 1350 905 1382 fandi
929 1350 1029 1382 series
1053 1349 1249 1392 panegyrica
1272 1349 1426 1390 abundat,

658 1403 760 1445 Copia
783 1402 841 1434 sed
863 1402 970 1444 potior
993 1401 1122 1433 fastidia
1146 1400 1282 1443 grandia
1304 1401 1417 1443 gignit.

657 1455 801 1497 Quisque
825 1465 844 1485 a
866 1453 1022 1496 principio
1046 1453 1149 1495 viguit
1171 1452 1342 1484 laudabilis
1367 1455 1452 1494 actu,

573 1522 612 1540 430
657 1508 721 1539 Per
743 1517 800 1538 vos
824 1505 866 1538 ad
889 1516 1048 1537 summum
1071 1505 1220 1548 pervenit
1244 1505 1372 1537 culmen
1394 1505 1563 1537 honorum.

656 1559 767 1591 Virtus
791 1569 863 1590 eum
886 1558 980 1598 vitiis,
1006 1560 1055 1589 est
1078 1567 1121 1589 ex
1145 1567 1208 1600 quo
1233 1556 1382 1589 conditus
1407 1557 1503 1598 orbis,

655 1611 746 1643 Inter
768 1621 803 1642 se
829 1612 965 1652 egerunt
987 1610 1088 1641 multo
1113 1609 1289 1641 certamine
1313 1619 1446 1651 agones.

657 1663 851 1705 Angelioum
874 1662 1033 1694 scelerata
1056 1661 1209 1704 superbia
1234 1660 1376 1704 perdidit
1399 1671 1532 1704 agmen3

656 1715 785 1747 Primus
807 1713 915 1746 Adam
938 1714 1038 1745 ternis
1062 1713 1178 1745 cecidit
1201 1713 1286 1745 vitiis
1309 1716 1499 1756 superatum

574 1781 611 1800 43⁵
655 1767 932 1808 Protomartyrem
955 1764 1042 1797 Abel
1065 1765 1223 1807 patientia
1246 1767 1357 1796 sancta
1379 1765 1504 1802 beavit;

656 1817 801 1850 Invidiae
826 1817 902 1848 vitio
927 1816 1007 1848 Cain
1030 1816 1223 1848 maledictus
1246 1817 1279 1848 in
1302 1827 1419 1848 aevum

658 1871 687 1903 A
711 1871 794 1902 facie
819 1869 939 1901 domini
961 1869 1118 1912 profugus
1141 1869 1201 1900 fuit
1224 1869 1330 1900 incola
1351 1869 1471 1903 Naith:

657 1922 770 1954 Enoch
794 1932 865 1954 cum
890 1921 1019 1953 domino
1043 1920 1195 1964 gradiens
1219 1921 1393 1953 translatus
1415 1922 1447 1952 in
1472 1921 1566 1954 Eden

656 1975 746 2007 Vivit
768 1974 873 2006 adhuc
896 1974 1003 2005 senior
1024 1984 1131 2016 neque
1155 1973 1250 2005 solvit
1273 1973 1384 2005 debita
1407 1974 1510 2011 loeto;

576 2040 614 2060 440
657 2027 786 2059 Diluvio
811 2026 927 2068 eripuit
949 2025 1035 2057 vitae
1059 2025 1215 2068 perfectio
1238 2025 1327 2062 Noe;

658 2079 738 2111 Fert
758 2074 824 2110 risu
847 2077 1001 2120 genitoris
1023 2077 1076 2109 avi
1097 2076 1272 2109 maledicta
1294 2076 1440 2114 Ganaan3

658 2131 778 2163 Sancta
799 2129 880 2161 fides
902 2133 1030 2172 patrem
1051 2132 1084 2161 te
1108 2129 1186 2161 fecit
1207 2129 1368 2171 gentibus,
1391 2129 1529 2167 Abram;

658 2183 716 2223 Te,
739 2182 836 2223 Loth,
860 2181 991 2224 hospitii
1012 2181 1113 2213 virtus
1136 2181 1273 2213 salvavit
1296 2182 1337 2213 ab
1360 2183 1436 2224 igne

396 2296 447 2323 407
465 2296 538 2323 Psal.
557 2296 635 2327 7,16.
710 2295 762 2321 410
783 2293 839 2326 Ofr.
858 2293 921 2328 Sap.
940 2295 964 2326 2,
977 2293 1018 2320 24.
1094 2293 1233 2320 411-419
1251 2294 1268 2320 2
1283 2293 1353 2321 Mac.
1374 2294 1398 2326 6,
1414 2295 1527 2327 18-31;
1547 2294 1571 2322 7.
1653 2295 1793 2322 420—422
1812 2294 1867 2327 (ffr-
1886 2294 1950 2322 Bou

293 2348 324 2374 in
349 2347 516 2374 Jahrbffiaeher
537 2348 557 2380 f.
580 2348 654 2374 class.
677 2346 826 2381 Philoloqie
851 2345 1031 2380 ,supplement
1053 2345 1135 2372 XXI
1150 2353 1214 2379 μιᾳ,
1235 2345 1285 2372 148
1307 2348 1332 2372 et
1349 2346 1408 2373 240.
1495 2346 1635 2373 431—432
1659 2346 1694 2373 E.
1712 2355 1737 2381 9.
1761 2345 1860 2373 nidor.
1880 2345 1948 2373 Son

293 2402 353 2426 tent.
369 2400 402 2425 ΙΙ
412 2400 444 2426 37
463 2399 567 2433 (Miyne
585 2399 626 2431 83,
639 2399 708 2432 638).
793 2399 844 2424 433
864 2397 907 2424 De
919 2397 1047 2430 Lucifero
1066 2397 1113 2430 cfr.
1130 2397 1217 2424 Prud.
1234 2397 1358 2424 Hamart.
1374 2398 1422 2424 159
1441 2400 1466 2424 et
1480 2397 1601 2425 Aldhdm
1618 2398 1650 2425 de
1661 2401 1716 2425 octo
1732 2397 1806 2425 vitiis
1817 2398 1948 2432 285303141.

293 2451 343 2476 434
364 2451 471 2484 Greyor.
495 2451 593 2477 Hamil.
617 2451 648 2476 in
670 2459 706 2478 ev.
727 2451 746 2476 Ι
757 2451 786 2476 17
805 2450 910 2484 (Miyne
933 2450 974 2481 76,
996 2450 1077 2483 1136),
1096 2449 1230 2483 antiquus
1253 2449 1341 2476 hostis
1365 2450 1462 2476 contra
1485 2449 1607 2484 primum
1631 2450 1772 2476 hominem
1795 2449 1826 2476 in
1858 2449 1948 2477 tribus

295 2502 526 2536 temptationibus
551 2511 580 2529 se
602 2502 702 2534 erexit,
726 2502 793 2536 quia
815 2502 890 2528 hunc
907 2501 1040 2528 videlicet
1061 2501 1141 2536 gula,
1165 2510 1238 2528 vana
1260 2501 1351 2536 gloria
1375 2502 1404 2528 et
1425 2501 1546 2528 avaritia.
1565 2502 1717 2537 temptavit
1734 2523 1758 2529 ..
1777 2501 1826 2528 sed
1845 2501 1948 2536 quibus

296 2553 383 2580 modis
402 2554 521 2588 primum
539 2554 679 2580 hominem
699 2554 807 2585 stravit,
827 2554 929 2580 eisdem
950 2553 1038 2582 modis
1058 2553 1178 2580 secundo
1197 2553 1303 2580 homini
1323 2554 1462 2588 temptato
1481 2553 1637 2580 succubuit.
1719 2553 1772 2580 435
1791 2553 1946 2588 patientia:

295 2614 360 2631 nam
378 2605 440 2632 Abel
456 2606 575 2632 vincitur
593 2615 610 2632 a
631 2606 700 2632 Cain
705 2626 712 2638 ,
737 2605 785 2639 qui
802 2608 881 2640 typus
899 2605 956 2632 irae
974 2607 1018 2632 est.
1105 2605 1156 2631 436
1180 2605 1308 2632 Aldhelm.
1327 2605 1344 2632 l.
1357 2613 1376 2631 c.
1390 2605 1537 2632 276—2'19.
1624 2606 1674 2632 43'1
1697 2605 1764 2632 Gen.
1785 2605 1810 2636 4,
1829 2605 1861 2632 16
1882 2607 1948 2632 ante

297 2656 491 2691 Hieronymum
510 2657 640 2691 leqebatur
659 2659 687 2684 et
705 2657 847 2684 habitavit
865 2657 894 2684 in
913 2659 988 2684 terra
1006 2656 1089 2688 Naid,
1107 2664 1188 2690 quam
1207 2656 1343 2683 lectionem
1358 2656 1428 2684 Milo
1446 2657 1533 2684 nescio
1550 2665 1589 2683 an
1603 2657 1724 2690 petiverit
1745 2664 1778 2683 σω
1789 2656 1950 2692 Hieronymi

296 2708 376 2735 Hebr.
393 2711 493 2741 quaest.
512 2709 542 2734 in
558 2717 615 2742 qen.
634 2709 740 2742 (Miyne
757 2710 798 2741 23,
812 2709 871 2740 945,
890 2709 939 2741 cfr.
959 2708 1083 2735 Sabatier
1101 2708 1139 2734 ad
1160 2708 1226 2735 Gen.
1245 2709 1269 2740 4,
1285 2709 1335 2742 16).
1415 2708 1475 2736 438.
1489 2709 1540 2735 439
1560 2707 1642 2736 Hebr.
1663 2709 1704 2741 ll,
1718 2709 1741 2735 5.
1825 2707 1884 2735 440.
1896 2707 1947 2735 441

297 2759 353 2792 Οἴτη
373 2767 455 2793 supra
473 2768 495 2786 υ.
511 2761 567 2786 174.
654 2760 706 2786 442
728 2760 794 2787 Gen.
815 2761 857 2792 22,
872 2761 911 2787 18.
999 2760 1140 2787 443—444
1161 2760 1218 2793 Cfr.
1236 2768 1321 2794 supra
1339 2769 1364 2787 v.
1378 2760 1436 2787 189.
