2040 2996
240 125 299 155 15ss
803 118 947 146 SEDULII
967 117 1096 144 SCOTTI
1116 116 1284 143 CARMINA
1297 116 1318 143 Ι.

636 214 647 231 5
700 206 817 248 Regna
840 206 886 237 sic
910 204 1022 236 mundi
1046 203 1187 235 trifidum
1211 213 1271 245 per
1294 203 1406 234 orbem

703 258 836 290 Gloriae
861 258 985 289 celsum
1010 256 1155 288 stabilire
1179 255 1309 294 culmen

701 309 865 341 Nesciunt
888 310 1026 351 lapsum,
1052 307 1110 339 sed
1133 307 1256 338 habere
1280 309 1398 338 norunt

891 360 1004 392 Aurea
1028 359 1176 401 Sceptra.

703 429 840 461 Inclitae
865 428 973 471 plebis
996 428 1057 460 fuit
1080 427 1238 459 Israhelis

627 489 651 506 ¹⁰
704 480 872 512 Floridum
897 480 991 522 regni
1014 479 1114 511 decus
1138 478 1336 518 adlevatum,

703 531 841 567 Quando
867 531 1022 564 servabat
1047 533 1258 562 sacrosancta
1281 529 1364 571 legis

895 583 1035 626 Mystica
1058 583 1142 614 iura:

702 653 799 685 Unde
822 653 967 695 pollebat
991 652 1113 684 domini
1136 651 1309 694 triumphis

704 706 814 748 Atque
838 705 986 737 crudeles
1011 704 1188 748 superabat
1210 705 1333 743 hostes,

628 765 651 783 ²⁵
705 758 791 789 Dum
817 768 910 789 suam
932 758 1063 800 plebem
1086 757 1191 800 pietas
1215 756 1358 788 tonantis

898 809 1121 842 Glorificabat.

704 879 831 911 Rursus
854 879 919 911 heu
943 879 1072 921 quantis
1095 878 1254 921 premitur
1277 877 1378 909 ruinis

705 931 860 962 Abrahae
885 934 1033 963 sanctum
1057 931 1198 973 speciale
1219 929 1331 972 patris,

705 982 792 1014 Dum
816 982 954 1015 creatori
978 993 1037 1014 sua
1059 993 1163 1025 prona
1185 981 1320 1024 tempsit

627 1041 652 1060 ⁴20
896 1034 1046 1066 Subdere
1071 1034 1168 1071 colla;

705 1103 779 1135 Una
803 1103 862 1135 sed
885 1106 997 1135 tantae
1021 1102 1182 1134 medicina
1204 1102 1312 1144 gentis

704 1155 774 1187 Iam
799 1155 861 1187 fuit
884 1155 968 1187 votis
990 1156 1134 1197 rogitare
1159 1154 1292 1194 celsum,

706 1208 769 1244 Qui
793 1211 910 1251 potens
934 1208 1041 1253 noscit
1065 1207 1211 1239 stabilire
1234 1217 1337 1249 regna

859 1276 861 1279 ·
894 1261 1036 1304 Perpete
1059 1263 1150 1294 nutu.
1175 1279 1214 1284 —-

628 1337 652 1356 2⁵
706 1330 876 1372 Principes
900 1333 1020 1370 terrac,
1044 1330 1175 1362 domino
1198 1330 1326 1372 potenti

706 1382 804 1413 Ferte
830 1382 1011 1424 gaudentes
1035 1382 1215 1424 thymiama
1237 1381 1322 1418 νοτίς

706 1433 811 1470 Quem
836 1437 981 1466 tremunt
1004 1434 1088 1466 caeli
1111 1443 1267 1477 proceres
1291 1433 1435 1475 superni,

796 1484 797 1487 ’
897 1485 1118 1528 Magnificate.

1049 1608 1090 1630 vx.

712 1649 775 1687 Qui
800 1651 890 1693 cupit
913 1653 1019 1682 rector
1042 1649 1162 1693 probus
1187 1660 1259 1681 esse
1283 1649 1394 1689 iudex,
1443 1652 1445 1655 ’

710 1702 821 1734 Lance
845 1702 899 1744 qui
923 1702 999 1734 iusti
1022 1702 1212 1744 trutinaque
1236 1701 1358 1743 gaudet

711 1754 846 1787 Inhians
868 1754 996 1796 pulchri
1020 1753 1188 1786 terebrare
1212 1753 1294 1794 falsa

894 1806 1040 1848 *Cuspide
1063 1806 1144 1845 veri,

643 1873 669 1900 ἰ’
709 1875 884 1907 Βυτῄίηιιῐη
910 1877 1036 1918 patrem
1061 1874 1149 1906 rutili
1173 1877 1339 1906 creantem

713 1926 798 1958 Solis
822 1927 862 1958 ac'
883 1927 980 1971 lunae
1004 1925 1164 1968 nitidique
1189 1926 1289 1958 cosmi

710 1979 839 2019 Poscat,
860 1982 896 2010 ut
920 1979 1024 2010 sensis
1047 1978 1151 2010 niteat
1174 1978 1316 2010 coruscis

891 2031 986 2063 Luce
1012 2031 1167 2074 sophiae;
1341 2029 1343 2031 ’

2030 1893 2040 2066 ..αι-,3.ΛΑ»
2030 1832 2040 1880 -’;-ι
2038 1812 2040 1814 ,
2036 1783 2040 1787 .

711 2099 796 2131 Vota
820 2102 999 2141 cognoscat
1023 2098 1208 2131 salemonis
1233 2099 1340 2140 aequi,

630 2159 654 2178 ¹0
713 2151 805 2188 Quae
829 2152 1021 2183 volaverunt
1044 2151 1151 2183 subito
1175 2161 1234 2194 per
1257 2154 1382 2182 aetram

711 2204 760 2235 Ac
783 2198 1000 2246 penetrarunt
1023 2203 1147 2242 domini
1171 2202 1308 2235 sabaoth

895 2255 1007 2287 Aurea
1029 2258 1127 2287 tecta.

711 2324 788 2367 Ipse
813 2324 963 2367 percepit
986 2323 1168 2356 docilemne
1192 2334 1325 2355 sensum

710 2376 822 2408 Mente
845 2376 1023 2408 lustratus?
1049 2376 1222 2418 sapiensne
1246 2375 1352 2407 factus

635 2436 658 2454 1⁵
716 2428 856 2471 Insuper
878 2428 970 2470 regni
993 2428 1142 2460 columen
1165 2428 1326 2470 gubernat

898 2479 1013 2512 Gentis
1036 2479 1235 2512 Hebraeae?

347 2595 379 2621 12
398 2597 495 2624 mistica
513 2606 610 2630 semper
624 2597 649 2622 P
734 2597 767 2623 14
785 2602 889 2631 superat
901 2598 926 2623 P
943 2606 1010 2623 corr.
1030 2597 1118 2623 Maius
1205 2597 1238 2623 2ss
1257 2598 1371 2624 timiama
1384 2597 1409 2622 P
1529 2596 1584 2631 [vm]
1603 2597 1619 2623 G
1637 2598 1775 2630 nitidisque
1788 2598 1814 2623 P
1829 2606 1899 2624 corr.

243 2639 331 2663 Maius
418 2639 451 2664 13
469 2640 603 2665 docibilem
621 2649 653 2665 ne
666 2640 691 2665 P
707 2641 866 2674 docilemque
885 2641 973 2666 Maius
1062 2640 1093 2666 16
1113 2641 1188 2666 ebree
1201 2641 1226 2665 P

348 2710 394 2744 [v.]
413 2711 447 2736 20
466 2711 540 2738 Fon-t.
560 2711 615 2744 III,
634 2712 676 2743 30,
696 2712 711 2737 7
730 2712 853 2739 Subdere
877 2713 949 2740 colla
972 2712 1063 2744 decet,
1089 2712 1156 2745 quia.
1180 2713 1245 2738 suut
1270 2712 1338 2746 iuga
1363 2712 1457 2739 dulcia
1479 2712 1590 2739 Christi.
1713 2712 1770 2747 [vn]
1790 2713 1825 2742 12
1841 2720 1862 2738 e.
1873 2719 1898 2746 9.

243 2762 312 2788 Aen.
332 2762 378 2795 VI,
392 2763 408 2788 3
427 2770 511 2788 aurea
529 2763 613 2788 tecta.

1871 2814 1894 2843 ⁴:
