2040 2996
262 89 321 118 174
823 86 966 113 SEDULII
985 86 1113 114 SCOTTI
1132 86 1300 113 CARMINA
1318 87 1353 114 Π.

623 173 694 205 Nec
717 184 782 206 non
805 184 966 205 consensu
989 173 1100 216 populi
1123 173 1299 215 magnique
1325 175 1458 205 senatus

671 225 724 256 Ad
747 225 808 257 hoc
834 226 965 267 eligitur
988 225 1106 257 nobilis
1130 224 1339 266 Hartgarius.

542 283 565 301 ‘'›
623 277 758 309 Inclitus
781 277 833 309 hic
857 278 985 320 generis
1009 277 1137 309 florenti
1161 280 1332 310 stemmate
1356 278 1471 320 fulget,

671 328 813 361 Pulcher
836 329 889 360 hic
912 329 1055 371 ingenio,
1078 329 1216 371 pulcher
1239 332 1272 361 et
1296 329 1435 371 eloquio.

622 379 696 412 Hoc
720 381 829 412 visum
847 381 975 423 patriae
999 391 1138 423 magnae
1163 380 1350 423 synodoque
1374 381 1492 412 beatae

669 432 800 464 Mittere
823 435 889 464 tam
913 433 1037 464 clarum
1060 433 1246 475 pontificale
1271 432 1385 464 decus:

622 483 675 515 Ad
697 484 831 516 Petrum
854 485 1004 527 primum,
1030 485 1106 527 quia
1128 484 1252 527 primus
1276 486 1390 527 pastor
1414 483 1553 515 habetur

540 543 564 561 ⁶⁰
671 535 833 568 Caelestis
858 536 1010 576 Sohmae,
1035 536 1178 578 claviger
1201 539 1299 579 atque
1323 538 1450 579 potone,

621 587 709 620 Hinc
732 598 890 620 renovare
913 591 985 620 tuas
1009 599 1061 620 res
1084 589 1220 631 amplas,
1244 587 1355 619 inclita
1377 587 1482 619 Roma
1506 605 1546 610 —-

667 639 797 682 Regum
821 640 928 672 Roma
950 651 1069 683 parens
1093 640 1362 682 Ausonidumque
1386 639 1497 676 decus,

621 692 688 725 Sed
711 692 806 724 modo
829 692 1044 735 Francigenis
1069 692 1213 724 trifidum
1235 692 1362 724 famosa
1385 702 1445 734 per
1468 691 1580 723 orbem

667 744 765 776 Veris
789 743 995 790 Christicolis
1020 744 1284 786 Caesaribusque
1309 743 1382 786 piis.

538 804 562 822 6⁵
621 797 687 829 Nos
710 797 774 829 iter
796 798 966 840 arripimus
990 797 1129 829 brumali
1151 800 1299 839 tempore
1323 805 1440 827 canum

668 849 732 881 Per
754 850 868 882 niveos
894 860 1037 892 campos,
1061 860 1120 892 per
1143 849 1331 891 vitreasque
1355 849 1440 885 vias;

622 901 688 933 Sed
711 900 775 933 fide
799 901 941 944 pastoris
967 901 1067 933 veluti
1090 901 1220 933 fervore
1245 901 1367 943 sinapis

668 953 804 995 Frigora
826 954 1004 985 mitescunt
1028 955 1062 985 et
1086 952 1234 994 glacialis
1258 952 1395 994 hiemps,

619 1004 736 1037 Astitit
761 1005 819 1047 (et)
845 1005 995 1047 quotiens
1017 1015 1117 1047 supra
1140 1014 1198 1036 nos
1223 1004 1374 1036 caerulus
1397 1004 1513 1042 imber,

538 1063 562 1081 ⁷⁰
666 1056 796 1099 Eloquii
820 1057 898 1088 rivis
922 1057 993 1099 ipse
1017 1056 1151 1088 levabat
1174 1066 1288 1098 aquas.

620 1108 742 1141 Credo:
768 1109 871 1151 patris
895 1108 1000 1140 nubes
1023 1111 1102 1139 tunc
1126 1107 1359 1150 suspendentis
1383 1117 1524 1149 aquosas

665 1160 769 1192 Filius
793 1163 829 1192 ut
852 1160 960 1192 celsus
984 1159 1259 1191 Bartholomaeus
1283 1162 1363 1192 erat.

618 1211 768 1248 Quadam
790 1211 876 1244 forte
900 1211 952 1243 die
977 1221 1051 1243 cum
1073 1214 1185 1243 vestra
1208 1213 1360 1253 poemata
1382 1210 1472 1253 legit,
1526 1231 1532 1236 «

665 1263 824 1305 Alloquor
847 1263 1006 1295 eximium
1029 1264 1075 1295 sic
1099 1266 1256 1295 venerata
1278 1263 1399 1294 virum:

535 1321 559 1340 ⁷⁵
619 1314 691 1346 “En
716 1325 777 1357 ego
802 1314 927 1347 Sedulii
951 1325 1022 1346 sum
1045 1315 1148 1347 vestri
1169 1314 1297 1346 Musica
1320 1314 1473 1354 coniunx,

665 1367 791 1409 Cignea
815 1366 967 1410 Calliope
990 1377 1048 1399 vos
1073 1377 1202 1408 sequor,
1226 1366 1312 1398 alme
1335 1369 1438 1409 pater.

617 1419 770 1462 Europae
795 1419 948 1462 quoniam
971 1419 1087 1451 nimias
1111 1422 1336 1451 transcurrere
1358 1420 1463 1450 metas

665 1471 845 1504 Gressibus
870 1472 1001 1514 exiguis
1023 1472 1093 1514 ipse
1117 1471 1265 1513 sophista
1287 1470 1412 1512 nequit,

616 1524 776 1556 Venimus
800 1523 927 1567 Orphei
950 1534 1009 1556 nos
1033 1524 1133 1555 vestri
1157 1524 1205 1555 sic
1228 1523 1300 1555 vice
1323 1523 1420 1563 furvi,

533 1583 558 1602 80
663 1576 727 1608 Pro
751 1576 844 1608 vobis
868 1576 1012 1618 triplicat
1035 1575 1191 1618 psalliger
1214 1575 1284 1617 ipse
1308 1585 1434 1617 preces.

619 1628 718 1671 Isque
742 1627 830 1660 domi
853 1627 1001 1660 residens
1025 1630 1188 1659 scrutatur
1210 1626 1319 1659 sidera
1343 1626 1436 1665 caeli,

663 1680 813 1712 Laurens
837 1680 873 1712 fit
895 1680 1014 1720 subito,
1038 1679 1220 1712 Graeculus
1244 1682 1343 1722 atque
1367 1679 1500 1721 sophus,

617 1732 764 1765 Ventoso
788 1733 896 1765 sonitu
919 1733 1039 1764 formas
1062 1743 1097 1765 se
1122 1732 1220 1764 vertit
1242 1732 1276 1763 in
1300 1742 1424 1772 omnes,

663 1785 862 1817 Dulcisonas
887 1785 998 1817 Musas
1022 1795 1082 1816 nos
1105 1784 1296 1827 pepulitque
1320 1782 1439 1815 foras.”

533 1843 557 1863 85
616 1835 710 1870 Haec
734 1836 811 1869 dum
834 1847 1061 1880 prosequerer,
1083 1839 1153 1868 tum
1177 1836 1295 1869 riserat
1318 1837 1375 1868 ille
1398 1837 1516 1868 beatus

661 1889 785 1921 Oscula
808 1889 890 1921 dans
913 1889 1004 1932 pacis
1030 1886 1193 1920 “Nostra’‘
1218 1889 1264 1920 ait
1287 1889 1381 1920 “esto
1406 1899 1527 1920 comes.

613 1941 737 1984 Accipe
761 1940 959 1983 condignum
981 1951 1099 1973 munus
1123 1940 1183 1972 tibi
1206 1941 1282 1981 tale,
1307 1940 1462 1980 Camena,

662 1993 795 2036 Orpheo
819 1994 921 2036 lyrico
946 1993 1032 2035 quod
1056 1993 1134 2025 dare
1158 1992 1337 2035 disposui.’⁷

614 2045 771 2088 Tuncque
795 2056 868 2078 meo
893 2046 992 2088 capiti
1015 2045 1115 2077 donat
1137 2045 1290 2077 diadema
1313 2049 1486 2078 venustum

531 2104 556 2124 90
661 2097 910 2140 Margaritatum
936 2108 1108 2140 syrmaque
1131 2097 1312 2130 mirificum.

614 2149 682 2182 Nos
706 2149 840 2182 tandem
862 2149 943 2182 laeti
966 2149 1167 2182 Laurentum
1192 2149 1354 2182 cernimus
1379 2160 1473 2181 arces

660 2201 851 2233 Praeclaras
877 2201 976 2233 urbes
1000 2212 1038 2233 ac
1061 2201 1169 2233 varias
1194 2201 1332 2243 species,

613 2253 774 2296 Egregios
798 2253 948 2296 populos,
972 2263 1052 2295 quos
1068 2253 1195 2287 *educat
1218 2253 1304 2284 Itala
1327 2253 1437 2293 tellus,

661 2305 850 2347 Florigeros
874 2315 970 2347 agros
994 2308 1175 2347 cunctaque
1200 2305 1298 2347 plena
1320 2304 1426 2336 bonis.

351 2417 384 2444 57
403 2419 475 2444 beate
487 2419 509 2444 0
593 2417 696 2444 59-62
718 2419 746 2444 in
764 2419 888 2444 schedula
906 2419 1021 2451 quadam
1039 2419 1122 2444 additi
1140 2422 1199 2444 sum
1217 2427 1234 2443 a
1252 2418 1326 2444 totius
1344 2418 1437 2443 codicis
1455 2418 1606 2444 correctorie
1623 2427 1704 2444 mana
1722 2418 1837 2451 aequali,
1859 2418 1906 2443 secl

247 2471 264 2487 a
283 2462 310 2487 6⁰
333 2462 435 2487 diversa
531 2461 566 2487 60
592 2462 681 2488 solime
709 2462 833 2487 schedula
895 2463 978 2495 adque
1001 2471 1067 2487 corr.
1092 2462 1216 2487 schedula
1310 2460 1344 2486 69
1366 2460 1470 2487 *Astitit
1492 2460 1527 2494 et]
1551 2462 1641 2487 Affefit
1659 2462 1682 2487 C
1739 2462 1862 2494 quociens
1883 2461 1906 2487 C'

246 2505 349 2530 cerulus
364 2506 386 2531 (Ι
469 2504 503 2530 88
521 2505 592 2531 lirico
607 2505 630 2530 0
713 2504 747 2530 93
765 2506 802 2531 ita
822 2506 924 2531 letellus
938 2505 960 2531 0
975 2514 1042 2531 corr.
1065 2505 1158 2530 Groue

351 2582 383 2608 61
403 2581 471 2607 Aen.
490 2581 536 2615 VI,
555 2581 603 2607 781
625 2581 732 2608 incluta
751 2581 847 2608 Roma.
936 2581 970 2608 62
988 2580 1140 2610 Ausonides
1158 2580 1233 2614 apud
1246 2580 1415 2614 Veryil.leqit.
1503 2581 1538 2608 63
1557 2581 1649 2608 Sedwl.
1662 2581 1684 2607 Ι
1699 2590 1712 2609 1
1729 2589 1751 2608 2¹
1762 2589 1825 2616 paq.
1846 2581 1903 2608 154„

246 2633 280 2658 65
301 2632 377 2659 Fon.
396 2633 427 2659 V.
442 2633 482 2659 M.
496 2633 519 2666 I,
537 2633 589 2659 235
607 2633 674 2660 Post
692 2633 746 2660 iter
759 2633 904 2668 arripiens.
941 2633 1001 2659 Am.
1015 2632 1071 2666 ΙΙΙ,
1083 2633 1108 2664 6,
1121 2633 1154 2658 95
1171 2632 1291 2659 brumali
1304 2633 1430 2667 tempore
1445 2641 1549 2660 cursus.
1627 2634 1662 2659 66
1675 2644 1707 2655 =
1719 2641 1805 2666 supra
1817 2632 1848 2666 V,
1862 2633 1902 2659 18.

245 2684 279 2710 69
298 2684 364 2710 Aen.
384 2684 445 2717 III,
466 2684 516 2710 194
534 2684 592 2718 (cfr.
612 2684 642 2718 V,
666 2685 709 2718 10)
735 2685 807 2712 Tum
832 2685 902 2711 mihi
926 2684 1068 2711 caeruleus
1086 2693 1170 2718 supra.
1190 2686 1276 2718 caput
1293 2684 1386 2711 astitit
1404 2685 1501 2712 imber.
1590 2685 1621 2711 71
1641 2685 1710 2711 Aen.
1735 2684 1823 2718 Vm,
1849 2684 1903 2711 429

244 2736 326 2763 nubis
345 2744 474 2769 aquosae.
563 2737 595 2763 81
614 2745 634 2763 e.
650 2745 674 2771 y.
695 2737 740 2764 Ge.
760 2737 813 2771 IV,
833 2739 867 2764 58
885 2737 976 2764 sidera
990 2733 1073 2763 caeli.
1162 2737 1196 2763 90
1214 2738 1399 2772 Margaritato
1417 2737 1454 2763 sic
1471 2737 1545 2771 apud
1563 2737 1640 2764 Fort.
1656 2736 1737 2770 VIIL
1752 2737 1778 2770 3,
1790 2737 1850 2764 266.
