2060 3074
230 225 291 254 564

542 1095 566 1113 1⁰

543 1354 566 1373 15

544 1873 570 1892 25

544 2132 569 2151 30

545 2392 570 2410 35

886 219 1038 246 MILONIS
1056 218 1232 246 CARMINA.

1055 554 1096 576 ΙΙΙ.

612 614 720 654 Salve,
743 616 851 646 rector
874 623 984 653 ovans,
1008 615 1142 644 aeterno
1166 622 1300 644 munere
1323 612 1434 644 fretus.

612 666 724 698 Aurea
743 668 852 697 vestra
875 665 994 697 decens
1017 665 1107 696 tenui
1130 667 1296 706 pangente
1320 664 1415 696 Talia

612 718 740 749 Limina
762 718 891 760 pulsare
916 720 949 749 et
971 716 1100 748 radians
1124 726 1216 748 orare
1242 716 1382 748 tribunal

612 770 743 802 Viribus
767 770 893 811 exiguis
916 768 1040 800 audens
1062 769 1145 800 haec
1167 768 1289 810 pagina
1311 778 1409 799 vorsu

611 822 734 854 Exerto
757 825 919 864 properat,
944 832 962 853 o
986 832 1055 861 rex,
1079 821 1138 853 tibi
1161 821 1316 863 plaudere
1339 820 1453 857 laude;

613 874 726 905 Cursio
750 873 809 905 sed
831 878 906 905 voto
930 873 1087 915 pavitanti
1111 872 1219 904 deficit
1241 873 1272 904 in
1295 873 1393 904 haec:

613 925 747 957 Artatur
769 926 902 957 nimium
926 925 1056 968 proprio
1081 925 1140 957 sub
1167 925 1250 957 calle
1273 924 1423 956 modesta

613 978 700 1009 Rara
724 977 836 1009 videns
859 977 1007 1019 vestigia,
1023 972 1103 1019 'quis
1127 979 1231 1008 artata
1254 979 1384 1008 tenetur

613 1030 705 1069 Vilis,
731 1032 764 1061 et
787 1029 906 1071 exiguo
931 1029 1095 1066 columem
1119 1039 1179 1060 nee
1202 1029 1310 1060 littera
1333 1028 1431 1060 ductu

611 1081 736 1113 Sufficit
758 1081 824 1112 ulla
847 1091 973 1112 sacrum
997 1081 1102 1113 metiri
1126 1091 1245 1112 nomen
1269 1081 1387 1112 amoris

613 1133 680 1165 Aut
702 1134 771 1165 laus
795 1136 866 1165 arta
889 1134 976 1165 valet
999 1133 1102 1165 vivaci
1127 1132 1258 1165 cludere
1282 1133 1402 1174 lingua.

613 1185 706 1217 Mitto
730 1188 839 1216 tamen
862 1184 956 1217 ludos
980 1188 1013 1217 et
1037 1184 1132 1216 sudat
1155 1185 1276 1227 pagina
1299 1184 1464 1217 rithmum.

615 1237 703 1269 Orbe
726 1237 845 1268 rubens
868 1236 976 1269 medio
1001 1237 1127 1279 species
1151 1236 1292 1268 candore
1316 1236 1417 1278 polito

613 1288 736 1320 Reddit
759 1289 844 1320 enim
868 1299 947 1331 pure
971 1289 1083 1320 metris
1106 1288 1234 1330 signata
1257 1290 1408 1319 verenter

611 1340 728 1383 Aptius
751 1340 810 1372 has
832 1336 956 1380 landes,
981 1350 1060 1382 quas
1084 1340 1202 1382 promit
1225 1340 1285 1371 rite
1311 1338 1455 1371 Camena

612 1392 681 1424 Etsi
704 1403 779 1423 nam
802 1392 894 1423 multi
916 1395 1049 1423 teneant
1071 1395 1127 1423 tua
1149 1394 1279 1434 sceptra
1302 1394 1423 1433 poetae

614 1444 780 1476 Tollentes
803 1444 896 1475 astris
921 1446 953 1475 et
976 1447 1097 1475 sertum
1120 1443 1257 1475 numinis
1280 1446 1384 1483 orent,

612 1496 737 1538 Excipe
761 1496 939 1527 clementer
961 1495 1127 1535 famulum,
1150 1495 1280 1537 pietatis
1303 1495 1416 1526 amice.

613 1548 783 1590 Respicias
805 1548 876 1579 istic
899 1547 1036 1589 patienti
1059 1546 1156 1579 corde
1179 1546 1320 1578 libenter

612 1599 706 1631 Nodo
729 1599 897 1642 multiplici
919 1599 1091 1641 perlatum,
1116 1609 1248 1641 quaeso,
1271 1599 1415 1640 ligamen

614 1651 819 1683 Ardenterve
842 1652 944 1693 legas⁷
969 1662 1043 1693 quo,
1067 1661 1127 1693 per
1150 1654 1205 1682 tua
1227 1650 1340 1682 ludere
1364 1653 1458 1692 gesta

613 1704 744 1735 Laurea
767 1703 843 1735 dum
865 1703 994 1744 vellem,
1019 1703 1157 1745 eonpegi
1180 1713 1324 1743 munera,
1349 1713 1431 1745 quae
1456 1703 1508 1734 vel

615 1755 693 1787 Alta
715 1758 831 1798 petunt
852 1755 950 1786 radiis
974 1754 1093 1787 divexo
1118 1755 1199 1786 calle
1222 1765 1373 1797 repressa

615 1808 679 1839 Vel
702 1807 828 1839 decliva
850 1809 946 1838 ruunt
970 1810 1003 1838 et
1025 1807 1163 1849 plurima
1187 1806 1286 1849 digna
1309 1809 1424 1838 notatu

615 1860 805 1902 Depingunt
828 1859 933 1891 vario:
957 1862 1046 1902 peto,
1070 1859 1149 1891 lucri
1171 1869 1286 1891 munus
1309 1862 1345 1890 ut
1367 1859 1453 1890 istud

614 1912 767 1954 Excipias
790 1910 910 1954 placidi
933 1914 1039 1943 terrae
1062 1911 1127 1943 iam
1150 1914 1244 1943 notus
1267 1911 1300 1943 in
1324 1911 1414 1951 orbe,

615 1963 761 1995 Cernuus
784 1973 953 1995 excurram
976 1973 1093 2005 parens
1116 1973 1180 2006 quo
1203 1963 1311 1995 mitius
1335 1973 1378 1994 ex
1400 1963 1473 2003 hoc,

615 2016 748 2058 Optima
770 2016 822 2047 vel
844 2016 932 2047 laeto
956 2014 1131 2057 depingam
1154 2025 1289 2046 munera
1311 2015 1445 2057 plectro.

615 2068 690 2099 Rex
712 2068 775 2110 pie,
799 2078 858 2098 rex
882 2067 982 2107 fortis,
1006 2067 1088 2109 legis
1111 2067 1290 2098 rectissime
1313 2067 1407 2107 lator,

613 2120 715 2151 Vates
739 2122 887 2151 ornatum
910 2119 1038 2150 tibimet
1059 2118 1157 2150 modo
1180 2119 1281 2151 fretus
1303 2119 1336 2150 in
1360 2129 1450 2158 ausu,

615 2171 744 2212 Sancte,
768 2174 823 2203 tuo
846 2171 951 2203 laetus
974 2171 1077 2202 cecini
1099 2170 1251 2202 diadema
1274 2170 1396 2211 salutis,

617 2224 753 2255 Conisus
775 2224 875 2255 talem
898 2223 957 2255 tibi
980 2222 1111 2254 laudem
1134 2223 1302 2265 plaudere,
1328 2222 1432 2254 donec

615 2275 668 2307 Ad
692 2276 815 2308 maiora
838 2286 955 2318 queam
978 2278 1166 2307 reverenter
1188 2275 1278 2307 abire
1302 2274 1457 2306 canenda.

615 2327 743 2359 Numen
767 2328 818 2359 avi
842 2330 975 2370 portans
998 2330 1032 2359 et
1054 2327 1185 2359 laudem
1209 2327 1355 2359 culminis
1379 2328 1455 2359 exin

615 2379 724 2419 Salve,
748 2382 855 2411 rector
878 2390 987 2420 ovam,
1011 2382 1146 2411 aeterno
1169 2389 1304 2411 munere
1328 2379 1438 2412 fretus.

340 2507 372 2532 19
390 2509 517 2541 patienter
536 2509 561 2533 B
