2138 3106
331 230 391 260 330
930 227 1097 253 CARMINA
1117 226 1379 253 CENTULENSIA.

1125 355 1195 388 XO.

956 419 1110 455 SVPER
1138 418 1351 455 HOSTIVM
1357 447 1364 454 .

696 493 746 525 Sit
769 505 834 536 pax
859 494 942 525 hanc
966 494 1097 525 famulis
1122 496 1258 524 aeterna
1282 493 1472 535 petentibus
1496 493 1613 526 aedem

695 545 765 577 Nec
789 545 895 577 minus
919 548 952 577 et
975 546 1092 588 pernix
1115 547 1248 576 maneat
1271 544 1484 576 redeuntibus
1510 546 1638 581 exhinc,

696 597 809 639 Sitque
832 597 914 629 fides
939 597 1036 636 socia,
1063 589 1182 628 caritas
1206 596 1394 638 pariterque
1418 596 1544 638 iugata:

695 649 893 680 Acumulata
916 649 969 681 dei
993 649 1103 690 vigeat
1127 648 1260 680 dilectio
1286 648 1413 680 summi.

645 708 656 725 ⁵
692 700 783 742 H<is>
801 700 931 732 adnexa
947 701 1043 732 simul
1067 700 1108 732 sit
1133 711 1217 742 spes,
1241 711 1300 742 per
1317 711 1414 742 quam
1434 711 1571 742 quoque,
1587 700 1726 739 Christe,

698 752 875 794 Sper-amus
900 753 1054 794 requiem,
1078 753 1208 784 fluvium
1234 752 1337 784 vitare
1362 752 1523 783 Letheum

693 804 796 845 Inque
822 807 876 835 tuo
900 803 1031 836 demum
1055 804 1151 844 libro,
1174 804 1316 843 domine,
1341 804 1506 835 adtitulari

695 855 930 898 Angelicisque
954 856 1018 887 frui
1042 856 1179 899 dapibus
1204 866 1277 887 cum
1301 855 1448 898 patribus
1473 856 1577 887 almis.

1114 1106 1203 1138 XCI.

1014 1168 1063 1205 IN
1089 1169 1300 1205 ECLESIA.

695 1245 790 1276 Hanc
815 1255 875 1286 ego
901 1244 1082 1276 Ratbertus
1107 1244 1216 1276 studui
1241 1255 1436 1287 componere
1461 1255 1594 1287 parvam

737 1296 902 1328 Eclesiam
928 1297 1044 1328 summi
1068 1299 1175 1328 tactus
1200 1307 1311 1328 amore
1335 1296 1398 1335 dei,

694 1348 803 1390 Ipsius
829 1352 927 1390 atquc
952 1346 1047 1380 simul
1071 1349 1195 1380 Mariae
1220 1351 1353 1380 sanctae
1379 1348 1558 1390 genitricis,

737 1399 829 1435 Quae
853 1399 990 1430 verbum
1014 1399 1114 1431 verbo
1139 1401 1272 1442 protulit
1295 1400 1461 1442 angelico;

643 1458 654 1476 ⁵
691 1451 790 1483 Cuius
815 1452 938 1483 honore
963 1455 1126 1483 sacratum
1151 1455 1210 1491 est,
1234 1452 1286 1483 hic
1310 1452 1396 1494 quod
1420 1453 1572 1491 cernitur,
1597 1462 1703 1483 omne.

737 1503 777 1534 In
801 1503 962 1542 crucibus,
987 1503 1096 1546 capsis
1120 1503 1330 1546 reliquiisque
1355 1504 1467 1536 sacris.

694 1555 839 1592 Quarum
863 1566 921 1598 pro
944 1556 1069 1587 meritis
1094 1565 1222 1587 merear
1245 1559 1395 1598 spectare
1420 1566 1594 1599 supernum

737 1608 899 1649 Regnum,
925 1617 997 1638 cum
1022 1607 1116 1639 iustis
1140 1618 1215 1639 esse
1239 1608 1375 1639 colonus
1398 1608 1454 1645 ibi,

695 1659 871 1691 anlicolis
896 1658 974 1690 inibi
998 1659 1204 1701 dapibusque
1229 1660 1300 1698 frui,
1325 1659 1406 1692 deus
1431 1660 1526 1698 alme,

633 1720 658 1738 10
736 1712 797 1743 Est
819 1713 876 1744 ubi
899 1713 988 1744 fraus
1013 1713 1111 1752 nulla,
1136 1712 1194 1744 sed
1218 1713 1364 1755 probitas
1388 1713 1495 1746 nivea.

693 1764 767 1796 Hoc
791 1765 988 1806 quicumque
1013 1765 1107 1806 legis,
1132 1765 1246 1803 lector,
1271 1767 1306 1796 tu
1329 1765 1389 1805 dic,
1414 1777 1504 1807 rogo,
1529 1765 1643 1807 bisque

737 1816 972 1858 Euangelistae
997 1827 1085 1849 more
1109 1817 1280 1849 Iohannis:
1305 1816 1444 1849 ‘Amen'.

1102 2068 1211 2101 XCII.

661 2131 725 2166 AD
753 2131 989 2168 KAROLVM
1015 2131 1357 2168 MONACHORVM
1384 2131 1659 2167 LVCERNAM.

696 2206 724 2236 O
748 2206 859 2248 regale
885 2206 996 2246 decus,
1021 2207 1221 2238 Francorum
1246 2217 1322 2249 spes
1346 2217 1593 2249 procerumque.

739 2257 841 2289 Cuius
865 2259 1050 2301 per-clarum
1074 2269 1192 2290 nomen
1215 2259 1247 2290 in
1272 2259 1351 2290 orbe
1376 2258 1466 2297 cluit,

694 2309 822 2342 Nobilis
846 2321 884 2342 ac
908 2311 998 2342 celsa
1022 2311 1114 2342 cuius
1137 2311 1296 2353 processit
1319 2311 1410 2353 origo

738 2361 887 2393 Floribus
911 2362 1068 2394 almorum
1094 2362 1333 2405 candiferisque
1357 2366 1497 2405 patrum.

432 2526 504 2560 [XC]
527 2528 537 2553 1
559 2528 666 2553 famulos
685 2537 751 2553 corr.
771 2527 796 2552 B
900 2529 916 2554 5
934 2528 1075 2554 *Hadnexa
1094 2529 1119 2553 B
1223 2528 1239 2553 6
1258 2528 1341 2554 letheo
1360 2527 1384 2552 Β
1402 2536 1468 2553 corr.
1488 2528 1587 2553 Bethm.

432 2570 517 2603 [X('1.]
538 2571 551 2596 1
570 2570 647 2603 *ergo
666 2571 691 2596 B
794 2572 811 2595 8
829 2572 877 2597 ibit
894 2581 961 2598 corr.
981 2572 1006 2597 B

432 2611 533 2646 [XCII]
552 2615 709 2639 LVCERNA
729 2614 754 2639 B

432 2706 520 2740 [XCI.]
551 2707 686 2733 Carmen
719 2708 887 2735 Rccdbcrti
918 2708 1099 2735 Paschasii.
1242 2709 1273 2735 10
1300 2715 1388 2734 versus
1416 2707 1531 2734 eccum
1564 2707 1645 2734 etiam
1676 2716 1761 2741 supra
1787 2716 1808 2735 c.
1837 2707 1982 2741 XLIV,8.

333 2757 363 2782 12
381 2765 402 2783 c.
419 2766 443 2790 y.
463 2757 519 2784 Ion.
540 2759 562 2791 1,
575 2759 617 2785 51.

432 2808 535 2843 [XCII]
562 2810 720 2837 Karolum
749 2811 879 2837 Calvum
907 2811 1108 2844 alloquitur;
1134 2814 1240 2838 stemma
1270 2811 1341 2838 novit
1367 2819 1399 2837 ex
1427 2810 1674 2838 camuranam-attone
1700 2811 1867 2847 yemaloyiac
1892 2810 1983 2837 donau*

327 2858 426 2885 Karon
445 2860 491 2887 SS.
512 2860 597 2894 XIII,
607 2862 666 2888 245.
754 2864 771 2889 3
788 2864 836 2895 cfr.
855 2871 875 2889 c.
896 2863 1048 2898 XXXIII,
1060 2864 1091 2890 11
1110 2872 1148 2900 sq.

1947 2900 1969 2931 ’ἶ
