2138 3106
586 227 755 254 CARMINA
774 228 960 255 RADBERTI
979 229 1167 256 PASCHASII
1185 229 1231 256 ΕΤ
1250 230 1409 258 MICONIS.
1758 235 1817 266 331

487 322 498 340 ⁵
537 314 670 346 Scilicet
693 315 830 356 Arnulfi,
853 315 977 347 Ferioli
1001 317 1152 359 martyris
1176 317 1252 349 almi

576 366 686 408 Atque
709 367 864 399 Moderiei
887 369 1048 410 praesulis
1073 370 1214 411 egregii:

536 418 596 450 Est
619 419 713 451 nobis
738 419 885 462 (operae)
910 420 1061 462 pretium,
1084 421 1224 459 domineq
1248 422 1324 454 data
1347 434 1410 465 quo
1435 426 1522 455 stent

578 469 648 501 Iam
671 470 743 509 tibi,
766 471 912 513 pacifice,
935 482 1039 514 regna
1061 472 1127 512 diu,
1151 473 1284 514 Karole,

535 520 685 563 Ipsorum
710 522 750 554 ad
774 523 931 565 regimen,
955 523 1107 556 dominus
1131 535 1215 566 quae
1240 527 1340 557 cessit
1362 526 1483 558 habere

474 579 499 598 ¹⁰
577 573 657 604 Post
678 574 836 616 genitoris
859 574 922 606 iter
945 575 1089 607 aetheris
1114 576 1154 608 ad
1177 577 1346 610 fabricam.

536 624 628 661 Quae
653 625 783 667 quidam
807 626 950 658 malefidi
974 627 1161 659 iamdudum
1185 631 1329 661 statuere

578 676 733 717 Demere,
757 678 814 710 sed
839 677 970 710 Christo
993 679 1056 710 hoc
1079 683 1235 722 operante
1260 684 1400 713 manent.

536 728 606 760 Nec
628 729 691 760 fuit
713 729 776 761 hoc
800 730 871 762 sine
894 730 1000 762 Marte
1023 732 1114 773 gravi
1138 732 1372 774 crepitantibus
1395 733 1508 765 armis:

578 779 671 816 Quae
694 781 790 813 modo
813 792 895 824 pace
920 783 1029 823 silent,
1054 786 1087 815 et
1110 783 1170 815 tibi
1195 788 1326 827 sceptra
1348 789 1491 817 manent.

474 839 497 857 ¹b
534 831 577 864 Et
599 836 768 872 maneant,
793 844 942 873 maneas,
966 835 1119 876 quoniam
1143 839 1237 878 pater
1260 847 1296 868 es
1319 837 1562 875 monachorum,

579 884 724 921 Quorum
747 888 835 917 tutor
857 885 936 917 ades
960 897 1100 929 spesque
1125 887 1279 930 salusque
1302 899 1427 920 manes,

535 935 641 972 Quam
663 935 768 968 bonus
793 947 829 969 es
853 936 974 969 Christi
998 938 1103 970 cultor
1125 942 1297 971 venerator
1319 943 1454 976 amator„

578 987 718 1020 Zelator‘
733 991 867 1020 sanctae
892 989 1026 1031 insuper
1049 990 1200 1021 eclesiae.

536 1038 611 1071 stas
636 1039 733 1071 etiam
758 1050 872 1072 sacrae
895 1040 1028 1072 fervens
1051 1041 1084 1073 in
1107 1052 1217 1074 amore
1241 1043 1376 1085 sophiae

474 1096 499 1115 20
577 1091 625 1122 Ac
649 1091 743 1123 simul
768 1091 919 1123 humanis
943 1095 1091 1134 comptus
1115 1093 1146 1125 in
1171 1094 1320 1136 eloquiis.

535 1141 599 1174 His
623 1143 718 1175 nexis
742 1144 880 1186 primum
905 1144 1029 1176 karitas
1053 1145 1116 1176 sibi
1139 1145 1284 1178 vindicat
1307 1147 1339 1178 in
1363 1150 1396 1178 te

579 1193 713 1226 Sessum
736 1195 883 1237 regalem
907 1196 1095 1228 consociata
1118 1196 1193 1230 fide.

535 1245 699 1278 Posthaec
722 1246 867 1278 iustitiae
891 1247 994 1279 virtus
1019 1258 1091 1279 cum
1114 1249 1264 1280 lancibus
1288 1260 1393 1292 aeque

578 1298 744 1341 Appensis
767 1299 866 1331 etiam
892 1299 1022 1339 emicat,
1046 1310 1065 1332 o
1089 1300 1230 1333 domine.

473 1355 497 1374 ’ὦ
533 1349 604 1382 Has
629 1350 795 1393 ingressus
817 1353 904 1383 enim
928 1356 1040 1395 portas
1067 1353 1238 1386 redimitus
1261 1355 1293 1386 in
1317 1354 1384 1386 alto

577 1401 727 1435 Culmine
751 1407 818 1435 stas
842 1404 932 1446 regni
956 1407 1056 1445 tutus,
1080 1405 1121 1437 ab
1146 1405 1261 1448 hisque
1284 1407 1409 1449 vigens.

535 1452 691 1486 Germine
714 1465 855 1497 namque
878 1458 935 1487 tuo
959 1456 1017 1488 tali
1040 1461 1227 1490 mereantur
1249 1458 1364 1490 adesse

577 1505 689 1548 Reges
712 1506 927 1550 Francigeno,
951 1507 1013 1540 hoc
1037 1509 1189 1551 petimus,
1214 1511 1346 1554 populo,

535 1556 598 1594 Qui
620 1568 728 1591 mores
752 1559 864 1602 patris,
887 1560 1011 1603 pariter
1034 1561 1178 1594 referant
1201 1565 1235 1594 et
1257 1573 1389 1594 avorum

471 1616 498 1635 ³⁰
574 1610 619 1642 Et
641 1611 774 1644 valeant
796 1614 912 1654 gentes
937 1615 1084 1645 sternere
1108 1613 1167 1645 sub
1191 1613 1339 1656 pedibus.
1392 1626 1394 1628 ’

534 1661 682 1698 Quorum
704 1663 794 1695 facta
818 1663 904 1696 bona
928 1664 1093 1697 volitando
1118 1665 1206 1697 fama
1229 1666 1385 1703 recludat,

577 1713 621 1746 Et
642 1718 795 1747 maneant
818 1715 882 1747 illis
906 1719 1036 1758 sceptra
1059 1727 1176 1749 serena
1199 1718 1312 1760 patris.

535 1765 661 1798 Muniat
683 1767 808 1800 interea
831 1768 886 1810 pia
910 1771 953 1808 te,
978 1778 1046 1807 rex,
1072 1768 1211 1801 dextera
1236 1768 1357 1801 Christi

577 1817 653 1850 Una
675 1829 748 1851 cum
772 1819 859 1852 claro
883 1820 1090 1862 conubioque
1114 1824 1182 1861 tuo,

472 1876 496 1895 ³⁵
534 1869 616 1902 Cum
639 1871 724 1903 natis
748 1872 871 1914 pariter
894 1882 955 1904 nec
980 1882 1045 1904 non
1069 1883 1142 1904 cum
1164 1873 1324 1915 sanguine
1347 1873 1482 1915 pulchro

578 1922 735 1965 Coniugis
759 1923 874 1964 effuso,
897 1934 966 1963 rex,
991 1924 1159 1967 lateraque
1183 1928 1252 1962 tuo3

535 1974 616 2006 Post
638 1974 722 2006 hanc
746 1978 780 2007 et
802 1975 903 2007 vitam
927 1975 1026 2007 faciat
1049 1986 1130 2018 quos
1155 1976 1315 2008 scandere
1340 1977 1423 2008 caeli

579 2025 746 2058 Stellantis
769 2027 904 2065 celsum,
927 2037 1036 2070 poscO‚
1062 2038 1161 2070 super
1185 2027 1312 2060 soliiiin.

533 2077 606 2109 Hoc
629 2078 726 2110 etiam
750 2078 852 2111 nostri
876 2079 970 2121 pueri
993 2079 1195 2121 iuvenesque
1220 2089 1383 2122 senesque

471 2136 497 2154 ⁴⁰
575 2129 734 2170 Exorant,
758 2130 899 2171 domine,
924 2134 1018 2164 nocte
1043 2132 1204 2174 simulque
1227 2132 1291 2165 die.

533 2181 700 2225 Percipiat
722 2192 819 2214 voces
842 2182 959 2215 horum
983 2183 1104 2215 humile
1128 2184 1312 2226 rogitando,

576 2232 696 2266 Omnia
718 2234 773 2276 qui
798 2238 934 2277 spectat,
958 2234 1111 2278 quicquid
1135 2236 1167 2267 in
1191 2235 1270 2268 orbe
1293 2236 1375 2268 latet

534 2284 598 2317 Vel
622 2285 775 2328 quicquid
798 2285 965 2318 hominum
989 2289 1140 2318 versatur
1162 2286 1268 2318 cordis
1291 2287 1324 2319 in
1347 2290 1450 2326 antro,

580 2330 706 2370 Sternit
728 2337 849 2380 quique
872 2337 974 2377 leves,
999 2338 1096 2380 erigit
1117 2341 1216 2380 atque
1240 2338 1389 2371 humiles.

472 2397 498 2415 ⁴⁵
534 2388 597 2425 Qui
620 2389 754 2431 regique
778 2389 856 2421 facit
878 2390 1056 2431 genuinum
1082 2401 1210 2422 sumere
1235 2400 1384 2432 regnum:

577 2440 652 2480 Hic,
676 2451 745 2481 rex,
769 2444 802 2472 et
825 2452 927 2484 regna
950 2441 1005 2473 det
1029 2442 1087 2473 tibi
1111 2445 1281 2484 perpetua.

275 2606 289 2632 7
308 2606 416 2640 *operae
434 2615 483 2631 om.
502 2606 539 2632 B:
562 2607 611 2638 cfr.
631 2606 677 2637 (Ἰ,
690 2606 722 2631 19
840 2606 872 2631 13
890 2611 969 2632 marta
988 2606 1012 2631 B
1030 2615 1096 2632 corr.
1116 2606 1214 2631 Bemm.
1327 2604 1361 2631 22
1379 2605 1479 2638 *rogale
1497 2605 1522 2630 B
1634 2605 1667 2632 24
1685 2615 1700 2631 o
1718 2607 1817 2633 domiue

170 2651 197 2676 in
215 2651 233 2676 l.
250 2659 274 2675 r.
293 2649 318 2674 B
437 2649 472 2675 33
494 2650 536 2683 pia
554 2654 579 2675 tc
601 2658 646 2675 rex
671 2650 696 2674 in
717 2649 734 2674 l.
752 2658 775 2674 r.
795 2649 819 2674 B
939 2648 973 2674 313
996 2649 1070 2675 *tuae
1089 2649 1126 2674 B.-
1149 2650 1198 2680 cfr.
1220 2648 1319 2680 01⁷,2s5
1423 2647 1457 2673 42
1479 2649 1559 2674 latent
1578 2649 1602 2674 R
1625 2658 1691 2675 corr.
1719 2650 1815 2675 Bethm,

169 2692 204 2718 43
221 2692 312 2718 *antra
330 2693 356 2718 Β
457 2691 492 2718 44
510 2693 621 2725 quicque
639 2692 664 2717 Β

273 2794 290 2819 5
308 2793 431 2820 Feriolus
445 2802 536 2828 paesm
554 2794 648 2820 terum
663 2796 695 2820 ut
713 2794 743 2820 in
762 2793 886 2820 Carmine
904 2794 936 2821 de
952 2793 1059 2820 exordio
1079 2792 1179 2819 Frnrw.
1193 2794 1226 2819 5⁴3
1239 2795 1267 2827 (t.
1281 2794 1319 2826 II,
1335 2794 1400 2827 143).
1471 2793 1505 2819 43
1516 2794 1565 2826 cfr.
1583 2802 1604 2820 c.
1618 2794 1766 2828 LXXIX,
1777 2796 1818 2823 15.

1560 2841 1608 2868 42*
