2060 3074
500 160 588 187 VITA
607 160 634 187 S.
646 161 799 187 AMANDI.
827 160 977 188 MILONIS
997 161 1221 194 HAIMINIQUE
1239 162 1447 190 EPISTULAE.
1737 167 1798 196 567

153 249 299 288 obsecro,
321 250 357 279 ut
379 248 479 279 satius
502 248 603 280 velint
624 247 666 278 ad
690 248 794 279 simile
817 247 957 279 studium
980 249 1149 291 provocari
1173 259 1269 291 quam
1285 249 1426 281 invidiae
1449 249 1573 281 facibus
1590 251 1798 282 concremari.

152 300 307 332 Novimus
329 299 488 342 siquidem
509 309 638 342 semper
653 300 739 331 cives
763 300 884 331 civibus
907 300 1052 332 invidere
1075 304 1109 332 et
1125 301 1300 332 secundum
1317 301 1485 333 salvatoris
1501 301 1621 333 dictum
1637 303 1799 334 neminem

153 352 365 395 prophetam,
395 351 463 383 sive
492 355 528 383 ut
558 354 593 382 tu
615 351 728 383 solitus
750 362 785 383 es
809 351 917 383 dicere
945 353 1067 384 nullum
1090 356 1236 395 poetam,
1260 356 1430 395 acceptum
1454 363 1525 384 esse
1547 353 1579 385 in
1602 354 1708 396 patria
1731 364 1798 386 sua.

154 404 221 436 Sed
244 404 318 446 quia
341 403 510 446 parvulum
534 402 651 434 occidit
673 402 807 442 invidia,
830 403 934 434 minor
957 414 1029 435 esse
1053 405 1272 446 cognoscitur,
1295 405 1349 447 qui
1372 404 1514 446 invidet,
1539 416 1635 447 quam
1659 406 1724 447 ille,
1748 406 1799 437 cui

104 466 116 484 ε.
151 455 322 490 invidetur.
378 454 508 497 Papae!
542 455 641 486 miror
675 455 844 496 opiparum
874 455 1013 486 valuisse
1048 455 1199 487 divitibus
1233 466 1431 498 praeparare
1467 457 1663 498 convivium,
1702 468 1798 500 quem

150 506 305 548 putabam
328 506 383 538 vix
409 516 504 548 posse
534 506 730 548 pauperibus
762 506 919 538 exhibere
941 507 994 538 vel
1023 510 1162 549 gustum.
1207 507 1309 539 Plane
1338 508 1549 540 amantissimi
1571 508 1712 541 Amandi
1736 520 1798 551 ego

124 590 128 592 ,
151 557 281 600 quidem
304 557 338 598 id
360 557 482 590 meritis
505 558 629 599 inputo,
653 556 694 588 de
718 557 808 589 euius
830 558 1012 600 praeconiis
1036 559 1183 590 exultare
1206 569 1244 590 ac
1268 559 1430 591 Christum
1453 560 1587 592 laudare
1609 571 1674 592 non
1697 571 1798 592 cesso.

149 609 208 641 Est
230 609 328 652 igitur
350 609 513 652 eloquium
528 619 626 640 suave
651 612 684 640 et
703 618 834 640 carmen
850 609 971 640 salibus
994 609 1103 646 dulce;
1127 610 1192 642 leni
1208 611 1301 653 lapsu
1325 614 1358 642 et
1379 612 1477 654 plano
1494 622 1642 644 sermone
1660 612 1800 644 decurrit

151 661 264 693 oratio.
309 661 394 698 Quid
423 661 580 704 amplius?
625 660 744 692 Dicant
773 663 807 692 et
836 661 979 693 iudicent
1005 661 1148 702 sodales,
1183 665 1219 693 ut
1245 663 1360 700 velint;
1396 673 1458 705 ego
1489 667 1596 696 autem
1626 664 1799 696 archanum

92 723 118 742 ιο
153 712 258 745 cordis
280 714 344 744 mei
367 713 548 755 promulgo,
573 712 649 754 quia
670 712 846 754 praeconia
869 713 951 744 tanti
973 714 1084 755 patris,
1107 714 1151 745 mi
1174 713 1303 754 dilecte,
1329 715 1407 746 satis
1430 715 1624 758 abundeque
1648 718 1703 747 tuo
1728 726 1797 747 car-

149 765 234 797 mine
255 764 429 797 illustrasti.
473 764 549 796 Noli
570 767 694 804 tamen,
726 764 877 805 obsecro,
901 765 943 796 ab
965 765 1116 808 incoepto
1145 765 1319 803 desistere;
1348 766 1414 797 noli
1443 766 1588 799 desidiae
1619 770 1676 798 aut
1705 768 1799 799 inerti

149 818 215 849 otio
238 817 462 853 succumbere;
485 816 552 847 noli
574 816 722 858 gratiam,
745 826 830 858 quae
853 816 912 848 tibi
936 816 1073 856 adiacet,
1096 817 1280 859 negligere;
1304 817 1372 858 sed,
1397 817 1472 850 dum
1488 822 1592 859 vacat,
1615 811 1744 861 semper
1766 822 1799 850 tc

148 868 242 900 bonis
265 868 377 900 studiis
400 878 528 900 exerce.
572 867 615 899 Et
636 868 717 908 noli,
745 867 832 910 quod
855 868 954 910 gratis
976 869 1144 911 accepisti,
1175 869 1245 900 aliis
1268 868 1449 911 denegare;
1482 870 1547 901 noli
1570 871 1656 902 solus
1679 871 1798 902 bonum

149 930 317 952 commune
339 919 506 962 possidere
529 919 623 951 velle.
662 919 756 951 Haeo
778 919 848 951 sola
870 920 1007 962 pecunia
1030 923 1094 960 est,
1119 930 1202 962 quae
1225 921 1314 952 novit
1338 922 1538 963 expensione
1563 922 1694 963 auger13
1718 922 1799 953 haee

91 984 115 1003 ιε,
149 972 219 1004 sola
241 975 300 1012 est,
324 982 407 1014 quae
430 981 542 1014 sparsa
564 971 679 1002 crescit
700 974 734 1002 et
754 974 889 1013 erogata
904 972 1124 1003 emolumenta
1139 973 1241 1014 capit;
1265 972 1346 1004 haec
1363 975 1412 1004 est
1429 973 1537 1013 etiam,
1562 984 1645 1015 quae
1663 973 1798 1005 abscon-

148 1034 254 1056 sorem
277 1034 369 1055 suum
392 1023 504 1065 poenis
527 1022 648 1054 addicit
670 1026 704 1054 et
725 1022 845 1055 bonum
869 1022 1125 1066 dispensatorem
1148 1024 1274 1056 aeterni
1296 1025 1438 1056 muneris
1461 1025 1564 1067 gloria
1586 1025 1727 1067 insignit.

514 1082 622 1114 Macte
644 1092 729 1114 nova
751 1083 881 1123 virtute,
905 1083 988 1124 vale,
1012 1083 1101 1124 Milo,
1126 1085 1248 1127 optime
1272 1087 1373 1125 vates,

556 1133 764 1177 Haiminique
788 1135 844 1175 tui,
868 1134 930 1176 dic,
953 1136 1119 1177 miserere,
1144 1136 1234 1169 deus.

952 1258 994 1280 Vl.

147 1319 197 1356 IN
229 1318 411 1355 NOMINE
442 1318 610 1355 DOMINI
636 1318 812 1355 INCIPIT
842 1318 956 1355 VITA
982 1320 1019 1356 S.
1040 1320 1226 1356 AMANDI
1258 1319 1578 1356 CONFESSORIS
1606 1318 1799 1355 CHRISTI

147 1379 210 1416 DE
227 1379 387 1415 PROSA
407 1378 654 1415 ORATIONE
672 1378 721 1415 IN
739 1379 992 1416 HEROICUM
1010 1379 1211 1416 CARMEN
1228 1379 1441 1416 METRICO
1462 1378 1600 1415 STILO
1619 1379 1798 1415 TRANS-

146 1439 271 1476 FUSA
307 1439 496 1475 HABENS
527 1439 756 1476 LIBELLOS
791 1438 1062 1483 QUATTUOR
1102 1440 1246 1476 EDITA
1281 1441 1313 1476 A
1350 1439 1529 1476 MILONE
1565 1439 1799 1475 MONACHO

765 1498 991 1536 COENOBH
1014 1499 1177 1537 IPSIUS.

602 1581 877 1614 PROHEMIVM
900 1581 1060 1615 OPERIS
1085 1568 1342 1620 SEQVENTIS.

513 1642 612 1674 Festa
634 1642 893 1685 propinquabant
915 1643 1016 1675 nostri
1039 1643 1224 1675 veneranda
1246 1644 1373 1686 patroni

556 1693 768 1737 Instabatque
791 1693 861 1726 dies
883 1695 1054 1737 terrigenis
1077 1695 1224 1728 celebris.

512 1745 659 1778 Ornabat
680 1745 773 1778 nitidi
794 1746 964 1788 praecelsa
986 1746 1172 1779 habitacula
1194 1747 1307 1790 templi

555 1797 710 1840 Pervigili
733 1807 810 1830 cura
833 1801 944 1830 sancta
966 1801 1097 1831 caterva
1119 1799 1239 1841 gregis.

455 1862 467 1880 ι
512 1849 698 1881 Candentes
721 1849 846 1881 tunicas
869 1852 967 1892 atque
991 1853 1184 1882 ornamenta
1205 1861 1266 1893 per
1287 1860 1361 1882 aras

554 1901 725 1933 Ponebant
746 1904 839 1933 texta
861 1901 998 1933 stamine
1020 1912 1194 1944 purpureo.

510 1952 602 1985 More
625 1953 825 1996 parabantur
846 1953 941 1984 solito
964 1954 1151 1995 pavimenta
1174 1953 1331 1985 decenter

554 2004 716 2037 Marmore
739 2005 921 2036 commixtis
944 2004 1108 2037 ordinibus
1132 2006 1237 2037 variis.

511 2055 592 2088 Pars
615 2056 724 2099 aliqua
745 2055 881 2098 aptabat
903 2055 1084 2087 redolentia
1107 2057 1229 2088 lumina
1252 2057 1333 2088 ceris

441 2120 465 2139 ιο
550 2107 794 2150 Formabatque
818 2107 933 2139 chorus
956 2108 1082 2140 cantica
1104 2109 1284 2140 mellifluus.

510 2159 592 2191 Pars
615 2163 649 2191 et
671 2159 824 2191 oliviferis
847 2159 1036 2202 appendens
1059 2170 1137 2192 vasa
1161 2161 1286 2192 coronis

553 2210 728 2243 Fundebat
749 2211 855 2243 lucem
879 2211 987 2252 corde,
1010 2222 1107 2243 manu
1130 2212 1270 2244 rutilam.

511 2263 602 2295 Tunc
624 2273 678 2294 me
701 2263 881 2303 sollicitum,
904 2273 945 2294 ne
968 2263 1001 2295 in
1025 2263 1121 2295 tantis
1143 2273 1276 2295 munere
1300 2262 1411 2294 turmis

553 2315 709 2346 Parerem
731 2325 861 2354 vacuus,
884 2314 971 2346 istud
995 2325 1075 2357 opus
1100 2315 1216 2357 rapuit,

441 2380 465 2399 ιι
507 2366 673 2398 Laudibus
696 2370 774 2408 apta
795 2366 868 2408 piis,
891 2366 1038 2398 florentia
1060 2370 1154 2408 gesta
1178 2366 1303 2398 venusti

554 2418 717 2450 Praesulis
739 2421 775 2449 ut
797 2421 900 2450 metro
925 2417 1091 2450 dulcisono
1115 2429 1276 2450 canerem.

248 2547 266 2574 5
282 2549 347 2582 pape
364 2548 398 2581 (a
415 2549 518 2582 saepius
535 2557 550 2574 e
563 2557 615 2582 pro
634 2549 660 2581 q)
675 2548 701 2574 Β
781 2548 798 2573 8
816 2548 925 2574 salubus
939 2547 963 2572 A
1051 2546 1083 2572 1⁷
1102 2545 1175 2579 Milo]
1196 2547 1247 2572 mol
1260 2546 1285 2571 A
1374 2545 1407 2571 18
1425 2546 1566 2577 aiminiquo
1579 2544 1603 2569 A
1694 2544 1750 2578 [vn]
1769 2547 1800 2570 In

147 2591 249 2617 nomino
266 2592 362 2617 domini
381 2592 471 2625 incipit
489 2593 519 2624 (1.
534 2601 558 2617 n.
571 2592 594 2616 d.
609 2593 624 2616 i.
643 2600 691 2616 om.
709 2591 745 2623 V)
765 2600 791 2616 u.
804 2600 824 2617 s.
837 2600 860 2617 a.
874 2592 1027 2616 confessoris
1045 2591 1134 2616 christi
1152 2590 1184 2621 (c.
1198 2599 1220 2615 e.
1241 2598 1290 2615 om.
1307 2589 1343 2621 V)
1362 2589 1386 2614 d.
1401 2597 1424 2621 p.
1437 2598 1460 2613 ο.
1476 2589 1492 2613 ἰ.
1510 2589 1638 2613 aeroicum
1657 2596 1679 2613 c.
1695 2589 1800 2614 metrico

146 2634 206 2659 ⁸⁶10
229 2634 274 2666 (m.
286 2643 306 2659 Ι.
325 2643 374 2661 om.
394 2634 428 2667 V)
452 2639 470 2660 t.
494 2635 592 2660 haben.
615 2635 716 2660 libellos
740 2635 818 2659 ullor
841 2635 910 2659 edita
929 2643 945 2659 a
963 2634 1058 2659 milone
1081 2634 1204 2659 monacho
1227 2633 1344 2658 coenobii
1368 2632 1449 2665 ipsius
1467 2632 1502 2662 (h.
1516 2631 1532 2657 1.
1545 2640 1569 2663 q.
1583 2640 1605 2656 e.
1619 2640 1643 2657 a.
1658 2640 1690 2656 ιιι.
1704 2641 1735 2656 m.
1749 2640 1768 2656 c.
1783 2633 1797 2656 i.

147 2684 195 2702 σπι.
216 2676 258 2709 V).
276 2678 417 2710 proemium
435 2678 519 2710 operis
536 2678 668 2710 sequentis
686 2677 857 2711 (prohemium
876 2677 967 2710 incipit
986 2676 1009 2700 V
1013 2678 1022 2708 )
1048 2676 1093 2700 VB
1179 2676 1196 2701 6
1215 2684 1340 2709 porpureo
1354 2675 1378 2699 A
1469 2673 1501 2699 13
1519 2675 1664 2700 sollocitum
1679 2675 1702 2699 A

249 2744 267 2770 2
285 2743 352 2771 Luc.
370 2745 395 2775 4,
406 2745 440 2771 24
459 2753 540 2772 nemo
559 2745 697 2779 propheta
714 2745 845 2778 acceptus
858 2745 900 2770 est
915 2743 943 2769 in
963 2743 1056 2777 patria
1074 2752 1132 2770 sua.
1215 2743 1231 2769 4
1250 2742 1300 2768 Iob
1318 2744 1342 2774 5,
1355 2743 1372 2768 2
1391 2741 1537 2776 parvulum
1556 2742 1660 2768 occidit
1680 2742 1797 2769 invidia.

150 2794 250 2821 14—16
267 2794 365 2822 Mauh.
383 2796 426 2829 25,
440 2795 549 2822 14-30:
638 2795 668 2822 17
688 2795 758 2822 Aen.
778 2795 824 2822 IX
836 2795 886 2822 641
907 2796 997 2821 macte
1015 2803 1088 2821 nova
1107 2795 1218 2825 virtute,
1238 2802 1320 2828 puer:
1339 2796 1376 2820 sic
1395 2794 1454 2820 itur
1471 2793 1507 2819 ad
1525 2795 1608 2820 astra.

1537 2845 1594 2871 72*
