2138 3106
313 157 374 186 326
915 153 1081 180 CARMINA
1102 152 1365 179 CENTULFINSIA.

1052 316 1225 348 LXXXII.

734 389 798 424 AD
826 388 1055 425 NOSTRVM
1083 388 1540 425 ARCHIMANDRITAM.

679 481 828 524 Suscipe,
853 481 950 523 digne
976 492 1079 520 sacer,
1103 473 1286 512 nostrarum
1311 481 1529 512 litterularum

721 533 923 575 Tripudium,
947 533 1053 565 tribuo
1078 532 1166 575 quod
1188 533 1246 564 tibi
1270 533 1377 564 laetus
1402 543 1463 574 ego

342 586 462 626 α.ἀ,ῙἸ.
477 585 538 629 {fal-
678 585 779 627 Signo
804 596 873 628 pro,
897 589 1011 617 nostra
1035 585 1120 627 quod
1143 585 1221 616 fecit
1245 584 1395 616 Christus
1418 585 1451 616 in
1475 585 1551 616 aula

369 620 433 645 Maz.
451 621 506 644 ὥθ’
718 637 806 668 Almi
830 648 889 679 per
913 638 1003 669 celsa
1026 637 1170 668 Richarii
1194 637 1319 675 merita,

625 695 636 712 ⁵
673 688 812 724 Quando
837 689 953 720 cohors
978 689 1112 720 fratrum
1138 688 1297 720 reddebat
1319 691 1466 730 tempore
1492 687 1596 719 noctis

718 741 850 772 Laudes
875 741 1051 772 altithrono
1077 740 1174 772 corde
1197 744 1293 771 tenus
1318 740 1448 771 domino

675 792 793 824 Coram
816 793 945 835 plebeio
971 793 1067 824 variis
1092 803 1134 824 ex
1158 792 1305 834 partibus
1328 792 1414 823 ultro

720 844 890 886 Adgresso
914 855 997 876 sexu
1021 844 1167 887 disparili
1192 844 1324 886 populo.

675 896 769 928 Talia
792 897 886 939 plura
909 900 1019 928 tamen
1044 897 1152 928 recolo
1177 896 1333 927 miracula
1357 898 1460 937 gesta,

612 954 637 972 1⁰
715 946 808 983 Quae
832 947 970 978 adscribi
994 947 1092 988 digna
1115 947 1277 989 paginulis
1301 947 1446 983 fuerant;

673 999 840 1030 Incuriam
863 1002 997 1042 propter
1019 1000 1154 1030 nimiam
1178 998 1236 1030 sed.
1259 998 1386 1040 hocque
1409 998 1532 1037 residit,

716 1050 784 1082 Nos
808 1051 894 1082 inter
916 1051 1017 1083 veluti
1041 1051 1135 1093 plura
1159 1051 1266 1082 solent
1289 1050 1368 1082 fieri.

673 1103 747 1134 Hoc
770 1103 843 1135 ideo
866 1106 984 1145 tango:
1009 1103 1142 1135 studeas
1166 1103 1338 1135 scribendo
1362 1105 1485 1142 notare

717 1156 812 1187 Nunc
836 1157 963 1188 instans
987 1157 1110 1199 pariter
1133 1156 1388 1198 praeteritaque,
1411 1158 1515 1197 pater,

616 1215 640 1233 ¹⁵
676 1207 787 1250 Atque
810 1208 909 1250 priori
934 1207 1082 1240 codiculo
1106 1207 1262 1239 mandare
1287 1207 1426 1246 studeto,

717 1259 789 1296 Quo
814 1259 874 1291 tibi
897 1260 968 1291 laus
992 1259 1067 1291 inde
1090 1262 1252 1302 perpetua
1274 1262 1416 1297 maneat,

675 1311 718 1343 Et
742 1312 837 1343 nobis
862 1322 971 1347 coram
995 1311 1094 1353 digne
1116 1311 1282 1343 recitando
1305 1311 1435 1352 legatur

717 1364 826 1406 Ipsius
850 1365 884 1396 in
908 1375 1002 1396 sacra
1023 1364 1204 1396 festivitate
1227 1364 1330 1406 patris

674 1416 787 1448 Nostri
810 1416 963 1456 Richarii,
988 1417 1186 1448 confessoris
1210 1427 1341 1459 quoque
1366 1414 1499 1450 Christi,

611 1475 636 1494 2⁰
715 1468 808 1500 Illius
832 1469 873 1500 ad
896 1468 1027 1500 laudem
1050 1469 1191 1500 nominis
1215 1471 1314 1510 atque
1337 1468 1395 1499 tui.

674 1520 876 1561 Versiculos,
900 1521 1003 1552 tensis
1027 1521 1069 1552 ad
1092 1520 1199 1561 finem,
1223 1530 1364 1560 sumere,
1387 1519 1516 1562 palmis,

718 1571 885 1614 Digneris,
908 1573 1024 1614 rogito,
1048 1572 1200 1614 quodque
1225 1572 1350 1611 iubent,
1373 1571 1484 1603 facito.

1043 1901 1236 1935 LXXXIII.

662 1975 819 2011 STICHI
845 1975 959 2011 APTI
985 1974 1033 2011 IN
1060 1974 1254 2011 FRONTE
1280 1973 1606 2010 PANDECTINIS.

671 2067 710 2098 In
734 2067 796 2099 hoc
821 2068 963 2110 quinque
987 2067 1061 2099 libri
1084 2067 1266 2099 retinentur
1290 2066 1401 2098 codice
1425 2066 1524 2098 Mosis

511 2130 565 2159 etc.
588 2138 688 2168 usque
710 2128 768 2159 ad:

673 2187 746 2220 Hos
767 2188 843 2230 lege
866 2191 901 2219 tu
924 2188 1026 2220 lector
1049 2187 1129 2219 felix
1152 2187 1293 2220 feliciter
1316 2198 1440 2219 omnes.

410 2369 560 2403 [LXXXII.]
579 2370 595 2396 6
614 2370 753 2396 altithrono
770 2370 796 2396 B
899 2370 934 2397 22
950 2372 1032 2405 tegito
1050 2370 1076 2396 B
1093 2350 1278 2397 corrJBemm.

409 2421 572 2455 [LXXXIII]
593 2420 704 2448 Carmen
722 2426 758 2448 eet
776 2422 879 2448 Alcvim'
897 2423 946 2454 cfr.
965 2431 1046 2456 cupra
1065 2427 1122 2448 tom.
1142 2422 1166 2455 1,
1179 2421 1230 2447 287
1284 2459 1288 2461 μ

412 2525 572 2559 [LXXXII.]
602 2526 632 2552 11
659 2525 787 2552 Miraeuz.
810 2524 836 2551 S.
863 2524 971 2552 Richar.
991 2525 1011 2551 I
1018 2526 1107 2560 praef.
1130 2525 1188 2559 (SS.
1203 2525 1268 2558 XV,
1278 2525 1339 2558 916)
1369 2523 1534 2552 Sanctorum
1562 2531 1640 2551 sacra
1666 2522 1801 2551 miracula¹
1828 2523 1962 2558 operante

305 2575 401 2604 divina
420 2577 568 2604 clementia
586 2577 715 2612 angelico
734 2577 881 2604 didicimus
900 2577 1012 2605 oraculo
1033 2586 1091 2605 esse
1110 2577 1286 2612 propalanda
1365 2585 1422 2610 qua.
1446 2585 1496 2603 nos
1520 2576 1720 2603 ammonitione
1744 2574 1815 2602 tacti
1838 2583 1872 2602 ea
1889 2583 1962 2609 quae

306 2638 355 2663 pro
380 2629 486 2656 meritis
511 2629 588 2656 beati
612 2629 736 2656 Richarii
763 2629 898 2656 miracula
924 2629 1021 2656 divina
1047 2629 1157 2663 peregit
1185 2628 1313 2663 dignatio
1340 2629 1441 2656 litteris
1468 2628 1601 2655 mandare
1629 2627 1793 2655 studuimus.
1837 2626 1873 2653 Et
1895 2626 1962 2660 quia

305 2680 412 2707 incuria
431 2680 610 2714 antiquorum
629 2681 722 2708 omnia
741 2681 935 2715 praetermissa.
954 2681 1085 2708 videntur
1103 2681 1157 2708 nisi
1176 2689 1267 2716 pauca
1285 2689 1357 2714 quae
1375 2680 1405 2706 in
1423 2680 1483 2707 vita
1501 2679 1589 2715 ipsius
1601 2679 1750 2707 attitulata
1767 2680 1841 2711 sunt,
1860 2686 1962 2713 operae

305 2732 428 2766 proeium
447 2732 586 2765 duximus,
612 2734 643 2759 ut
661 2736 707 2759 etc.
833 2734 865 2761 15
883 2733 968 2768 priori
993 2733 1118 2760 codiculo
1136 2741 1170 2760 sc.
1189 2733 1212 2759 ei
1235 2741 1286 2766 quo
1303 2733 1359 2759 vita
1377 2733 1404 2759 S.
1419 2732 1541 2759 Richarii
1559 2732 1593 2758 ab
1610 2731 1722 2758 Alcvino
1738 2731 1801 2758 olim
1818 2731 1961 2757 eruendam

305 2784 471 2817 tradebatum
490 2785 540 2817 cfr.
560 2793 647 2818 supra
661 2786 762 2818 12207.
