2060 3074
247 119 308 148 538
904 112 1056 138 M1L0N1s
1075 112 1253 139 CARMINA.

613 200 717 231 Dulce
743 200 851 238 decus,
876 199 1006 241 pietatis
1030 209 1111 240 opus
1135 199 1331 240 oonpingere
1355 209 1449 230 versu

656 252 822 283 Pontificis
845 252 943 282 vitam
968 251 1068 282 suasit
1091 261 1182 282 amor
1204 250 1290 283 fidei.

614 303 822 340 Quorundam
845 303 973 334 monitis
997 302 1129 335 fratrum
1153 303 1324 344 conpulsus
1348 313 1479 335 enorme

543 368 569 388 ρο
659 355 793 397 Suscepi
815 354 941 396 pondus
964 354 1084 391 viribus
1108 354 1245 396 exiguis.

613 407 772 449 Antiquos
795 409 871 448 pro!
894 417 958 438 non
981 406 1093 448 puduit
1115 407 1252 438 reticere
1276 410 1400 449 poetas,

657 459 735 495 Quis
760 458 905 490 doctrina
927 459 1033 501 inerat
1056 469 1139 490 vana
1163 458 1286 490 caduca
1308 459 1399 500 levis,

612 510 762 542 Fallendi
785 510 926 541 studium
950 520 1030 552 quos
1053 513 1202 542 cunctum
1226 511 1301 542 lusit
1323 511 1355 542 in
1379 521 1495 544 aevum

657 562 806 604 Totaque
830 562 895 593 vita
919 562 978 593 fuit
1002 561 1112 593 dedita
1136 562 1331 603 criminibus,

539 628 564 647 25
610 615 761 646 Carmina
785 614 934 645 distincto
957 613 1130 646 verborum
1153 614 1238 646 ferre
1262 618 1394 647 coturno

658 667 708 698 Ac
731 677 849 698 nomen
871 666 976 697 laudis
1000 676 1157 708 quaerere
1180 676 1239 708 per
1261 667 1399 704 facinus;

615 719 766 761 Dumque
790 729 849 761 per
873 728 996 750 errores
1019 718 1115 749 variis
1138 718 1335 750 anfractibus
1357 720 1451 759 irent,

657 771 832 802 Perfecere
857 770 945 801 aliud
967 770 1012 801 nil
1034 770 1096 801 nisi
1118 770 1230 801 mortis
1253 781 1345 813 opus,

615 823 645 854 A
669 833 733 865 qua
757 822 896 864 decepti,
919 822 1044 853 inferno
1068 822 1262 864 tumulisque
1285 824 1407 865 reposti

543 888 568 907 30
655 875 803 906 Fletibus
826 874 963 905 assiduis
986 874 1064 905 talia
1087 874 1174 905 facta
1196 874 1298 906 luunt.

615 927 706 958 Muta
728 926 806 958 mihi
830 929 863 958 et
886 927 970 958 sicco
992 925 1162 968 languebit
1183 926 1294 968 lingua
1316 927 1447 968 palato?

660 979 823 1021 Falsaque
848 978 902 1020 qui
925 977 1054 1018 damno,
1077 988 1156 1009 vera
1179 980 1288 1009 tacere
1312 982 1416 1020 queo?

614 1031 699 1062 Nam
725 1031 860 1062 meliore
883 1030 936 1061 via
960 1029 1079 1061 Christi
1102 1030 1269 1061 celebrare
1294 1030 1432 1072 trophea

660 1081 803 1114 Muneris
826 1082 943 1113 intuitu
966 1091 1041 1124 spes
1062 1081 1148 1113 bene
1171 1081 1237 1113 fida
1260 1085 1382 1123 monet,

544 1147 569 1166 ³⁵
613 1134 701 1165 Laus
724 1136 760 1165 ut
783 1143 908 1164 summa
931 1133 1004 1173 deo,
1029 1134 1196 1164 veneratio
1220 1133 1332 1165 debita
1354 1137 1476 1174 sancto,

658 1185 855 1227 Exemplum
878 1185 1007 1227 populis
1030 1185 1071 1216 sit
1094 1195 1222 1227 quoque
1246 1184 1454 1227 Christicolis,

617 1237 660 1268 Et
682 1237 761 1268 mihi
784 1239 966 1268 succrescat
989 1237 1152 1268 cumulato
1176 1236 1310 1268 foenore
1332 1247 1468 1278 merces,

659 1289 850 1320 Transferar
873 1291 906 1320 et
928 1288 1004 1319 iusti
1026 1288 1120 1320 huius
1144 1288 1186 1320 ad
1209 1291 1295 1320 astra
1317 1299 1425 1331 prece.

616 1341 816 1383 Intemptata
839 1343 950 1371 tamen
972 1340 1061 1382 prius
1083 1340 1144 1371 isto
1168 1343 1311 1372 scemate
1334 1351 1386 1372 res
1410 1344 1460 1373 est

542 1406 569 1425 ιο
654 1393 706 1433 Et,
731 1402 814 1434 quae
837 1403 903 1424 non
926 1391 1033 1432 didici,
1057 1402 1155 1424 conor
1178 1392 1316 1424 amando
1339 1393 1438 1436 loqui.

614 1445 701 1486 Ergo
725 1444 779 1475 dei
801 1443 904 1476 fidens
927 1443 1074 1476 bonitate
1098 1447 1132 1476 et
1154 1455 1287 1476 munere
1311 1446 1414 1477 sancti

658 1496 813 1527 Flaminis
837 1495 1012 1538 aggredior
1034 1495 1152 1527 inscius
1174 1495 1261 1527 istud
1283 1497 1354 1528 iter.

617 1548 769 1590 Quisquis
793 1547 863 1587 erit,
886 1550 1031 1579 nostrum
1055 1548 1109 1590 qui
1133 1558 1264 1580 carmen
1286 1548 1402 1580 rodere
1426 1550 1560 1591 mavult,

659 1599 781 1631 Verme
805 1599 874 1631 fero
896 1599 1001 1631 iustae
1024 1599 1148 1631 roditur
1168 1599 1325 1637 invidiae;

542 1664 568 1684 45
614 1651 657 1683 Et
681 1651 735 1693 qui
758 1653 825 1682 tam
848 1651 932 1682 iusto
957 1651 1045 1694 cupit
1068 1651 1257 1694 aggaudere
1280 1652 1394 1693 labori,

660 1703 759 1735 Patre
783 1702 845 1734 deo
870 1703 998 1744 genitus
1021 1703 1129 1735 fratris
1152 1706 1278 1735 amator
1299 1704 1352 1736 hic
1377 1707 1436 1737 est.

617 1755 706 1796 Ergo
731 1755 956 1796 euangelicum
979 1755 1084 1797 primo
1107 1765 1296 1798 percurrere
1319 1759 1456 1797 textum,

661 1807 751 1838 Illius
775 1809 808 1838 et
831 1810 958 1849 septem
982 1817 1074 1839 sacra
1097 1807 1204 1850 sigilla
1225 1808 1332 1845 iuvat;

617 1859 707 1890 Tunc
730 1859 846 1890 melius
870 1859 973 1890 sancti
995 1861 1110 1901 potero
1133 1869 1310 1902 properare
1334 1870 1392 1902 per
1414 1862 1515 1900 actus,

544 1925 570 1943 50
656 1911 948 1953 Principiumtale
971 1911 998 1943 si
1021 1911 1076 1954 pia
1097 1911 1234 1943 menbra
1255 1911 1408 1943 habeant.

762 1979 863 2006 FINIT
883 1979 1108 2006 PROHEMIUM
1127 1980 1239 2007 HUIUS
1258 1979 1396 2007 OPERIS.

751 2096 1038 2129 BREVIARIUM
1060 2097 1191 2129 PRIMI
1213 2097 1403 2130 LIBELLI.

250 2159 268 2183 I.
289 2159 412 2184 Humana
431 2159 527 2184 Christi
550 2159 675 2183 nativitas
694 2162 720 2183 et
737 2159 807 2191 quod
832 2159 902 2183 hune
920 2159 1008 2184 omnia
1025 2159 1154 2185 elementa
1171 2159 1248 2184 deum
1267 2160 1320 2184 fore
1338 2159 1506 2192 cognoverint
1522 2159 1667 2192 exponitur.
1691 2172 1724 2176 -
1747 2159 1781 2183 11.
1799 2158 1907 2191 Aposto-

250 2202 333 2226 lorum
356 2202 458 2234 electio,
482 2202 568 2235 passio
591 2210 622 2227 ae
647 2202 801 2227 resurrectio
824 2205 850 2227 et
874 2202 908 2227 ad
935 2202 1019 2227 caelos
1037 2202 1133 2227 Christi
1157 2203 1285 2234 ascensio,
1309 2203 1414 2235 spiritus
1436 2210 1539 2235 quoque
1561 2203 1645 2227 saneti
1669 2202 1771 2227 emissio
1793 2200 1907 2226 breviter

250 2245 385 2270 indicatur.
410 2258 443 2262 —
469 2246 514 2270 111.
539 2245 641 2275 Quibus
667 2245 694 2269 in
718 2244 782 2269 loeis
804 2245 913 2277 apostoli
937 2245 1103 2278 euangelium
1127 2246 1341 2278 praedicaverint.
1370 2259 1403 2262 —
1431 2245 1475 2270 lV.
1499 2244 1710 2270 Commemoratis
1733 2243 1906 2277 apostolorum

250 2288 442 2313 successoribus
461 2288 552 2313 beatus
571 2287 706 2312 Amandus
726 2287 896 2313 subnectitur.
921 2301 953 2305 —
972 2288 1003 2312 V.
1023 2288 1111 2313 Editor
1135 2288 1219 2321 operis
1242 2289 1368 2313 confitens
1390 2288 1552 2314 inscientiam
1569 2288 1652 2313 sancti
1670 2287 1776 2320 spiritus
1794 2286 1907 2320 postulat

249 2331 368 2363 gratiam.
393 2345 427 2349 —
449 2331 494 2356 VI.
513 2331 603 2356 Patria
627 2333 797 2363 parentesque
815 2330 885 2356 beati
909 2334 1149 2356 commemorantur.
1175 2345 1210 2348 —
1231 2332 1289 2356 Vll.
1309 2331 1359 2357 Ubi
1377 2334 1483 2356 sanctus
1501 2334 1625 2364 cognatos
1647 2331 1796 2362 relinquens
1813 2329 1906 2362 Ogiam

251 2374 330 2406 petiit.
355 2387 387 2392 —
413 2374 483 2400 VIIl.
507 2374 556 2399 Ubi
580 2377 726 2406 serpentem
745 2374 860 2399 validum
885 2382 960 2407 prece
983 2377 1009 2399 et
1031 2374 1117 2400 crucis
1140 2372 1237 2400 vexillo
1262 2374 1373 2408 fugavit
1397 2387 1430 2392 —--
1453 2374 1498 2400 lx.
1523 2374 1664 2407 Responsio
1687 2374 1720 2398 ad
1743 2376 1850 2406 patrem.
1871 2384 1907 2390 —-

353 2492 385 2518 21
406 2494 469 2527 proh
489 2494 514 2519 V
595 2493 630 2520 32
647 2495 758 2528 dampno
776 2498 799 2520 et
816 2495 853 2520 eie
870 2503 970 2528 semper
981 2495 1008 2520 B
1094 2494 1128 2521 39
1146 2498 1241 2521 tamem
1254 2495 1279 2520 A
1365 2494 1400 2521 42
1417 2496 1554 2522 flamminia
1566 2495 1591 2520 A
1672 2493 1708 2520 44
1725 2503 1762 2520 απ
1778 2493 1883 2519 *luscus
1894 2493 1907 2519 3

250 2535 284 2562 45
302 2537 337 2562 At
349 2536 374 2560 A
461 2536 493 2562 51
512 2538 654 2570 proemium
667 2537 693 2562 B
778 2536 788 2571 ΙΙ
806 2539 863 2563 VII.
881 2539 948 2564 oiam
962 2538 1019 2563 AV

353 2604 387 2630 23
407 2604 444 2636 Os.
465 2605 536 2631 Milo
553 2604 583 2631 ck
602 2605 744 2631 elevatione
762 2605 789 2632 S.
803 2605 925 2632 Amandi
938 2606 984 2639 (A.
998 2605 1046 2632 SS.
1066 2605 1148 2633 Febr.
1164 2606 1258 2639 1892)
1275 2614 1332 2633 non
1344 2606 1545 2633 insanientium
1559 2614 1635 2633 more
1648 2606 1795 2640 poetarum
1807 2605 1906 2632 inanes

252 2656 280 2680 et
303 2663 319 2680 a
345 2655 463 2681 veritate
487 2665 587 2682 vacuas
615 2656 746 2690 fingimus
773 2657 883 2684 fabulas
911 2665 1002 2691 neque
1029 2657 1109 2684 iuxta
1128 2657 1275 2684 Mantuani
1303 2658 1377 2684 vatis
1404 2658 1567 2692 figmentum
1589 2657 1693 2684 Aeneio
1721 2656 1849 2691 exemplo
1871 2655 1906 2682 de

252 2706 361 2732 tumulo
382 2706 510 2740 Polydori
530 2707 591 2733 auri
610 2716 688 2734 sacra
708 2708 782 2734 fame
801 2708 894 2735 necati
913 2708 1029 2734 hastilis.
1047 2709 1164 2735 cruenta
1182 2709 1366 2740 extrahimus;
1385 2709 1462 2742 infra
1480 2709 1573 2736 11121
1593 2717 1628 2735 en
1646 2709 1781 2743 figmenta
1799 2707 1906 2734 canunt

252 2756 338 2790 lyrico
357 2765 482 2783 sermone
500 2759 616 2791 poetae3
635 2766 697 2785 vera
717 2759 812 2792 Vulfai
830 2760 864 2786 30
882 2760 929 2787 sed
948 2767 1050 2794 supera
1069 2759 1170 2786 falsum
1189 2768 1255 2787 vera
1272 2761 1397 2787 canendo
1416 2760 1507 2787 virum
1525 2760 1707 2795 (Verys'lium).

1875 2800 1898 2829 ’ἶ

2050 2364 2060 2511 .4Δ.Λ..-
2056 2295 2060 2346 ....,
2055 2247 2060 2276 .,
