2040 2996
263 132 321 161 136
851 129 959 156 PAULI
978 129 1112 156 ALBARI
1131 128 1306 155 CARMINA.

528 223 566 241 ¹³0
619 216 706 248 Dum
731 216 873 258 sequitat
896 227 1013 259 corpus
1037 216 1162 255 umbra,
1186 226 1282 257 quam
1305 214 1452 247 membra
1475 215 1613 256 refingit,

623 268 745 310 Angeli
769 268 845 299 dum
869 268 940 300 celo
964 268 1120 309 clangunt
1143 267 1309 308 virtusque
1333 267 1481 309 polorum

624 319 748 351 Eterna
770 320 892 362 pietate
915 319 968 352 dei
991 319 1168 362 pangitque
1192 319 1368 361 perhennis
1394 330 1451 350 —:

623 371 696 403 Lex
718 371 831 403 Xristi
845 372 923 403 vivit
946 382 1076 414 semper
1098 382 1197 413 super
1219 371 1334 403 ethera
1357 371 1453 407 felix;

623 423 696 455 Hec
720 424 789 455 sola
812 423 912 455 verba
935 423 1040 455 nescit
1064 434 1136 455 cum
1160 423 1280 454 mundo
1305 422 1444 454 senesci.

533 482 570 500 1³⁵
623 474 710 506 Dum
733 478 866 507 resonat
889 475 1011 507 sanctis
1035 475 1105 506 celo
1129 478 1204 517 post
1227 474 1366 507 termino
1390 474 1517 514 vibens,

626 526 792 569 Corporea
815 527 917 559 moles
940 529 1015 558 tavo
1038 526 1181 559 resoluta
1203 526 1320 566 ruebit,

626 578 767 621 Spiritus
790 589 865 610 nam
887 578 968 610 vibit
990 579 1104 610 merito
1129 589 1227 621 super
1250 578 1364 610 ethera
1387 580 1512 618 vectus,

627 631 801 663 Sermones
825 631 890 662 vibi
914 631 1004 663 vitali
1027 631 1106 663 flatu
1130 631 1283 662 revibunt

625 682 668 714 Et
691 685 766 726 post
789 693 923 715 ocasnm
945 682 1057 714 mundi
1080 693 1180 726 super
1202 686 1290 715 astra
1312 686 1497 724 resurgunt:

535 742 572 760 140
625 735 679 766 Sic
704 734 860 777 quidquid
883 734 948 766 divi
971 738 1022 766 est
1045 745 1220 776 numquam
1243 745 1303 777 per
1324 734 1389 766 fine
1412 734 1582 776 putrescit,

627 787 684 819 Set
706 787 826 818 missus
849 787 946 818 terris
971 797 1100 829 semper
1122 786 1242 818 virtute
1265 786 1408 819 virescit.

673 838 768 870 Nunc
791 841 893 870 restat
914 838 1029 881 promi,
1053 849 1116 881 quo
1140 839 1204 870 sint
1228 838 1414 881 conscripta
1436 838 1569 870 iubente

626 890 700 930 Vel,
725 891 816 922 cuius
841 901 939 933 opere
963 893 1038 922 sunt
1061 890 1250 933 adgregata,
1273 890 1386 922 videri.

626 942 698 974 Hec
720 942 914 985 Leobegildi
937 942 1030 984 vigor
1052 943 1155 974 obiter
1177 943 1210 974 in
1234 952 1299 974 uno
1323 941 1451 984 redegit

535 1002 571 1021 με.
626 995 842 1038 Septuaginta
864 994 944 1026 duos
967 994 1100 1026 mittens
1125 993 1183 1025 sub
1206 993 1345 1036 bargina
1366 993 1492 1030 biblos;

627 1047 691 1083 Qui
715 1047 832 1079 Getica
854 1047 926 1078 luce
949 1046 1046 1089 fulgit
1068 1046 1120 1078 vel
1144 1046 1239 1088 copia
1260 1045 1361 1085 fandi,

627 1098 781 1131 Germine
803 1099 856 1131 vel
879 1099 992 1140 lingua
1014 1098 1116 1130 claret
1138 1108 1196 1140 per
1217 1100 1362 1139 tempore
1385 1097 1475 1130 secli.

626 1151 708 1183 Post
730 1153 843 1182 sancta
867 1149 989 1181 domini
1011 1149 1082 1181 iure
1105 1148 1239 1181 laudata
1261 1148 1339 1180 fidei

627 1202 781 1245 Expedit,
803 1205 839 1234 ut
863 1202 987 1234 cunctis
1009 1205 1122 1233 nostra
1145 1201 1207 1233 hec
1230 1201 1349 1233 bucina
1372 1204 1476 1233 sonet.

535 1263 572 1281 1³³⁰
624 1251 768 1287 Alba'rus
791 1254 1013 1286 heemetriee
1035 1254 1135 1296 longa
1158 1264 1218 1296 per
1241 1253 1330 1285 secla
1352 1252 1468 1285 reboat

626 1306 670 1338 Et
693 1307 772 1338 cinis
796 1307 829 1338 in
853 1306 996 1338 cinerem
1018 1316 1134 1338 versus
1159 1324 1198 1328 —
1223 1308 1274 1337 set
1296 1305 1409 1347 lingua
1431 1308 1574 1337 resonat.

627 1358 677 1390 Tu
700 1358 756 1401 qui
777 1358 861 1400 legis
884 1361 997 1390 nostra
1020 1356 1276 1400 quoquum(que)
1302 1360 1460 1399 tempore,
1484 1357 1596 1397 lector,

627 1408 674 1442 Te
698 1411 806 1442 recole
829 1410 925 1442 nobis
949 1409 1072 1441 socium
1094 1419 1154 1451 per
1176 1412 1280 1440 morte
1303 1408 1463 1440 futurum:

627 1462 756 1505 Rumpe
779 1473 887 1494 moras
910 1462 987 1502 vite,
1011 1472 1125 1504 queso,
1149 1460 1326 1503 tumbaque
1349 1464 1507 1500 retrusus,

534 1522 570 1540 155
628 1515 759 1551 Quanta
781 1514 868 1546 salus
892 1513 1010 1546 nostris
1033 1516 1175 1552 maneat,
1199 1522 1350 1552 narrare,
1367 1513 1427 1544 sub
1450 1513 1594 1553 umbras,

627 1566 786 1598 Nuntium
808 1569 844 1598 ut
867 1565 978 1597 mundi
1002 1565 1136 1605 referas,
1161 1576 1220 1608 per
1243 1564 1340 1597 sedes
1364 1575 1484 1608 opacas

629 1618 709 1655 Quis
731 1619 816 1651 bene
840 1618 912 1661 quis
936 1618 1022 1650 male
1046 1618 1117 1660 quis
1140 1616 1247 1649 medie
1263 1616 1448 1659 gaudetque
1464 1621 1652 1660 gemetque,

628 1670 715 1708 Quid
738 1670 877 1702 mundus
901 1680 999 1702 sceva
1022 1670 1139 1701 fallens
1162 1680 1248 1701 nunc
1272 1671 1342 1701 arte
1366 1669 1508 1711 refingit,

629 1724 694 1760 Qui
717 1726 851 1755 maneat
873 1723 956 1755 vibis
980 1722 1094 1754 herror
1116 1725 1301 1764 quantaque
1324 1721 1457 1754 rebellis

533 1784 571 1803 1⁶⁰
627 1776 701 1808 Hec
724 1786 803 1808 vera
825 1775 970 1807 refutans
994 1785 1105 1817 pugna
1129 1777 1303 1816 consurgat
1325 1774 1463 1814 inhanis,

630 1828 744 1865 Qualis
767 1828 937 1870 honorque
961 1837 1060 1858 cavus
1084 1826 1175 1868 regia
1198 1836 1282 1858 nunc
1306 1826 1403 1858 corda
1426 1826 1562 1867 deleret,

629 1880 700 1916 Que
723 1879 787 1911 sint
810 1878 949 1911 deliciae
972 1879 1059 1910 fluxe
1082 1877 1268 1920 liquideque
1294 1877 1416 1910 caduce

627 1932 714 1974 (Que
738 1931 815 1963 dum
839 1931 1044 1973 stringuntur
1066 1930 1187 1972 digitis,
1211 1933 1247 1961 ut
1270 1930 1362 1962 limfa
1385 1930 1566 1974 refugunt).

627 1983 691 2015 Pro
716 1986 844 2015 nostras
867 1993 969 2014 noxas
991 1981 1143 2014 lacrimas
1167 1985 1202 2013 tu
1225 1981 1372 2020 fundere,
1397 1983 1516 2014 lector:

538 2044 574 2062 16⁵
628 2035 681 2067 Sic
706 2035 818 2077 culpas
841 2034 990 2076 proprias
1015 2044 1128 2066 careas
1153 2033 1213 2065 sub
1236 2033 1344 2066 iudice
1367 2034 1481 2067 Xristo

628 2087 672 2119 Et
695 2087 799 2118 centri
821 2086 933 2118 valeas
958 2086 1081 2118 celsum
1105 2085 1260 2118 scandere
1283 2085 1434 2119 tribunal.

629 2139 759 2171 Prestet
781 2138 835 2170 ille
860 2138 950 2179 deus,
974 2138 1057 2170 trino
1081 2137 1136 2180 qui
1159 2138 1287 2170 nomine
1311 2138 1426 2180 pollet,

630 2191 833 2222 Christicolis
856 2190 950 2222 nobis
973 2189 1120 2233 requiem
1142 2201 1203 2232 per
1225 2190 1356 2223 seculis.
1401 2189 1519 2223 Amen.

369 2343 418 2369 133
436 2345 533 2378 Xrispti
546 2344 567 2369 O
652 2341 701 2368 147
723 2342 860 2369 *Germina
874 2343 896 2368 0
911 2343 1018 2369 Gemina
1030 2342 1074 2368 Fe.
1164 2342 1214 2368 152
1231 2351 1363 2376 quoquum
1380 2343 1403 2369 0
1411 2352 1477 2370 corr.
1490 2343 1534 2369 Fe.
1623 2343 1673 2370 162
1686 2343 1806 2370 *delicias
1820 2343 1842 2368 0
1850 2351 1913 2368 nam

265 2388 347 2420 ipsum
366 2387 494 2412 Albanam
512 2396 564 2412 acc.
574 2396 626 2419 pro
643 2395 711 2412 nom.
729 2387 860 2419 scripsisse
877 2396 931 2412 ‘non
947 2387 1023 2412 credo
1112 2385 1163 2412 165
1180 2387 1285 2419 Xrispto
1301 2386 1324 2411 C

370 2463 419 2489 142
435 2471 488 2496 sqq.
507 2462 611 2495 Euyen.
632 2461 710 2488 Τοῖα.
729 2463 745 2489 Ζ.
762 2471 783 2489 c.
798 2471 826 2496 p.
843 2464 876 2490 69
894 2463 995 2496 (oersus
1016 2462 1047 2489 dc
1065 2462 1224 2496 lnhliotlwoa)
1247 2463 1328 2489 Nunc
1351 2465 1477 2497 superest
1499 2463 1564 2497 fari,
1588 2472 1643 2498 quo
1666 2463 1724 2490 sint
1741 2462 1913 2498 praescripta

266 2515 380 2541 iubente
400 2515 404 2547 1
422 2514 465 2540 vel
494 2513 574 2540 cuius
601 2513 693 2540 studio
720 2514 750 2540 in
777 2514 871 2541 codice
899 2514 982 2541 missa
1005 2514 1100 2540 simul:
1121 2514 1125 2547 Ι
1148 2522 1269 2540 summus
1294 2515 1322 2540 et
1346 2514 1475 2549 egregius
1500 2515 1641 2549 congessit
1663 2515 1764 2542 cuncta
1786 2514 1912 2541 Ioannes.

267 2566 316 2592 145
334 2565 460 2591 Aldhelm.
479 2564 551 2591 laud.
570 2565 631 2598 vim.
652 2566 718 2591 1626
738 2566 925 2601 Septuaginta
943 2566 998 2593 duo
1021 2565 1166 2592 recludens
1188 2565 1308 2599 bargina
1329 2565 1419 2594 biblos
1439 2566 1506 2600 (m'de
1525 2566 1603 2594 Aldh.
1621 2566 1659 2594 ed.
1680 2566 1757 2593 Giloe.
1777 2574 1805 2600 p.
1819 2565 1871 2592 390
1887 2567 1913 2592 et

267 2617 411 2645 Buecheler.
432 2616 482 2644 Rh.
503 2616 542 2643 Μ.
561 2617 602 2649 35,
616 2617 669 2652 70).
