2138 3106
815 171 984 200 CARMINA
1003 174 1161 201 FREDIGA
1166 175 1236 202 RDI.
1787 182 1848 212 325

565 259 651 298 Quo,
675 259 780 290 iustus
805 259 927 291 sederit
951 271 1023 292 cum
1046 261 1146 293 iudex
1170 262 1248 294 sede
1272 265 1409 305 paterna

567 310 720 353 Undique
745 312 884 354 stipatus
908 316 1092 344 sanctorum
1115 314 1183 345 iure
1206 315 1368 356 maniplis,

570 362 660 401 ‘Iam‚
685 363 740 405 qui
763 363 809 395 ita
832 363 979 403 fecistis,'
1003 365 1116 396 reboet
1139 367 1330 408 ‘properate,
1354 366 1455 403 beati,

500 421 526 440 2⁰
561 415 610 446 Ac
633 418 797 456 sceptrum
821 415 927 457 longis
950 417 1144 457 promissum
1168 418 1285 448 sumite
1309 417 1447 450 saeclis'.

563 465 646 498 Cum
669 466 787 508 quibus
812 467 995 499 astriferam
1019 471 1143 507 teneas,
1167 470 1375 509 venerabilis,
1399 480 1517 506 arcem,

564 517 670 557 Abba,
693 529 810 560 precor
831 519 953 560 iugiter
975 520 1158 562 pietate(m>
1184 521 1441 562 cunctipotentis.

944 847 1100 878 LXXXI.

685 918 751 954 AD
779 918 1012 963 QVENDAM
1039 918 1354 955 PROSELITVM.

559 1010 693 1043 Florida
717 1022 815 1054 saepe
838 1011 917 1043 mihi
941 1011 1103 1054 depingis,
1128 1011 1258 1051 deltice,
1283 1012 1392 1050 verba,

558 1061 680 1095 Clausa
703 1063 808 1103 simul,
833 1063 977 1101 iuvenis;
999 1074 1059 1095 nec
1082 1064 1212 1095 mirum:
1238 1074 1382 1095 summus
1406 1063 1568 1104 Olimpum

556 1114 621 1146 Per
644 1125 804 1147 summum
828 1115 978 1157 graderis
1002 1118 1130 1157 compte
1155 1116 1230 1158 quia
1254 1126 1371 1157 nempe
1397 1115 1541 1157 sophista

555 1166 667 1208 Atque
691 1170 785 1199 extas
809 1167 895 1199 inter
916 1167 1049 1199 meritos
1072 1171 1107 1198 tu
1130 1167 1200 1199 iure
1223 1167 1398 1208 magistros

506 1225 517 1243 ⁵
554 1217 708 1251 Carmina
730 1216 839 1251 Pieria
861 1219 971 1262 typica
994 1219 1118 1262 pariter
1139 1219 1332 1261 perstando,

556 1270 692 1302 Artibus
717 1271 850 1303 inbutus
874 1271 975 1302 variis
998 1271 1089 1302 velut
1111 1275 1225 1302 auctor
1248 1271 1386 1312 opimus,

555 1321 693 1354 Iustitiis
716 1322 814 1355 etiam
838 1322 955 1354 divinis
979 1322 1082 1354 fretus
1107 1322 1246 1354 abunde.

556 1373 717 1410 Quocirca
739 1375 825 1418 potis
849 1378 901 1406 est
924 1374 984 1406 tibi
1006 1374 1203 1416 belligerare
1227 1376 1378 1416 potenter

555 1425 794 1458 Grammaticos
819 1436 898 1468 erga
921 1426 1078 1458 tremulos
1102 1426 1272 1468 clypeatus
1296 1425 1419 1456 enormi

493 1485 518 1503 ¹⁰
553 1477 664 1518 Scuto,
688 1479 787 1510 etiam
811 1478 934 1511 domini
957 1479 1067 1521 gladio
1089 1481 1256 1521 protectus
1280 1481 1387 1516 acuto,

554 1528 692 1562 Casside
715 1530 869 1562 cristatus
892 1541 954 1562 nec
978 1541 1043 1562 non
1067 1530 1201 1562 thorace
1225 1530 1320 1561 trilici

552 1581 712 1620 Munitus;
737 1593 871 1615 maneas
895 1583 1033 1626 supplex
1056 1586 1264 1625 quapropter,
1287 1581 1405 1620 adelfe,

553 1633 605 1665 Ex
629 1634 701 1673 hoc,
725 1645 788 1677 quo
813 1635 872 1667 tibi
896 1635 1205 1677 cunctipotenssua
1228 1634 1312 1665 dona
1334 1627 1496 1664 ministret

551 1686 650 1718 Plura
672 1686 802 1727 dehinc,
826 1687 917 1719 dedit
940 1687 988 1719 ori
1012 1687 1124 1719 asinae
1149 1687 1203 1729 qui
1226 1686 1326 1718 verba
1348 1685 1511 1727 crepantis

491 1745 515 1763 1⁵
553 1738 724 1770 Sessorem
749 1742 863 1771 contra
887 1739 1003 1771 stolide
1027 1749 1180 1770 resonare
1204 1741 1352 1770 ruentem

551 1789 616 1827 Qui
639 1801 720 1833 erga
742 1795 954 1834 praeceptum
977 1791 1098 1823 domini
1123 1790 1295 1822 maledicta
1317 1790 1455 1832 parabat

551 1841 704 1874 Iudaicae
728 1843 885 1886 inponere
908 1844 998 1885 genti
1021 1854 1080 1886 pro
1105 1853 1239 1874 munere
1262 1845 1375 1884 captus

552 1894 729 1927 Multarum
755 1896 948 1938 specierum,
973 1895 1032 1927 sed
1056 1896 1163 1938 specie
1186 1898 1282 1926 tenus
1306 1894 1375 1925 auri

551 1947 754 1990 Argentique
778 1947 875 1979 simul
899 1958 959 1979 nec
983 1958 1046 1979 non
1070 1958 1205 1989 operum
1229 1946 1403 1978 variarum.

489 2005 515 2024 2⁰
550 1997 769 2041 Omniparens
793 1998 944 2031 dominus
968 2002 1001 2031 te
1026 1999 1132 2031 salvet
1154 2001 1305 2041 protegat
1327 2001 1436 2039 atque,

550 2050 666 2091 Posco,
690 2051 816 2083 talenta
838 2051 895 2083 tibi
920 2052 985 2083 iam
1009 2051 1134 2083 credita
1155 2050 1423 2092 multiplicetque.

549 2101 690 2145 Insuper
714 2102 850 2135 adclinis
874 2103 991 2146 rogito,
1016 2114 1078 2146 quo
1103 2113 1232 2134 sumere
1255 2104 1382 2134 nostros

551 2154 707 2196 Digneris
731 2166 846 2198 parvos
870 2156 991 2198 apices,
1016 2166 1078 2198 ego
1102 2165 1183 2197 quos
1207 2154 1266 2186 tibi
1290 2154 1364 2195 lego

549 2206 680 2246 Audax,
705 2207 854 2239 indoctus
877 2208 1008 2250 pariter,
1033 2207 1202 2239 carissime
1225 2206 1335 2237 frater.

487 2263 512 2284 ²⁵
547 2257 656 2290 Nosco
681 2269 743 2301 ego
767 2262 800 2291 te
824 2262 969 2291 nostram
994 2259 1035 2291 ad
1058 2258 1218 2290 tantillam
1242 2257 1375 2288 flectere
1399 2266 1496 2298 posse

549 2309 792 2353 Per-sonumque
817 2311 890 2342 ideo
914 2314 948 2342 te
972 2313 1083 2342 contra
1105 2319 1234 2342 carmen
1258 2309 1403 2350 ineptum

548 2361 704 2404 Depinxi,
729 2362 869 2406 studeas¹
886 2363 966 2395 nulli
989 2362 1074 2405 quod
1098 2361 1252 2404 pandere,
1276 2370 1410 2402 quaeso.

287 2539 320 2566 19
337 2539 415 2574 *quia
432 2541 458 2567 B
560 2542 595 2569 22
612 2542 723 2578 *pietate
742 2544 767 2569 R

286 2591 423 2626 [LXXXI]
441 2593 458 2619 9
476 2594 601 2620 LORICA
618 2596 646 2621 ἐπ
663 2605 745 2628 mar-y.
766 2596 790 2621 B
895 2596 929 2621 10
946 2596 1062 2621 GALBA
1080 2596 1105 2620 in
1124 2604 1207 2627 mary.
1221 2594 1246 2619 B
1352 2594 1383 2619 19
1401 2603 1437 2619 ηπ
1454 2593 1557 2619 *aemm
1575 2594 1723 2620 variorum?

286 2695 319 2721 19
337 2694 437 2721 Mutat.
449 2695 493 2729 25,
505 2696 547 2723 34.

285 2753 429 2789 [LXXXI]
457 2755 475 2782 4
501 2757 551 2789 cfr.
577 2756 664 2784 Sodaed.
691 2765 711 2784 c.
732 2766 760 2790 p.
780 2757 892 2791 11‚138.
1015 2757 1047 2783 14
1069 2757 1120 2789 cfr.
1147 2764 1167 2782 c.
1188 2755 1317 2788 XXVII,
1331 2756 1370 2782 18.
1492 2755 1524 2782 17
1550 2755 1599 2788 cfr.
1625 2764 1646 2783 c.
1676 2756 1778 2790 XXII,
1791 2757 1831 2783 19.

179 2806 214 2832 23
231 2806 279 2838 cfr.
299 2815 321 2833 c.
341 2805 473 2839 LXXIL
488 2808 527 2836 16.
