2040 2996
267 121 325 151 178
825 119 966 147 SEDULH
985 119 1114 146 SCOTTI
1133 119 1297 146 CARMINA
1318 120 1353 146 Π.

628 206 699 238 Nec
723 209 821 247 gustu
844 206 960 244 facilis,
983 206 1064 237 nulli
1086 206 1238 248 potabilis
1262 206 1334 248 ipsa

677 258 738 289 Est
761 258 837 300 quia
859 268 919 290 nec
944 258 1075 290 Cereris
1099 257 1231 290 dulcida
1254 259 1441 301 progenies;

631 309 707 340 Non
730 312 782 341 est
804 309 964 350 Iordanis,
987 320 1051 341 non
1074 310 1179 341 amnis
1202 310 1269 341 filia
1292 309 1417 350 Mosae,

678 360 744 393 Sed
767 364 895 393 torrens
920 361 1050 393 Cedron
1073 361 1222 393 turbidus
1246 362 1330 394 hanc
1353 363 1478 404 genuit.

554 419 576 437 ¹⁵
629 411 723 443 Haec
747 412 900 454 sophicae
924 412 1043 444 mentis
1067 416 1203 445 cunctas
1227 413 1398 445 obnubilat
1420 417 1515 454 artes,

676 463 854 495 Laetitiam
878 467 1025 496 removet
1048 464 1279 507 tristitiamque
1303 466 1400 507 gerit;

632 515 857 547 Flavicomum
882 514 1013 548 Cereris
1037 517 1192 548 mentitur
1215 517 1338 549 habere
1362 518 1518 550 colorem:

678 566 732 607 Di,
755 567 856 599 talem
879 567 976 599 terris
1001 567 1084 600 hanc
1107 572 1275 601 removete
1299 569 1420 607 feram;

631 619 779 651 Laetheo
804 619 902 651 fluvio
926 623 1054 652 vosmet
1076 621 1287 663 summergite
1310 624 1489 653 monstrum

551 678 576 697 2⁰
682 670 748 703 Seu
773 670 887 712 Stigiis
911 671 1007 703 undis
1032 672 1159 704 condite
1182 673 1249 704 tale
1272 673 1376 712 nefas,

630 722 702 754 Illic
726 733 790 765 quo
813 723 924 755 valeat
948 723 1097 756 crudeles
1122 724 1250 756 solvere
1274 735 1411 767 poenas:

678 774 771 811 Quae
795 785 854 806 nos
879 776 1058 815 excruciat,
1082 776 1229 818 praemia
1251 776 1351 819 digna
1373 777 1453 809 luat.

632 826 716 862 Quid
741 837 849 858 moror
871 827 903 858 in
928 827 1035 859 verbis
1058 831 1241 870 ventosque
1263 829 1391 861 lacesso
1415 830 1595 871 querelis?:

678 878 706 910 O
729 882 833 921 pater,
858 879 916 910 has
940 880 1100 921 geminas,
1125 880 1272 920 obsecro,
1296 881 1389 913 vince
1413 882 1515 918 fcras;

552 937 576 956 2⁵
630 930 738 972 Large
763 931 969 963 salutiferum
993 935 1107 963 contra
1130 933 1333 972 vulnuscula,
1357 933 1498 975 praesul,

680 982 814 1015 Sedulio
838 983 958 1015 famulo
983 983 1025 1016 da
1048 985 1249 1027 cataplasma
1271 988 1338 1017 tuo.

631 1077 694 1109 Ast
718 1077 768 1108 his
793 1077 959 1109 versicolis
984 1077 1055 1109 risit
1077 1078 1150 1120 pius
1173 1078 1229 1110 ille
1252 1079 1384 1111 relectis

679 1129 730 1161 Ac
754 1129 898 1171 sophicis
922 1130 1006 1161 votis
1029 1140 1186 1173 prospera
1209 1134 1326 1162 cuncta
1348 1131 1450 1163 dedit.

1076 1261 1107 1282 X.

583 1314 699 1346 IDEM
722 1314 785 1346 AD
809 1313 1002 1346 EUNDEM
1026 1314 1086 1347 DE
1111 1315 1276 1348 TRIBUS
1300 1316 1602 1350 MULTONIBUS.

634 1375 747 1407 Gloria
770 1378 882 1407 nostra
905 1375 999 1414 redit,
1024 1376 1200 1408 clementia
1223 1378 1345 1420 luxque
1368 1389 1499 1416 serena;

680 1427 797 1459 Cuncti
820 1427 996 1459 laetemur:
1021 1428 1124 1470 gloria
1147 1431 1259 1460 nostra
1282 1429 1375 1462 redit.

633 1479 747 1511 Cedite
771 1489 838 1518 vos,
862 1479 1035 1516 tenebrae;
1058 1479 1175 1512 frontis
1199 1480 1362 1513 nubecula
1385 1482 1494 1519 cedat3

679 1530 767 1562 Dum
790 1530 884 1562 iubar
908 1535 958 1563 est
981 1542 1149 1574 praesens,
1175 1532 1283 1564 cedite
1306 1543 1375 1572 vos,
1399 1534 1564 1567 tenebrae.

567 1591 577 1609 ⁵
631 1583 782 1625 Daphnis
806 1593 960 1614 amoenus
984 1583 1081 1615 adest
1103 1586 1216 1626 pastor
1238 1584 1343 1615 bonus
1368 1587 1465 1627 atque
1489 1586 1618 1625 beatus:

680 1635 803 1678 Tytire,
827 1635 946 1677 plaude
970 1646 1085 1667 manu:
1110 1635 1261 1678 Daphnis
1285 1647 1441 1669 amoenus
1465 1638 1568 1670 adest.

634 1687 758 1719 Fistola
781 1689 894 1718 nostra
917 1690 1013 1719 sonet
1036 1690 1194 1730 ternoque
1218 1688 1378 1721 foramine
1402 1691 1487 1722 terni

679 1738 846 1770 Multones
869 1739 1018 1775 veniant3
1042 1739 1151 1771 fistola
1173 1743 1284 1772 nostra
1308 1744 1412 1774 sonet.

635 1790 800 1830 Scandito,
823 1790 934 1830 multo,
960 1790 1046 1823 fores
1070 1801 1150 1823 naso
1174 1792 1338 1834 cornuque
1364 1794 1515 1836 superbo,

552 1851 575 1869 10
682 1842 811 1874 Gaudia
833 1842 936 1874 multa
958 1842 1068 1874 ferens
1093 1843 1239 1875 scandito
1262 1844 1365 1876 multo
1388 1844 1475 1877 fores

633 1894 767 1926 Vellere
791 1893 896 1936 deque
920 1897 976 1925 tuo
1000 1894 1163 1936 pellantur
1185 1894 1306 1937 frigora
1330 1896 1441 1935 multa,

680 1946 749 1978 Nos
774 1945 924 1985 defende,
948 1956 1074 1988 precor,
1099 1946 1221 1978 vellere
1246 1938 1352 1989 deque
1376 1950 1444 1987 tuo,

632 1998 734 2030 Pellis
759 2001 792 2029 et
816 1997 944 2029 exuviis
970 1998 1011 2029 sit
1033 1998 1164 2030 kartula
1187 1998 1339 2041 famaque
1363 2010 1492 2042 perpes,

680 2050 808 2082 Nomen
832 2060 950 2092 sparge
975 2050 1049 2092 polo
1072 2050 1168 2092 pellis
1193 2053 1226 2082 et
1250 2051 1387 2083 exuviis.

552 2110 575 2128 ¹⁵
634 2102 778 2144 Despice
803 2102 849 2133 sic
873 2101 1037 2142 miseram,
1061 2102 1230 2134 meliorem
1254 2102 1363 2145 delige
1387 2103 1499 2143 vitam,

679 2154 794 2193 Multo,
819 2153 954 2185 brevem
978 2154 1079 2185 vitam
1103 2153 1236 2197 despice
1261 2155 1308 2186 sic
1331 2155 1494 2186 miseram.

370 2287 402 2312 15
423 2291 492 2312 artes
517 2296 547 2312 ez
569 2296 640 2312 arces
655 2287 690 2319 0,
713 2287 759 2312 sed
780 2295 826 2312 arx
849 2286 956 2312 Sedulio
977 2295 1028 2319 pro
1052 2281 1135 2319 capite
1153 2290 1189 2312 est
1283 2286 1316 2312 18
1334 2287 1394 2312 teris
1413 2295 1479 2312 corr.
1497 2287 1520 2312 0
1611 2286 1643 2312 19
1661 2287 1773 2312 Laetheo
1788 2287 1811 2312 Ο
1825 2287 1923 2312 Letheo

267 2331 360 2355 Grosae
452 2330 486 2356 27
509 2331 606 2356 relictis
621 2331 643 2356 Ο
662 2339 728 2355 corr.
748 2330 898 2355 Dzoemmcer
1027 2328 1071 2362 [x.]
1091 2330 1149 2355 edd.
1169 2329 1317 2355 Duemmler
1341 2330 1460 2355 carmina
1485 2329 1587 2355 Sedulii
1600 2339 1628 2362 p.
1648 2329 1665 2354 8
1682 2339 1718 2362 sq.
1737 2330 1813 2355 catal.
1829 2330 1880 2362 516„
1897 2330 1922 2354 d.

268 2382 326 2398 mos.
347 2373 371 2398 d.
392 2374 449 2399 bibl.
463 2374 536 2407 publ.
556 2374 581 2399 d.
601 2374 658 2406 dep.
680 2373 708 2405 V,
727 2372 777 2398 189
795 2382 816 2399 v.
840 2372 907 2398 1—ss
925 2381 956 2398 ex
973 2373 1057 2398 codice
1075 2372 1206 2405 Mamemi
1223 2372 1276 2398 500
1293 2381 1313 2398 3.
1329 2373 1391 2405 XI.)
1409 2373 1436 2398 ἰπ
1454 2382 1503 2405 quo
1521 2373 1667 2398 inscribitur
1685 2373 1815 2406 Incipiunt
1831 2382 1924 2399 uersus

894 2412 906 2428 n

267 2434 345 2466 probe
369 2432 519 2466 (*reciproci
537 2434 558 2465 52)
582 2434 655 2458 scotti
682 2433 773 2458 sedulii
797 2434 828 2458 ad
851 2434 992 2467 artgarium
1017 2433 1191 2459 uenerabilem
1214 2433 1360 2466 pontificem
1386 2434 1554 2459 leodicensem
1577 2443 1623 2467 pro
1643 2435 1726 2460 tribus
1753 2434 1920 2466 munenibus,

266 2477 372 2502 contulit
389 2476 416 2501 0.
431 2476 510 2501 Seeck
588 2476 604 2501 5
620 2475 653 2508 (el
664 2476 692 2509 6)
706 2477 797 2501 Dafnis
810 2476 842 2501 M
884 2477 958 2502 adest
969 2485 1093 2503 amoenus
1107 2485 1173 2501 corr.
1188 2476 1223 2500 M
1297 2476 1313 2501 6
1326 2477 1406 2502 'ritire
1419 2476 1453 2501 M
1527 2476 1543 2502 8
1555 2477 1665 2502 ueniunt
1679 2477 1702 2502 C
1779 2475 1811 2502 14
1817 2477 1880 2510 flm't
1891 2476 1923 2501 Μ

370 2565 401 2591 11
420 2565 488 2591 Aen.
502 2565 558 2598 Ill,
578 2565 627 2592 6⁶21
647 2566 705 2592 Nec
723 2565 784 2592 visu
803 2565 893 2592 facilis
911 2574 962 2592 nec
975 2565 1053 2592 dictu
1066 2564 1188 2591 affabilis
1201 2564 1261 2591 ulli.
1345 2565 1377 2591 19
1391 2564 1530 2592 Lethaeus
1543 2565 1644 2592 fluvius
1655 2574 1676 2592 e.
1687 2574 1711 2599 q.
1725 2566 1791 2592 Aen.
1803 2565 1851 2599 VI,
1865 2565 1923 2592 749.

265 2616 314 2650 [x.]
333 2617 350 2643 3
368 2616 505 2643 nubecula
525 2617 624 2643 frontis
643 2624 675 2644 ex
696 2617 812 2644 (ἦτον-οη.
831 2617 925 2644 Pil-sou.
944 2617 999 2650 IX,
1016 2618 1057 2643 20.
1095 2616 1154 2650 Quo
1172 2617 1225 2643 loco
1242 2616 1345 2642 hortari
1361 2616 1438 2643 licem
1455 2619 1485 2642 ut
1502 2617 1600 2650 aliquis
1611 2619 1742 2644 scrutetur
1757 2625 1810 2651 quo
1821 2625 1923 2644 coum

264 2670 408 2694 teneantur
426 2667 549 2694 Sedulius
568 2668 672 2695 Scottus
690 2672 715 2696 et
732 2669 828 2695 codicis
847 2668 951 2695 Guswni
969 2667 992 2694 0
1010 2668 1041 2694 14
1065 2667 1121 2700 (dr.
1140 2667 1222 2694 Klein
1240 2667 1316 2693 uaeber
1333 2667 1391 2694 eine
1408 2667 1446 2694 hs.
1464 2667 1490 2694 d.
1508 2668 1594 2694 wal.
1613 2677 1635 2695 v.
1655 2668 1722 2695 01⁴oe
1739 2669 1825 2695 chl.
1845 2668 1924 2701 1866)

265 2721 369 2751 auctor,
397 2719 443 2744 cui
466 2727 498 2745 ex
515 2719 666 2746 Pisoniana
692 2723 716 2747 et
739 2720 909 2754 scviptmn'bus
932 2719 1057 2746 historiae
1075 2719 1216 2753 Auyustae
1234 2721 1354 2752 emceqpta
1373 2719 1499 2746 debentur
1521 2720 1557 2746 eis
1578 2720 1662 2753 paria
1678 2720 1775 2753 quibus
1793 2719 1923 2747 Scantius

270 2778 337 2796 usus
354 2772 390 2796 est
407 2770 457 2803 cfr.
479 2770 626 2797 Mommsen
643 2771 734 2798 Herm.
750 2771 839 2806 XIII,
859 2772 910 2798 298
929 2779 982 2806 sqq.
1002 2773 1026 2798 et
1043 2778 1128 2805 supra
1140 2778 1203 2805 pay.
1223 2771 1272 2797 152
1290 2770 1330 2797 II
1342 2770 1375 2797 de
1392 2771 1492 2806 miyine
1508 2771 1625 2799 codicum
1644 2771 1819 2800 ammomum
