2060 3074
572 63 596 97 δ

825 189 870 216 nn
889 190 913 216 s.
936 190 1151 218 snunme'ro.
1745 196 1806 226 397

526 275 677 308 Postulat
700 276 845 316 orbatus,
870 277 1012 309 animam
1036 282 1072 309 ut
1095 279 1221 320 corpori
1245 279 1372 312 reddat:
1591 296 1610 311 e.
1627 293 1651 312 32

570 327 722 360 Surrexit
743 328 850 359 infans
875 329 1004 371 perdita
1026 333 1130 362 morte
1153 331 1249 364 celer.

451 392 488 411 185
527 379 628 411 Sacra
650 390 741 411 soror
763 379 915 422 precibus
940 380 1068 412 diffudit
1092 383 1228 414 caelitus
1252 383 1404 415 imbrem:
1592 401 1612 418 c.
1627 399 1651 417 ³³

569 431 686 462 Pastor
708 431 802 463 adest
823 442 947 473 pernox
971 433 1069 464 corda
1093 433 1189 465 beata
1211 445 1356 467 monens.

529 482 724 514 Sanctorum
748 483 874 515 animas
898 484 1022 515 caelum
1048 485 1267 517 conscendere
1291 487 1394 518 cernit
1592 506 1611 520 c.
1626 503 1650 521 35·

568 535 737 577 Angelicis
761 535 847 566 ulnis
871 535 967 567 eorde
990 537 1152 578 precando
1177 537 1283 571 deum.

527 586 638 620 Testis
663 586 757 619 adest
780 597 879 630 ospes
905 587 1092 620 Servandus
1116 590 1246 621 nomine
1270 590 1383 628 iustus,

401 648 405 649 ⁷
454 651 492 670 uo
571 638 720 670 Luminis
745 649 785 670 en
809 642 933 681 partem
959 640 1060 671 cernit
1084 644 1116 672 et
1140 642 1208 682 ipse
1232 642 1336 674 simul.

531 690 636 722 Totus
659 690 754 722 adest
778 690 867 722 orbis
891 691 1048 722 collectus
1072 692 1148 723 solis
1172 692 1212 723 ad
1236 693 1336 724 instar

569 741 733 784 Tempore
757 742 818 773 sub
842 743 945 773 noctis
969 743 1102 781 visibus,
1127 744 1222 781 alme,
1246 745 1320 776 tuis.

527 793 657 835 Regula
679 804 820 836 namque
844 797 899 825 tua
922 805 1040 836 magno
1065 795 1284 827 moderamine
1309 800 1435 839 compta
1592 817 1611 832 c.
1626 814 1650 832 aa

569 845 677 877 Corda
699 855 837 878 monens
863 846 1008 883 fratrum,
1033 850 1068 878 ut
1091 848 1143 890 pia
1165 847 1251 879 dicta
1275 849 1393 885 colant,

454 910 490 929 με.
529 897 618 934 Quos
642 901 698 929 tua
721 908 802 940 prex
827 902 941 930 sancta
963 899 1082 941 iugiter
1105 900 1294 931 transmittit
1317 901 1356 932 ad
1381 901 1504 937 aethra,

570 949 771 981 Consocians
796 950 918 981 sanctis
942 950 1002 982 hos
1026 951 1096 982 sine
1119 951 1182 983 fine
1207 951 1323 983 choris.

527 999 603 1032 Flat
625 1000 747 1033 domini
770 1001 911 1033 famulus
934 1002 1074 1034 animam
1098 1013 1170 1034 cum
1194 1003 1344 1034 laudibus
1369 1004 1461 1035 almis
1591 1023 1610 1039 ο,
1625 1022 1649 1041 :w

569 1052 738 1094 Angelicis
760 1053 845 1084 ulnis
868 1058 982 1085 vectus
1006 1054 1047 1085 ad
1070 1058 1158 1086 astra
1180 1055 1256 1097 poli.

527 1104 633 1136 Pallia
656 1108 846 1137 sternuntur
868 1105 976 1137 divino
1001 1106 1121 1138 lumine
1145 1107 1258 1145 mixta,

452 1169 490 1188 ιω
570 1157 608 1188 Ι11
633 1157 751 1199 quibus
774 1157 921 1189 ascendit
941 1157 981 1190 ad
1004 1159 1058 1200 pia
1082 1169 1181 1200 regna
1205 1162 1308 1201 pater.

526 1207 744 1251 Congnudens
768 1213 899 1241 sanctus
922 1210 1023 1242 frater
1045 1210 1085 1242 de
1110 1214 1213 1242 morte
1238 1211 1358 1243 sororis

567 1260 728 1303 Exequiis
753 1262 875 1293 sanctis
899 1261 981 1294 hanc
1006 1263 1166 1294 tumulare
1190 1266 1309 1294 monet.

523 1312 635 1344 Aurea
660 1316 846 1345 sanctorum
871 1314 989 1346 retinet
1011 1324 1096 1345 nunc
1120 1325 1196 1346 arca
1218 1315 1344 1356 piorum

567 1364 718 1406 Pignora,
743 1375 827 1406 quae
852 1365 948 1396 terris
972 1366 1078 1397 iunxit
1102 1370 1135 1397 et
1157 1366 1271 1398 aethre
1294 1366 1385 1397 deus.

447 1428 487 1447 1⁵5
522 1415 658 1448 Perdita
681 1420 790 1448 mente
813 1427 949 1448 manens
974 1418 1088 1448 mulier
1110 1428 1168 1460 per
1191 1417 1285 1449 devia
1308 1416 1477 1455 scandens,
1590 1437 1609 1452 ρ,
1625 1435 1649 1454 aa

566 1467 671 1504 Quam
696 1467 780 1500 bene
804 1469 943 1500 salvavit
967 1469 1074 1501 zetula
1097 1474 1208 1501 sancta
1230 1469 1342 1511 patris.

524 1519 670 1552 Plurima
694 1520 788 1562 signa
811 1520 871 1552 tibi
896 1522 1058 1552 concessit
1081 1521 1229 1553 Christus
1253 1522 1294 1554 ab
1317 1523 1424 1562 astris,

567 1571 596 1603 Ο
619 1574 715 1614 pater
738 1572 884 1614 insignis.
909 1572 1002 1604 modo
1026 1583 1088 1615 que
1112 1574 1223 1615 lingua
1247 1574 1330 1605 silet.

525 1622 591 1655 Sed
614 1627 671 1655 tua
693 1624 775 1666 quie,
801 1623 921 1658 doctor.
947 1624 1057 1656 mundi
1082 1628 1142 1667 per'
1163 1625 1296 1657 climata
1318 1629 1450 1667 perstat,

447 1687 486 1707 ιω
567 1674 631 1711 Qui
654 1678 711 1707 tua
734 1675 821 1707 faeta
845 1676 899 1718 pia
922 1686 1064 1718 pangere
1089 1677 1148 1708 rite
1173 1680 1292 1719 queat?

524 1726 682 1769 Quaeque
707 1727 772 1758 tuis
798 1727 928 1759 famulis
953 1728 1153 1767 monstrasti,
1178 1728 1319 1760 vultibus
1343 1729 1437 1760 almis

566 1778 616 1810 Tu
638 1778 728 1821 prius
752 1779 902 1821 implesti,
926 1790 1054 1822 semper
1078 1780 1108 1811 in
1133 1780 1211 1812 orbe
1234 1783 1350 1823 pater?

523 1829 632 1872 Atque
659 1830 781 1862 micant
805 1834 918 1862 sancta
940 1831 1104 1873 signorum
1128 1831 1214 1863 saeta
1236 1832 1387 1874 priorum,

566 1882 782 1924 Temporibus
805 1883 877 1914 istis
901 1886 996 1924 gesta
1019 1883 1117 1915 beata
1140 1883 1246 1915 simul.

447 1947 486 1966 165
523 1934 607 1966 Nam
631 1935 765 1966 veniens
789 1945 886 1977 ospes
910 1934 1073 1966 Germano
1095 1935 1241 1976 germine
1265 1939 1371 1966 cretus
1397 1953 1434 1957 —

567 1986 717 2018 Andreas
741 1987 898 2029 languens
922 1987 1050 2018 nomine
1073 1986 1178 2018 dictus
1203 1990 1283 2025 erat,

524 2037 667 2081 Corpore
690 2038 873 2070 confractus
896 2038 1009 2070 matris
1033 2049 1052 2070 a
1076 2038 1201 2069 viscere
1225 2041 1384 2080 perstans,

566 2089 629 2126 Qui
652 2089 748 2122 nullis
772 2100 924 2132 umquam
949 2089 1116 2131 gressibus
1138 2090 1185 2121 ire
1210 2089 1297 2121 valet
1323 2107 1359 2112 -

522 2141 623 2174 Terra
646 2145 742 2174 tenus
765 2151 904 2184 pergens
928 2141 1048 2173 devota
1070 2145 1178 2173 mente
1203 2141 1348 2173 misellus

446 2206 486 2225 no
564 2193 617 2226 Ad
640 2197 697 2225 tua
720 2193 912 2225 conscendit
935 2193 1046 2225 limina
1069 2196 1191 2231 saneta,
1216 2196 1316 2235 pater.

522 2245 567 2277 At
589 2245 644 2277 ubi
668 2246 845 2288 promeruit
867 2248 1013 2277 sanctum
1037 2244 1256 2276 conscendere
1281 2243 1448 2286 templum,

565 2296 638 2333 Quo
663 2292 719 2330 tue
742 2308 801 2340 per
826 2298 936 2329 saecla
958 2298 1094 2340 pignore.
1118 2299 1230 2328 sancte
1252 2299 1396 2334 manent,

523 2349 690 2392 Extimplo
713 2350 831 2382 meruit
855 2352 942 2381 totus
966 2349 1146 2381 consistere
1171 2358 1293 2390 sospes,

569 2401 714 2433 Vocibus
738 2405 771 2433 et
793 2401 890 2432 celsis
913 2403 1067 2443 personat
1090 2410 1146 2432 ore
1169 2399 1275 2431 deum.

447 2466 486 2486 1¹15
524 2453 619 2486 Alter
641 2453 736 2486 adest
758 2453 885 2486 validae
910 2453 1103 2485 constrictus
1126 2452 1240 2484 funere
1263 2451 1376 2494 pestis,

567 2505 760 2548 Serpentem
785 2508 919 2548 gestans
942 2505 1064 2549 ventris
1086 2505 1118 2535 in
1142 2514 1216 2535 arce
1241 2503 1301 2534 sui.

263 2643 314 2669 133
338 2647 368 2669 ut
385 2644 483 2677 corpori
502 2641 599 2676 reddat]
625 2651 675 2676 quo
694 2643 782 2668 reddat
804 2643 829 2668 in
854 2646 926 2668 artus
945 2642 973 2666 K
1075 2641 1125 2667 134
1146 2642 1244 2675 perdita
1266 2645 1346 2667 morte
1367 2641 1443 2674 celer]
1462 2642 1575 2668 redditur
1591 2646 1668 2675 atque
1687 2642 1752 2676 patri
1771 2642 1801 2668 K

159 2685 210 2712 158
228 2692 280 2723 quq
298 2686 373 2712 modo
391 2686 420 2711 K
423 2696 431 2712 :
441 2687 508 2720 fort.
527 2690 593 2711 recte
699 2684 748 2710 163
766 2694 800 2711 απ
818 2684 937 2717 ’‘thue‘?
1044 2683 1091 2710 169
1113 2685 1191 2710 Terra
1209 2683 1294 2717 tenus]
1314 2685 1432 2718 Repende
1451 2684 1481 2709 K
1583 2683 1633 2710 172
1651 2685 1758 2718 pignera
1775 2685 1806 2711 K

263 2779 312 2806 175
337 2779 384 2812 cfr.
411 2778 570 2805 miramdum
595 2778 626 2805 in
655 2778 778 2806 (Vn-onie.
803 2778 938 2805 casinens.
966 2777 1034 2810 (edd.
1058 2777 1210 2803 Betlmusnn
1236 2779 1259 2803 et
1293 2776 1377 2803 Waitz
1401 2785 1463 2811 paq.
1489 2777 1549 2808 476,
1578 2777 1622 2811 13)
1644 2777 1682 2803 ad
1706 2786 1731 2804 a.
1753 2779 1803 2804 860

159 2833 310 2857 narratum.
