2060 3074
467 410 492 430 85

457 1193 495 1213 lm

457 1453 494 1472 1⁰5

456 1713 465 1731 1
468 1712 494 1732 10

455 1973 492 1993 11⁵

452 2237 490 2258 1²⁰

456 2496 494 2516 125

766 101 854 128 VITA
872 102 899 129 S.
912 102 1065 130 AMANDI.
1095 103 1203 130 LIBER
1216 104 1236 130 Ι.

540 186 690 220 Carmine
713 189 788 231 quin
812 189 911 221 etiam
934 190 1134 232 quorundam
1158 191 1243 223 facta
1267 195 1433 232 canuntur,

539 239 696 272 Versibus
720 243 754 272 et
776 241 928 273 brevibus
951 252 1126 284 numquam
1149 243 1326 275 brevianda
1348 244 1498 286 ligantur.

582 295 639 327 IV.
663 296 714 328 De
739 307 876 339 quorum
898 309 1032 330 numero
1057 299 1221 332 confessor
1244 300 1332 332 fulsit
1354 299 1533 340 Amandus,

538 347 593 379 Ad
615 349 704 379 cuius
726 349 823 380 modo
846 353 942 392 gesta
964 361 1094 382 manum
1117 351 1342 394 calamumque
1365 352 1528 384 novellum

536 399 692 431 Mittimus
715 403 748 431 et
770 401 841 432 nisu
863 402 1058 443 pergrandia
1082 403 1244 444 tangimus
1267 406 1336 435 arto

539 450 719 493 Inspirante
744 452 818 492 deo,
843 453 917 495 quia
939 463 1059 495 magna
1082 457 1131 485 est
1154 455 1259 496 portio
1282 455 1386 487 laudis

538 502 628 534 Illius
651 504 776 535 calamo
799 505 906 536 varios
928 505 1085 547 replicare
1109 506 1240 538 labores

538 552 588 586 Ao
611 565 714 596 genus
737 559 771 587 et
792 557 930 598 patriam
954 567 1011 588 seu
1034 558 1129 589 fortia
1151 558 1292 590 scribere
1315 562 1409 600 gesta

538 605 591 637 Ad
614 606 744 639 landem
768 607 899 647 domini,
923 609 1005 640 haeo
1029 609 1117 641 cuius
1140 610 1258 641 virtute
1282 612 1419 653 peregit.

535 657 696 701 Quicquid
720 659 804 691 enim
829 661 972 692 canimus
995 671 1162 692 servorum
1183 661 1215 692 in
1239 662 1334 693 laude
1357 662 1525 703 bonorum,

538 709 685 752 Respicit
707 711 749 742 ad
773 711 947 752 dominum,
971 713 1060 744 cuius
1081 713 1144 745 boc
1167 723 1300 745 munere
1323 718 1462 755 sumunt,

541 761 623 793 Cum
645 762 730 794 bene
754 763 831 805 quid
854 763 995 806 produnt
1017 765 1134 796 iustum
1159 768 1192 796 et
1214 765 1377 797 laudabile
1401 768 1502 798 sancti

541 813 662 854 Mente,
686 825 793 855 manu,
817 815 927 857 lingua
949 816 1148 857 meditando,
1172 817 1347 860 operando,
1370 819 1549 861 loquendo:

540 865 612 902 Quo
636 866 832 908 sinepulvis
854 867 952 899 homo
976 871 1036 908 est,
1059 879 1122 910 quo
1146 879 1218 900 cum
1239 870 1284 901 nil
1307 870 1410 902 carius
1434 874 1533 902 extat.

581 921 622 952 V.
646 922 731 953 Nam
755 926 894 964 quantus
918 924 1025 963 fuerit,
1049 925 1137 956 cuius
1161 924 1352 957 describitur
1374 929 1474 967 actus,

541 973 652 1010 Qualis
674 974 707 1006 in
729 974 790 1006 hoc
814 975 924 1015 virtus,
947 976 1062 1018 pietas,
1087 976 1217 1008 devotio
1241 978 1354 1020 quali8‚

540 1025 694 1058 Centenis
716 1026 822 1058 nullus
845 1028 965 1069 poterit
988 1027 1180 1070 depromere
1203 1029 1330 1071 linguis,

539 1077 677 1110 Gutture
700 1078 870 1111 millesono
893 1079 1029 1111 tonitrus
1051 1079 1077 1111 si
1100 1091 1190 1112 more
1213 1081 1329 1113 boarit.

539 1128 625 1166 Quin
648 1129 753 1162 minus
775 1129 858 1162 haec
881 1131 993 1173 gracili
1016 1142 1165 1164 sermone
1189 1133 1310 1165 referre
1334 1134 1462 1174 valebo,

539 1181 601 1218 Qui
624 1181 713 1214 rudis
735 1182 879 1214 existens
901 1183 1028 1226 apicum
1051 1183 1227 1226 primordia
1249 1185 1304 1216 vix
1327 1195 1410 1217 nunc

538 1232 700 1273 Addidici‚
724 1233 869 1266 doctrina
891 1238 924 1266 et
946 1235 1037 1267 verbi
1059 1236 1188 1268 flumine
1212 1237 1324 1268 siccus.

541 1284 626 1321 Quid
650 1285 787 1317 faciam?
810 1286 925 1329 loquar
947 1290 1003 1318 aut
1026 1290 1151 1319 taceam
1174 1288 1229 1330 pia
1251 1291 1344 1330 gesta
1366 1290 1503 1331 patroni,

539 1336 632 1368 Haec
656 1337 730 1379 quia
752 1348 816 1369 non
838 1349 970 1380 possum
993 1340 1188 1382 conpingere
1212 1341 1354 1372 carmine
1378 1341 1498 1383 digno?

538 1387 604 1420 Sed
628 1388 789 1431 trepidum
813 1400 889 1432 spes
913 1391 967 1422 illa
990 1391 1088 1432 iuvat,
1111 1391 1228 1423 fiducia
1249 1392 1364 1432 firmat,

539 1440 634 1476 Quod
658 1444 786 1473 sanctus
808 1442 956 1474 mihimet
977 1443 1097 1485 poterit
1118 1443 1277 1486 praebere
1301 1445 1455 1487 loquendi

537 1492 643 1532 Vires,
667 1493 722 1535 qui
745 1494 844 1525 valuit
867 1495 963 1526 mutis
986 1495 1133 1527 conferre
1157 1496 1320 1538 loquelam

537 1543 678 1576 Sacratis
701 1545 861 1587 precibus,
885 1556 958 1578 cum
981 1557 1056 1589 spes
1079 1547 1161 1578 hanc
1183 1547 1275 1579 firma
1297 1551 1438 1590 rogaret,

537 1595 636 1628 Cuius
659 1599 694 1628 et
715 1597 747 1629 in
770 1597 918 1629 manibus
940 1598 1095 1640 speciosis
1118 1599 1226 1640 regius
1249 1599 1364 1639 infans,

538 1647 728 1680 Sermonem
752 1648 864 1681 didicit
886 1660 983 1692 quem
1006 1660 1179 1692 numquam
1203 1651 1346 1693 corporis
1369 1662 1438 1692 usu,

536 1699 718 1743 Respondit
739 1701 965 1744 modicumque
989 1702 1049 1733 fuit
1071 1702 1216 1744 proferre
1239 1702 1357 1734 Latina

537 1751 658 1792 Verba,
682 1752 742 1784 sed
763 1752 948 1785 Hebraicae
972 1753 1173 1796 deprompsit
1195 1753 1314 1785 famine
1337 1754 1468 1796 linguae

537 1803 665 1836 ‘Amen'
689 1803 782 1836 dulce
805 1805 865 1837 viri
888 1805 1054 1847 complens
1077 1805 1131 1848 pia
1153 1808 1230 1837 vota
1252 1806 1423 1848 precantis.

536 1856 636 1898 Ergo,
658 1859 695 1888 ut
717 1857 778 1889 rite
801 1867 920 1899 queam
942 1856 1057 1889 laudes
1081 1867 1119 1889 ac
1141 1859 1236 1899 gesta
1258 1861 1372 1889 notare

536 1908 703 1940 Pontificis
725 1909 847 1951 magni,
871 1908 971 1941 divini
992 1909 1120 1951 postulo
1144 1909 1283 1951 supplex

535 1961 691 1992 Flaminis
713 1961 880 2001 auxilium,
905 1960 991 2004 quod
1015 1961 1159 1993 continet
1183 1961 1290 1992 omnia
1311 1961 1478 2003 complens

537 2012 647 2052 Astra,
671 2013 792 2055 polum,
814 2013 962 2055 pelagus,
986 2015 1098 2053 terras,
1122 2023 1186 2055 quo
1209 2015 1324 2044 cuncta
1345 2016 1509 2055 reguntur,

538 2064 621 2097 Cum
643 2075 708 2107 quo
731 2065 840 2106 lingua
863 2065 960 2105 valet,
984 2065 1053 2096 siue
1078 2075 1141 2106 quo
1166 2063 1316 2096 facundia
1338 2067 1427 2097 muta
1450 2068 1508 2096 est.

537 2116 572 2148 Si
595 2120 651 2148 tua
673 2119 756 2156 sunt,
780 2127 863 2158 quae
887 2126 991 2156 narro,
1015 2116 1105 2156 deus,
1128 2126 1212 2148 nuno
1234 2126 1305 2148 oro:
1329 2116 1475 2158 precanti

537 2168 667 2210 Elingui
689 2168 835 2200 mihimet
858 2167 900 2200 da
921 2168 1051 2210 linguae
1074 2178 1189 2199 munus
1212 2167 1378 2199 honestae.

577 2224 635 2256 VI.
659 2223 726 2256 Se'd
749 2225 837 2267 prius
860 2234 936 2256 arce
958 2234 1061 2266 genus
1084 2224 1179 2256 rutila
1202 2223 1398 2255 celebrabile
1422 2227 1544 2256 cretum

537 2277 686 2319 Pangere
710 2276 810 2318 gestit
831 2286 923 2308 amor
945 2276 1126 2318 cursimque
1149 2278 1263 2307 notare
1286 2275 1417 2307 beatam

536 2328 732 2370 Progeniem
754 2328 829 2359 iusti
851 2327 1020 2370 primoque
1043 2327 1165 2358 referre
1188 2327 1307 2369 priora,

535 2379 693 2417 Quatinus
715 2379 847 2411 infixam
870 2378 1013 2411 radicem
1035 2379 1156 2420 pagina
1178 2388 1320 2418 servans,

536 2431 671 2464 Arboris
694 2431 834 2463 eximiae
857 2430 987 2462 demum
1009 2430 1178 2472 praecelsa
1199 2439 1356 2472 propago‚

537 2483 713 2515 Ramorum
737 2486 771 2514 et
794 2482 915 2514 celsum
939 2482 1070 2514 tollatur
1093 2480 1135 2512 ad
1157 2483 1243 2512 astra
1266 2491 1430 2512 cacumen.

536 2535 595 2567 Est
617 2535 707 2578 regio
730 2535 869 2577 antiquis
892 2533 1068 2576 Aquitania
1090 2532 1176 2565 dieta
1199 2532 1331 2573 colonis,

535 2587 737 2630 Bellipotens
761 2590 795 2619 et
816 2586 995 2628 frugiferax
1017 2586 1239 2628 populosaque
1263 2584 1368 2616 tellus.

1759 108 1820 137 571

273 2699 308 2727 85
331 2709 391 2727 areo
410 2701 513 2727 Vareno
526 2700 551 2725 A
642 2699 677 2726 90
699 2699 831 2733 Quidquid
843 2699 869 2724 A
957 2697 1008 2724 102
1030 2698 1121 2731 loquar
1142 2706 1177 2723 an
1203 2697 1248 2730 (cf.
1266 2696 1332 2723 Aen.
1354 2697 1410 2722 III
1418 2696 1464 2730 39)
1476 2697 1502 2722 B

417 2742 468 2770 123
485 2743 619 2777 Quatenus
636 2751 705 2770 corr.
725 2742 750 2768 V
832 2741 883 2768 124
900 2742 1020 2768 dasmum
1039 2741 1108 2773 (item
1125 2739 1230 2771 similia)
1251 2740 1275 2765 V

170 2745 291 2777 Tangere
303 2743 329 2770 B

1596 2697 1642 2723 121
1668 2697 1783 2723 Pandere
1803 2696 1827 2721 V
