2060 3074
274 165 337 196 620
930 159 1082 186 MILONIS
1101 157 1277 185 CARMINA.

640 247 745 283 Quam
770 247 904 278 veniens
928 245 1076 277 dominus
1099 245 1331 287 legislatorque
1354 245 1484 284 retexit,

560 312 596 332 145
641 299 776 331 Hordea
799 299 853 341 qui
877 298 984 340 fregit,
1010 297 1086 329 dum
1110 297 1220 329 turbas
1242 307 1326 340 pane
1349 297 1474 330 refecit.

638 351 710 382 Noc
734 350 874 381 iustitiae
898 349 1013 380 merito
1037 351 1184 380 servatus
1206 349 1239 380 in
1262 359 1347 388 arca,

639 403 725 434 Dum
749 402 951 434 cataclismus
975 401 1192 443 aquistotum
1217 400 1364 432 desaevit
1386 401 1418 432 in
1442 401 1564 442 orbem,

639 454 757 485 Extitit
779 454 930 494 inlaesus,
954 452 1074 484 mundo
1098 455 1256 495 pereunte
1280 454 1454 495 superstes.

638 505 795 548 Aptatam
817 505 916 536 ternis
941 505 1077 549 cameris
1101 504 1282 536 distinctius
1305 514 1414 536 arcam

555 570 592 589 15⁰
636 557 804 599 Explicat;
827 557 910 588 haec
931 556 1090 596 homines,
1114 556 1262 588 volucres
1285 555 1494 598 pecudesque
1518 556 1669 598 ferasque

639 609 791 640 Continet
813 609 927 651 hisque
952 607 1072 650 gradus
1095 608 1284 639 meritorum
1307 608 1446 650 insignia
1469 607 1618 639 reddunt.

639 661 790 703 Longum
814 663 864 692 est
886 660 1080 702 multiplices
1103 670 1199 691 versu
1222 662 1402 691 monstrare
1425 660 1545 701 figuras

640 712 682 743 Et
705 712 846 754 triplices
869 722 981 742 sensus
1004 710 1143 742 trimoda
1166 714 1296 742 cantare
1321 710 1480 742 Camena:

640 764 749 804 Disce,
773 773 898 806 precor,
922 763 1008 794 vitae
1033 762 1272 803 documentum,
1295 763 1408 802 lector,
1432 762 1603 794 honestae:

556 828 593 847 ιω
637 815 785 857 Ingluvie
809 815 930 846 ventris
953 825 1012 858 per
1035 814 1133 846 foeda
1157 814 1318 846 cadavera
1341 825 1455 846 corvus

639 867 830 898 Discurrens
853 866 948 898 avido
972 866 1049 898 dum
1072 867 1214 909 complet
1237 869 1368 909 guttura
1390 869 1504 907 rostro,

640 919 785 951 Ulterius
807 930 871 950 non
894 919 962 950 vult
985 919 1069 950 intra
1092 930 1187 951 arcae
1211 920 1351 951 claustra
1373 919 1488 951 teneri.

640 971 715 1002 Non
737 971 845 1011 homo,
869 981 934 1002 non
957 981 1102 1013 serpens,
1126 981 1190 1002 non
1213 971 1340 1013 reptile,
1364 981 1429 1002 non
1452 971 1504 1002 leo
1529 970 1692 1010 frendens,

640 1022 715 1054 Non
738 1022 871 1064 elephas
894 1022 1024 1064 grandis
1047 1022 1201 1054 membris
1223 1022 1406 1065 gibberque
1433 1023 1576 1054 camelus

559 1087 597 1106 160
639 1074 699 1106 Est
722 1084 817 1105 ausus
840 1074 958 1116 patulis
981 1084 1075 1106 arcae
1100 1074 1229 1116 prodire
1253 1075 1410 1114 cavernis,

639 1126 817 1168 Usquequo
842 1125 996 1158 deficeret
1019 1126 1171 1158 transacti
1194 1137 1292 1158 eausa
1314 1126 1441 1168 pericli3

638 1178 741 1209 Facta
762 1178 796 1209 in
818 1188 927 1209 amore
951 1179 1047 1220 gulae
1071 1178 1170 1210 velox
1193 1178 1313 1210 oblivio
1337 1178 1423 1209 vitae

641 1230 812 1262 Servatae:
839 1230 884 1262 sic
906 1230 1133 1272 gastrimargia
1156 1229 1285 1262 reddita
1308 1230 1439 1262 mundo.

640 1282 746 1318 Quam
768 1282 855 1324 prior
877 1281 928 1313 hic
951 1292 1065 1314 corvus
1089 1281 1186 1314 docet
1207 1282 1376 1324 impietate
1401 1282 1566 1324 magistra,

560 1346 596 1365 165
641 1333 775 1365 Sobrius
797 1334 852 1365 ille
875 1333 947 1365 Noe
972 1333 1049 1365 dum
1073 1333 1220 1365 claustris
1244 1333 1392 1365 conditur
1415 1343 1527 1370 arcae3

641 1385 686 1416 Ut
709 1387 818 1416 tamen
843 1385 945 1416 evasit
968 1385 1088 1417 mundo
1112 1386 1176 1417 iam
1199 1385 1282 1417 liber
1304 1387 1430 1427 aperto,

644 1437 780 1468 Insolito
804 1436 880 1468 dum
903 1440 1006 1469 mutat
1029 1448 1130 1480 aquas
1153 1448 1213 1480 per
1234 1438 1327 1469 labra
1349 1437 1462 1478 Linea,

641 1489 800 1530 Tegmine
824 1487 963 1520 nudatus
986 1491 1062 1520 nato
1087 1488 1211 1520 derisus
1234 1489 1276 1521 ab
1299 1499 1363 1520 uno

640 1540 704 1572 Hic
727 1541 814 1582 prior
837 1541 978 1583 excepit,
1002 1541 1079 1583 quid
1101 1539 1266 1573 Bacchica
1286 1551 1422 1573 munera
1447 1543 1592 1583 possent.

560 1606 597 1624 1¹10
641 1592 807 1635 Evigilans
829 1592 902 1624 Noe
926 1592 1051 1634 (lector,
1076 1593 1210 1635 vigilare
1234 1596 1413 1625 memento:

641 1644 769 1676 Dormit
792 1645 878 1676 enim
900 1645 1052 1686 graviter,
1076 1645 1130 1687 qui
1153 1645 1283 1688 potibus
1305 1645 1360 1676 ilia
1384 1645 1540 1687 complet)

640 1695 763 1728 Auditu
786 1695 907 1737 didicit,
932 1707 1014 1739 quae
1039 1696 1142 1729 Oham
1166 1697 1227 1729 sibi
1250 1697 1333 1729 filius
1359 1697 1438 1739 egit.

642 1748 716 1779 Non
739 1751 850 1780 tamen
872 1752 1038 1780 auctorem
1062 1749 1213 1781 scelerati
1235 1749 1350 1781 iniuria
1373 1749 1451 1785 facti

643 1800 746 1832 Oham
769 1804 897 1843 patrem
920 1801 1043 1842 tetigit:
1070 1800 1226 1833 Chanaan
1249 1800 1440 1832 maledictus
1463 1800 1575 1832 abivit.

560 1866 598 1884 175
642 1852 816 1892 Perfidiae,
840 1852 975 1893 Iudaea,
1001 1856 1076 1884 tuae
1101 1863 1261 1895 cognosce
1285 1853 1416 1895 figuras,

644 1904 735 1941 Quae
761 1903 889 1936 Christo
913 1905 1070 1936 moriente
1095 1905 1157 1936 tuis
1181 1904 1355 1937 maledicta
1378 1904 1520 1946 precaris

644 1956 866 1998 Reliquiarum
890 1956 991 1988 avidis
1015 1956 1177 1988 dimittens
1200 1956 1359 1999 fragmina
1382 1956 1482 1987 natis:

383 2103 432 2129 147
450 2094 600 2131 oataclsxinus
614 2104 639 2129 A
730 2105 778 2131 169
796 2106 920 2131 bacchica
937 2106 973 2130 «a
987 2106 1011 2130 A
1102 2105 1151 2130 172
1168 2106 1218 2130 sibi
1232 2103 1270 2138 E]
1289 2113 1339 2130 om.
1352 2103 1378 2129 A

384 2189 434 2215 145
459 2189 494 2216 E.
504 2197 530 2222 9.
548 2189 644 2216 Matth.
666 2191 706 2222 15,
720 2191 830 2217 32—38.
922 2191 972 2218 146
995 2198 1074 2224 arca,
1100 2198 1182 2224 quam
1199 2189 1258 2216 Noe
1274 2189 1366 2216 iussus
1383 2191 1420 2215 cst
1436 2189 1534 2222 facere,
1553 2190 1614 2215 teste
1631 2187 1788 2222 Auqustino
1805 2187 1873 2221 (Οἰο.
1890 2187 1935 2215 dei

283 2240 350 2266 XII
357 2241 403 2274 26)
422 2240 546 2267 clm-istus
564 2243 607 2267 est.
698 2242 747 2269 149
770 2242 837 2269 G'aem.
853 2244 878 2275 6,
890 2243 922 2270 16
940 2242 1068 2269 deorsum
1087 2242 1239 2269 coenacula
1258 2243 1287 2268 et
1305 2241 1424 2275 tristega
1441 2240 1526 2267 facies
1543 2239 1575 2266 in
1593 2240 1691 2273 eav(=
1708 2238 1842 2266 inferiora
1858 2239 1934 2269 bim-

279 2293 416 2318 merataet
434 2292 612 2319 tricamerata
630 2293 714 2320 facies
733 2294 808 2327 apud
819 2294 1026 2329 Auyuswrmm).
1086 2310 1088 2312 >
1111 2294 1167 2320 149.
1182 2293 1232 2319 150
1250 2292 1411 2319 distinctius
1424 2291 1548 2327 explicat
1559 2299 1593 2319 sc.
1608 2291 1722 2326 Moyses.
1799 2291 1936 2318 151—155

280 2344 442 2371 animalibus
468 2344 514 2378 iis,
541 2353 609 2378 quae
636 2354 702 2372 arca
730 2346 875 2379 continuit,
905 2354 1068 2380 quamquam
1091 2353 1143 2379 pro
1169 2353 1258 2372 eorum
1283 2344 1372 2371 indole
1397 2347 1477 2371 terna
1504 2343 1664 2378 siynificatio
1689 2342 1825 2377 assiqua-i
1846 2345 1936 2376 potest

279 2396 308 2428 (i.
327 2395 452 2422 historica
474 2396 563 2431 typica
584 2397 706 2431 moralis,
728 2398 779 2431 cfr.
802 2398 910 2432 Greyor.
930 2398 1030 2424 Moral.
1049 2406 1088 2431 ep.
1107 2397 1178 2424 miss.
1192 2398 1209 2424 3
1234 2397 1310 2431 apud
1330 2396 1423 2430 Miqne
1441 2397 1484 2428 75,
1496 2396 1568 2429 513),
1586 2397 1678 2422 tamen
1695 2394 1764 2429 quia
1780 2397 1818 2422 tot
1833 2394 1936 2428 stouras

279 2455 406 2473 enarrare
422 2448 531 2482 longum
548 2451 596 2482 est,
619 2457 707 2475 unum
724 2450 788 2483 eliqo
805 2457 923 2483 corvum,
948 2449 1027 2476 cuius
1049 2448 1128 2475 libido
1151 2448 1295 2475 inhonesta
1317 2448 1364 2474 cibi
1387 2447 1542 2474 documento
1563 2447 1612 2480 sit,
1638 2454 1674 2473 ne
1695 2446 1728 2472 in
1750 2445 1818 2473 idm
1839 2445 1936 2473 vitium

279 2498 415 2525 incmras.
510 2501 645 2527 155—164
673 2501 817 2535 Auqustin.
844 2504 939 2528 contra
968 2500 1070 2535 Fau-st„
1097 2501 1167 2527 XII
1181 2501 1216 2526 20
1243 2501 1360 2534 (cm-ms)
1386 2499 1528 2534 significat
1555 2498 1681 2526 homines
1707 2499 1738 2525 in
1764 2497 1936 2525 inmunditia

281 2551 444 2578 teterrimos.
534 2553 654 2579 155156
675 2553 761 2579 Prud.
780 2553 849 2580 Ditt.
869 2554 939 2586 3,11
959 2561 1056 2580 corvus
1081 2553 1154 2580 enim
1173 2552 1300 2586 ingluvie
1325 2560 1374 2586 per
1392 2551 1474 2578 foeda
1499 2550 1635 2577 cadavera
1658 2551 1770 2585 captns3
1794 2549 1884 2577 Sedu&
1907 2549 1935 2577 G.

276 2610 304 2635 p.
324 2602 345 2628 I
353 2603 403 2628 172
425 2612 521 2630 corvus
542 2623 564 2630 ..
583 2604 700 2638 rapinis!
721 2604 833 2631 deditus
857 2606 943 2639 atque
962 2604 1045 2631 avido
1063 2605 1192 2631 saturans
1211 2612 1279 2630 cava
1298 2605 1414 2638 gutture
1432 2604 1522 2630 rostro
1540 2602 1630 2637 llnunc
1647 2602 1737 2629 bonus
1754 2601 1868 2635 Heliae,
1885 2601 1935 2636 qni

281 2653 401 2687 perfidus
419 2655 503 2681 antea
522 2655 588 2681 Noe.
679 2656 812 2683 172—176
834 2655 928 2683 Isidor.
948 2656 1030 2689 Alley.
1043 2656 1077 2682 15
1101 2655 1208 2690 (Miyne
1231 2655 1247 2682 1.
1264 2663 1285 2682 c.
1305 2663 1369 2689 pay.
1390 2655 1451 2689 103)
1469 2654 1555 2682 Cham
1575 2653 1691 2681 Iudaeos
1709 2653 1864 2688 significat,
1885 2652 1935 2687 qui

281 2704 421 2732 Christum
445 2706 620 2734 incarnatum
639 2708 724 2741 atque
747 2708 888 2734 mortuum
906 2707 1043 2734 derident.
1080 2707 1113 2733 16
1131 2706 1282 2738 chanaam,
1300 2706 1374 2732 filius
1393 2705 1466 2738 eins,
1485 2705 1534 2740 qui
1552 2714 1603 2740 pro
1621 2704 1711 2739 patris
1728 2704 1832 2732 delicto
1849 2704 1935 2732 ina-le-

281 2756 404 2783 dictione
428 2757 590 2790 damnatur,
612 2759 807 2793 posteritatem
828 2759 937 2786 indicat
954 2759 1134 2790 Iudaeorum,
1157 2758 1207 2792 qui
1229 2757 1260 2784 in
1282 2758 1413 2792 passione
1431 2757 1536 2784 domini
1556 2756 1747 2784 damnationis
1765 2756 1935 2783 sententiam

281 2810 457 2843 exceperunt,
475 2809 660 2837 clamantibus
679 2810 801 2837 Iudaeis:
821 2811 944 2846 ‘sanguis
964 2810 1023 2838 eius
1041 2819 1125 2845 super
1142 2819 1193 2837 nos
1212 2811 1241 2837 et
1259 2818 1342 2844 super
1359 2810 1431 2837 filios
1455 2809 1572 2836 nostros*
1591 2808 1705 2843 (Mutila.
1723 2809 1766 2842 27,
1778 2808 1833 2842 25).

1875 2851 1898 2882 ·:
