2040 2996
233 110 272 142 76
804 102 968 134 AUDEADI
986 102 1114 133 MODICI
1133 102 1307 132 CARMINA.

601 213 639 218 —
663 194 748 226 Nam
773 194 904 236 (mirum
928 193 1042 234 dictu),
1067 195 1187 224 coeunt
1210 191 1286 223 dum
1307 191 1432 222 lumina
1454 189 1598 230 Phebae,

600 246 779 278 Instituere
803 249 914 289 patres
938 245 1073 277 nimium
1098 244 1294 286 sollempnia
1315 243 1458 286 paschae
1481 255 1537 280 —;

599 298 698 338 “Sed,
723 309 850 330 sursum
874 298 1002 341 pallens
1026 299 1061 328 ut
1084 296 1223 339 primum
1247 295 1387 327 condere
1410 295 1521 327 lumen

603 350 756 392 Coeperit
780 350 930 392 etterris
954 350 1047 391 nigra
1069 348 1227 380 vilescere
1250 347 1365 386 forma,

517 409 541 428 9⁵
599 401 664 433 Ter
689 404 816 443 septem
839 404 1022 441 numerant,
1046 411 1128 442 quos
1152 410 1215 431 non
1239 398 1401 430 excedere
1426 398 1512 429 soles

599 453 661 491 Sit,
685 453 742 484 sed
764 453 798 484 in
820 453 872 484 his
894 453 1018 484 licitum
1042 455 1191 484 sanctum
1215 451 1395 493 sollempne
1419 449 1574 492 requiri’'.

599 504 687 540 Quid
711 505 764 536 hic
788 505 912 547 pascha
935 505 1034 546 pium,
1058 514 1212 535 numerus
1236 513 1295 535 seu
1318 503 1396 534 luna
1417 502 1568 544 figurent,

599 556 754 599 Explicet
777 560 810 587 et
833 556 964 599 triplum
988 556 1108 598 poterit
1131 555 1311 586 dissolvere
1334 554 1465 586 nodum.

598 608 662 639 Hic
685 618 811 639 memor
834 611 922 639 esto:
947 608 1053 638 locum
1075 607 1202 638 iuvenis
1226 617 1384 648 responsa
1408 604 1603 648 capessant'.

233 670 281 690 AU.
506 668 545 687 100
603 660 694 691 ‘Sum
718 670 887 702 praesens,
911 659 1049 699 iuvenis,
1071 659 1219 690 referens
1242 658 1323 689 haec
1347 657 1459 689 ordine
1482 657 1592 689 iusso!

599 712 706 744 ‘Iussa
727 712 840 752 refers,
864 721 1009 753 agnosco
1033 710 1165 753 quidem
1189 709 1343 741 mandata
1366 710 1485 741 relatis.
1828 716 1888 739 nm.

599 765 790 796 Immortale
813 764 914 796 decus
938 763 1068 795 domino
1090 773 1292 804 regnumque
1316 773 1471 805 perenne,

599 817 663 854 Qui
687 817 766 848 mihi
790 816 945 858 dignatur
968 815 1117 857 geminas
1142 814 1297 846 mandare
1320 814 1443 846 salutes

600 868 729 910 Quique
753 867 843 899 dedit
866 868 941 899 vivo
966 867 1084 899 faciem
1107 866 1305 909 perfundere
1329 866 1398 897 rivo

506 928 542 946 ¹⁰⁵
600 920 835 962 Vimineasque
859 919 974 950 domus
1000 918 1165 950 frondenti
1188 918 1331 959 tegmine
1356 918 1465 957 cessit,

598 972 734 1014 Excipit
757 982 794 1003 ac
817 971 919 1003 nostri
944 970 1066 1013 scypho
1090 970 1247 1002 libamina
1270 970 1353 1001 voti:

600 1024 694 1055 Illius
718 1023 822 1066 (haud
844 1023 993 1065 dubium)
1018 1023 1114 1054 nobis
1138 1025 1316 1065 praecepta
1339 1022 1453 1053 tulisti.

600 1076 661 1115 Da,
686 1076 815 1115 dilecte,
838 1085 971 1106 manum
994 1084 1185 1116 mecumque
1209 1074 1270 1105 hac
1293 1077 1390 1105 nocte
1414 1074 1547 1115 quiesce

600 1127 854 1169 Florentemque
879 1127 1011 1158 domum
1034 1127 1099 1158 iam
1123 1137 1209 1157 nunc
1232 1125 1408 1157 fidissimus
1431 1125 1517 1156 intra

504 1186 541 1205 110
599 1178 710 1220 Atque
735 1178 853 1210 sedens
878 1178 1021 1209 animum
1045 1180 1194 1209 recreato
1218 1176 1403 1208 salubribus
1426 1176 1532 1216 undis,

601 1230 705 1262 Utere
729 1231 781 1262 vel
807 1230 917 1261 stratis
942 1240 1055 1261 somno
1081 1229 1140 1260 sub
1164 1231 1259 1260 nocte
1282 1229 1420 1271 tapetis;

602 1282 722 1314 Cetera
745 1277 894 1323 quaeque
918 1281 1034 1320 refers,
1060 1280 1188 1312 Aurora
1211 1283 1295 1311 teste
1317 1279 1500 1311 facessam'.

601 1334 686 1366 ‘Non
709 1334 833 1375 meritis
858 1333 991 1375 indigna
1014 1333 1080 1364 tuis
1105 1332 1165 1363 tibi
1189 1332 1292 1374 gloria
1314 1332 1416 1363 crevit
1779 1337 1889 1358 AUDRA.

600 1385 715 1425 Tanta,
739 1385 844 1417 bonus
868 1385 1007 1427 hospes;
1032 1394 1125 1416 sacro
1150 1384 1190 1415 de
1213 1384 1302 1415 fonte
1325 1383 1452 1415 bibisti:

506 1446 542 1464 11⁵
601 1437 751 1480 Namque
775 1437 866 1468 vales
891 1437 995 1468 doctis
1020 1446 1155 1478 aegrum
1180 1446 1296 1467 sanare
1320 1435 1469 1477 loquelis.

600 1490 652 1521 En
677 1490 827 1532 quaesita
850 1499 981 1520 manus:
1007 1488 1122 1531 quovis
1145 1498 1370 1531 properemus,
1396 1487 1516 1523 amice;

598 1542 668 1574 Nec
692 1541 851 1574 fraudabo
874 1541 1006 1572 thorum
1030 1540 1176 1572 menbris
1200 1550 1261 1571 nec
1284 1539 1402 1581 pocula
1425 1539 1535 1570 labris.

598 1594 692 1625 Illius
715 1597 886 1625 aeternum
908 1595 1043 1624 maneat
1065 1602 1125 1634 per
1148 1592 1260 1623 secula
1282 1601 1412 1630 nomen,

598 1645 749 1688 Hospitis
772 1645 871 1677 electi
894 1645 948 1686 qui
971 1655 1023 1675 me
1049 1644 1168 1675 direxit
1190 1643 1231 1674 ad
1255 1643 1378 1674 aulam.‘

504 1705 541 1724 12⁰
601 1697 666 1728 Sed
691 1707 764 1728 cum
787 1699 879 1728 tanta
902 1696 963 1727 tibi
987 1697 1090 1727 virtus
1115 1695 1291 1737 laudesque
1314 1699 1495 1734 manerent,

599 1749 712 1789 Miror,
736 1760 794 1780 cur
816 1749 917 1780 tantis
940 1748 1070 1779 voluisti
1094 1747 1235 1779 subdere
1259 1747 1374 1789 poenis

600 1801 666 1842 Me,
691 1802 745 1843 qui
768 1802 813 1832 nil
836 1801 941 1840 nocui,
965 1801 1115 1831 iuvenem
1141 1798 1199 1830 sed
1224 1795 1352 1841 semper
1377 1798 1499 1830 amavi:

601 1853 723 1885 Dicere
747 1854 774 1884 si
796 1853 905 1893 liceat,
930 1852 1085 1894 placitum
1109 1851 1250 1893 culpabo
1274 1851 1431 1892 magistri.

600 1905 685 1937 Nam
710 1905 884 1947 quondam,
907 1903 1045 1947 placidis
1070 1914 1205 1935 caneres
1231 1912 1304 1934 cum
1328 1902 1464 1934 vocibus
1488 1902 1577 1942 odas,

505 1965 541 1984 12⁵
600 1958 654 1989 Me
679 1968 740 1989 eeu
764 1957 920 1988 dilectum
944 1955 1112 1987 mulcebas
1137 1955 1278 1986 carmine
1301 1954 1372 1985 tali:

604 2008 771 2041 “Consule
794 2008 934 2040 festinus
958 2008 1119 2051 propriae,
1143 2006 1272 2045 dilecte,
1297 2006 1410 2043 saluti3

603 2061 650 2092 Te
675 2071 804 2103 quoque
826 2060 984 2102 paulatim
1007 2059 1210 2101 praecedens
1234 2058 1346 2089 limina
1367 2058 1524 2100 pandam;

602 2113 703 2153 Intra,
728 2123 792 2154 qua
816 2112 938 2144 saliens
961 2111 1034 2143 fons
1059 2112 1152 2142 vivus
1177 2110 1329 2142 verberat
1352 2109 1471 2142 astra”.

601 2165 696 2197 Ficta
718 2165 798 2196 fides
822 2164 934 2207 placiti
958 2164 1066 2206 rapuit
1087 2163 1229 2205 vestigia
1250 2162 1339 2204 pacti

504 2225 543 2243 130
601 2217 827 2259 Condictoque
851 2217 923 2248 loco
947 2216 1083 2248 veniens
1106 2215 1292 2257 incognitus
1316 2225 1398 2247 erro.

601 2269 726 2311 Bisque
748 2272 928 2310 quaterque
951 2278 1075 2299 vocans>
1095 2267 1309 2299 Hincmarum
1332 2266 1464 2298 vocibus
1489 2267 1587 2300 addo:

601 2320 810 2352 Hauriebant
833 2331 954 2352 vacuas
978 2319 1091 2351 crebra
1114 2319 1155 2351 de
1179 2330 1259 2351 voce
1282 2319 1429 2361 loquelas

337 2417 367 2443 91
388 2417 523 2443 *crescunt
540 2417 591 2442 Ro
660 2418 778 2442 Phoebae
800 2416 821 2441 Ο
906 2414 939 2441 97
959 2417 1027 2449 figur
1039 2434 1045 2440 .
1059 2435 1064 2441 .
1079 2435 1085 2441 .
1105 2415 1129 2440 R
1216 2414 1249 2439 99
1268 2423 1343 2448 capes
1357 2435 1363 2440 .
1376 2434 1382 2440 .
1397 2434 1402 2440 .
1422 2415 1447 2439 R
1511 2420 1573 2448 poet
1589 2414 1623 2440 99
1641 2416 1769 2441 INCIPIT
1788 2416 1890 2441 LIBER

234 2461 280 2485 DE
307 2462 420 2486 FONTE
447 2461 552 2485 VITAE
583 2461 643 2492 (cfr.
670 2460 769 2485 titulum
796 2459 851 2484 cod.
874 2459 899 2484 R
921 2468 948 2492 p.
968 2458 1011 2491 73)
1041 2460 1086 2483 AB
1112 2458 1294 2483 HINCMARO
1321 2459 1592 2484 ARCHIEPISCOPO
1619 2459 1666 2484 AD
1694 2459 1889 2484 AUDRADUM

234 2504 425 2529 EPISCOPUM
443 2503 464 2528 Ο
546 2502 596 2528 100
614 2504 681 2528 'rum
698 2503 719 2527 0
771 2511 947 2536 personarum
959 2507 1034 2527 notas
1046 2510 1131 2527 omnes
1143 2510 1191 2526 om.
1210 2501 1231 2526 O
1301 2500 1351 2526 103
1368 2502 1446 2526 michi
1459 2501 1484 2526 R
1495 2506 1518 2526 et
1529 2502 1633 2535 desere
1708 2501 1758 2526 115
1775 2510 1804 2526 sa
1816 2521 1822 2526 .
1837 2520 1843 2526 .
1856 2521 1863 2527 .
1875 2510 1890 2527 e

234 2547 344 2579 loquelis
363 2547 387 2571 R
474 2545 525 2572 128
544 2548 614 2571 Intra
626 2555 692 2579 quae
708 2547 729 2571 Ο
817 2545 867 2571 129
886 2546 937 2579 pati
950 2555 1017 2571 corr.
1031 2545 1055 2570 R
1145 2543 1193 2570 130
1210 2544 1333 2570 Condicio
1346 2563 1352 2569 .
1366 2563 1372 2569 .
1387 2563 1393 2569 .
1409 2563 1415 2569 .
1428 2553 1474 2570 oco
1487 2544 1520 2576 R,
1537 2545 1627 2570 horror
1642 2544 1664 2569 0
1751 2543 1800 2569 132
1819 2545 1890 2570 Hau-

234 2588 344 2622 riebant]
363 2598 430 2615 eras.
449 2599 463 2615 e
480 2594 503 2614 et
520 2594 530 2615 t
550 2590 574 2614 R
592 2590 736 2614 HaurIbam
759 2589 780 2614 0

339 2657 388 2683 103
406 2658 453 2690 cfr.
472 2657 596 2683 Hraban.
618 2657 706 2690 XIX,
727 2658 749 2684 1.
831 2658 877 2684 111
898 2656 944 2689 cfr.
963 2656 1004 2683 63.
1093 2655 1141 2682 127
1160 2655 1206 2688 cli:
1226 2656 1265 2682 18.
1354 2656 1405 2682 128
1423 2656 1489 2682 Aen.
1509 2656 1564 2689 HI,
1583 2656 1635 2683 423
1653 2655 1744 2682 sidera
1762 2654 1891 2682 verberat

234 2707 318 2734 unda.
411 2709 457 2735 131
484 2709 586 2742 Bisque
611 2710 767 2742 quaterque
783 2709 848 2735 mire
865 2709 994 2742 confluxit
1011 2716 1043 2734 ea:
1060 2708 1158 2742 bisque
1177 2709 1274 2742 terque
1292 2710 1314 2734 et
1333 2710 1431 2741 terque
1449 2709 1604 2742 quaterque
1625 2707 1686 2740 (hoc
1703 2707 1784 2733 initio
1802 2714 1890 2733 versus

233 2767 253 2785 e.
268 2767 293 2794 y,
315 2759 362 2785 (τέ.
383 2759 422 2792 11,
440 2761 519 2794 399)‚·
537 2761 580 2787 sed
597 2762 646 2794 cfr.
667 2759 741 2787 codd.
760 2759 796 2786 ad
814 2760 938 2787 Martial.
958 2760 981 2794 I,
1002 2760 1059 2792 103,
1078 2761 1102 2787 6.
