2040 2996
620 103 669 134 Al)
687 103 914 136 mmmm
931 102 980 135 m·
999 103 1257 136 EBERHARDUM.
1706 109 1766 143 221

482 193 583 227 Doxa
605 194 812 237 triumphalis
835 194 931 227 bellis
954 205 994 227 ac
1018 193 1156 227 Martius
1181 195 1278 228 ardor

528 247 675 279 Hunroci
698 247 810 290 proles
833 247 917 279 haec
939 246 1118 279 benedicta
1140 249 1233 280 nitet.

486 298 611 331 Affrica
633 309 732 341 quem
755 299 908 341 trepidat,
931 298 1041 331 horret
1064 299 1264 342 Maurusque
1289 300 1441 343 nigellus:

399 358 423 377 ιο
528 350 590 390 Tu,
614 348 788 390 Saracene,
813 350 926 382 tremis
949 351 1070 383 bellica
1092 355 1187 393 gesta
1210 352 1285 389 viri;

482 402 588 434 Roma
610 401 670 434 sed
694 401 860 434 admirans
883 401 975 434 ducis
999 403 1114 434 inclita
1136 403 1229 445 facta,
1246 404 1335 435 beati

527 453 645 486 Italiae
669 453 810 496 clipeum
833 453 956 495 gaudet
979 453 1103 487 habere
1126 455 1226 498 pium.

479 505 650 538 Pulchrior
676 505 729 537 hic
752 515 844 545 auru,
866 506 1041 548 pretiosior
1064 509 1162 549 atque
1186 510 1303 549 topazo

407 598 426 601 ᾔ
522 556 668 589 Moribus
690 557 724 589 in
749 557 874 589 cunctis
898 557 1019 589 eminet
1042 558 1105 589 iste
1128 558 1236 595 bonis;

332 609 336 611 '
398 616 423 635 ¹⁵
474 609 625 651 Protegit
646 609 733 641 hunc
757 607 907 641 Christus
930 609 1035 651 clipeo
1059 609 1234 652 gladioque
1257 611 1382 651 salutis,

526 660 646 693 Lorica
667 660 754 700 fidei,
778 661 824 692 sic
847 661 1009 703 galeaque
1033 661 1119 704 spei;

479 712 554 744 Non
578 712 665 744 hunc
689 712 883 756 aequiperat
905 712 1039 752 Hector,
1062 724 1128 745 non
1152 724 1290 755 magnus
1314 714 1471 754 Achilles,

527 765 655 797 Forsan
680 775 755 796 eum
780 764 917 797 Gedeon
940 765 1134 797 assimulare
1158 769 1278 808 potest.

480 817 539 850 Est
561 817 716 849 bonitatis
739 826 869 853 amans;
890 817 1042 860 placidae
1065 817 1101 848 fit
1123 818 1214 860 pacis
1237 821 1364 849 amator

330 904 333 906 v
397 877 424 896 2⁰
527 869 591 901 Hic
614 869 682 901 dux
707 869 915 912 bellipotens,
939 869 1029 901 sidus
1053 870 1085 900 in
1110 869 1189 901 orbe
1212 870 1327 901 micat:

480 921 632 953 Iustitiae
657 921 774 964 pennis
798 931 858 964 per
880 921 1002 952 scalam
1025 920 1154 953 scandit
1177 921 1276 953 Iacob

526 972 596 1005 Nec
619 983 754 1005 mancus
777 972 895 1005 dextra
917 972 1090 1016 splendida
1113 972 1198 1005 dona
1222 974 1310 1005 serit.

481 1025 543 1057 Cui
565 1025 627 1057 sub
649 1024 749 1057 corde
771 1025 824 1068 pio
847 1024 939 1056 dives
963 1025 1141 1057 clementia
1163 1025 1276 1068 pollet,

527 1076 567 1108 In
590 1077 683 1109 cuius
705 1076 798 1109 vultu
821 1076 927 1119 gratia
950 1076 1071 1108 blanda
1095 1077 1186 1115 nitet,

400 1136 425 1155 2·-
479 1127 581 1160 Cuius
604 1132 639 1160 et
662 1129 695 1160 in
718 1129 815 1161 claris
838 1128 992 1170 fulgescit
1014 1128 1119 1170 gloria
1141 1129 1244 1170 gestis
1262 1146 1304 1151 —

479 1211 492 1217 f
527 1179 635 1212 ‘Alma
655 1179 782 1220 Maria,'
805 1180 911 1222 rog(o>
938 1183 982 1212 ‘et
1004 1184 1154 1223 protege,
1178 1179 1319 1219 Christe,
1343 1179 1468 1212 virum'.

480 1232 573 1265 Inter
595 1232 820 1275 Francigenas
844 1232 975 1264 sublimi
999 1233 1120 1264 vertice
1145 1232 1274 1275 palmas

526 1284 590 1316 Hic
613 1285 687 1327 pius
711 1287 811 1327 atque
834 1284 938 1316 bonus
962 1283 1076 1316 florida
1098 1284 1208 1326 palma
1231 1284 1323 1315 viret.

479 1335 616 1368 Mitibus
639 1339 691 1368 est
713 1336 813 1375 mitis,
837 1336 967 1368 miseris
991 1335 1027 1367 fit
1050 1335 1185 1378 dapsilis
1210 1336 1275 1373 ille,

400 1395 426 1414 ³⁰
527 1387 673 1420 Moribus
695 1388 728 1420 in
751 1388 874 1420 sanctis
898 1391 950 1420 est
972 1388 1041 1420 ovis
1066 1388 1152 1419 inter
1175 1398 1268 1422 oves:

485 1440 530 1471 At
554 1440 581 1472 si
605 1439 734 1482 quando
757 1439 827 1471 viro
851 1439 941 1471 zelus
964 1439 1120 1472 fervescit
1143 1439 1175 1470 in
1199 1450 1256 1470 ara

528 1491 654 1532 Gordis,
677 1491 714 1524 fit
736 1491 844 1524 subito
867 1492 1029 1523 maximus
1052 1491 1122 1533 ipse
1145 1491 1213 1522 leo:

479 1542 555 1575 Non
577 1543 668 1575 illum
692 1546 796 1576 terret
818 1543 943 1575 sonitus
968 1543 1167 1585 clangorque
1190 1541 1350 1581 tubarum,

527 1594 594 1627 Sed
616 1604 723 1638 neque
746 1595 954 1628 Nol-mannos
977 1595 1108 1627 inclitus
1131 1588 1186 1626 ille
1210 1594 1313 1626 timet.
1339 1612 1377 1616 —-

400 1653 426 1672 ³⁵
479 1646 642 1679 Obsecro:
664 1647 749 1680 ferte
771 1647 853 1687 viro,
877 1647 1029 1679 victrices
1053 1646 1164 1678 ducite
1187 1646 1312 1689 palmas

527 1698 762 1742 Bellorumque
786 1699 878 1737 rosis,
902 1709 970 1738 vos,
993 1698 1147 1731 decorate
1171 1698 1285 1730 virum.

480 1750 598 1793 Diligit
620 1751 648 1783 is
671 1750 855 1783 Christum:
880 1751 926 1782 sic
950 1750 1098 1782 Christus
1122 1749 1231 1792 diligit
1254 1749 1356 1789 illum,

526 1802 592 1834 Per
613 1802 700 1835 hunc
722 1803 885 1836 ecclesiae
909 1812 1032 1834 cornua
1054 1802 1143 1834 clara
1166 1802 1290 1833 levans.

480 1853 608 1886 Discite
630 1853 867 1897 ancigenae,
891 1855 983 1887 cuius
1007 1864 1066 1886 vos
1089 1854 1207 1886 discite
1230 1857 1334 1896 gesta,

396 1913 423 1932 ⁴⁰
524 1905 672 1939 Virtutes
695 1906 774 1939 clari
797 1911 907 1939 mente
930 1909 1041 1939 tenete
1065 1906 1136 1938 viri.

480 1957 579 1990 Hunc
601 1961 706 2000 pater,
729 1958 815 1991 hunc
837 1959 980 2001 genitus,
1005 1958 1091 1990 hunc
1115 1960 1246 1990 sanctus
1270 1957 1411 2000 spiritus,
1442 1967 1510 1997 oro,

527 2009 716 2052 Magnificet
737 2011 833 2043 terris
857 2010 1083 2053 glorificetque
1106 2010 1200 2053 polis.

902 2107 1006 2129 vani.

231 2160 295 2193 AD
319 2159 630 2193 GUNTHARIUM
653 2159 975 2193 COLONIENSEM
998 2158 1257 2192 EPISCOPUM
1280 2158 1395 2191 IDEM
1420 2157 1653 2191 SEDULIUS.

484 2219 647 2254 Fontibus
671 2221 711 2253 in.
727 2221 861 2265 liquidis
885 2225 1035 2254 versatur
1056 2223 1167 2253 vestra
1191 2220 1336 2252 Camena

516 2271 601 2305 Nec
624 2276 752 2306 torrens
776 2272 904 2306 Cedron
928 2272 1167 2305 conmaculavit
1191 2282 1273 2312 eam,

483 2323 650 2367 Pegaseos
675 2325 812 2357 haustus
836 2325 988 2368 despexit
1011 2327 1184 2366 vestraque
1207 2323 1318 2355 Musa:

534 2376 601 2409 Sed
626 2377 727 2409 sontis
751 2377 843 2409 Siloa
866 2387 958 2409 sacra
980 2377 1104 2408 fluenta
1126 2375 1220 2407 bibit.

218 2487 253 2514 28
267 2487 357 2523 *roget
376 2489 399 2516 C'
476 2488 512 2516 28
527 2490 607 2516 bonu
621 2498 690 2516 corr.
705 2491 728 2516 C
806 2489 839 2516 37
856 2490 947 2524 diligat
962 2489 1013 2524 xpc
1031 2490 1076 2515 inti
1093 2498 1160 2514 corr.
1173 2489 1196 2514 0
1274 2486 1306 2513 41
1325 2487 1430 2520 spiritus
1446 2490 1551 2512 sanctus
1562 2486 1660 2511 Goon.
1677 2486 1769 2511 Graece

117 2529 224 2564 [13va
242 2531 300 2557 edd.
319 2531 468 2558 Duo-uma
486 2533 588 2559 Sedula·
605 2533 724 2558 camina
738 2543 766 2567 p.
784 2532 820 2559 29
837 2538 860 2559 et
878 2533 953 2559 Naue
971 2542 1023 2559 rev.
1042 2532 1067 2557 d.
1086 2532 1175 2557 ecienc.
1193 2531 1253 2556 eccl.
1272 2529 1339 2555 1877
1355 2539 1381 2562 p.
1400 2528 1452 2555 279
1539 2527 1556 2554 4
1574 2529 1646 2561 syloa
1660 2528 1682 2553 Ο

219 2599 237 2625 8
253 2606 292 2633 q.
310 2598 366 2632 (arr.
387 2599 485 2634 XXV,
503 2599 536 2627 21
555 2608 600 2634 η..
684 2601 716 2628 15
733 2609 769 2634 «1.
790 2600 845 2633 Csr.
858 2599 919 2626 Sea.
932 2600 953 2626 Ι
973 2604 1026 2624 JV!
1038 2600 1072 2626 37
1090 2607 1152 2632 sqq..
1232 2598 1264 2624 17
1283 2598 1371 2624 Amat.
1386 2597 1424 2631 II,
1445 2597 1493 2624 711
1509 2605 1627 2632 magnus
1637 2596 1768 2623 Achilles.

116 2649 152 2676 22
167 2649 243 2677 non.
259 2657 280 2677 e.
294 2659 320 2685 q.
339 2651 396 2685 ΠΙ,
411 2652 437 2684 8,
457 2651 492 2678 28
510 2652 658 2687 splendida
676 2652 750 2680 dona
768 2652 855 2679 dares.
946 2653 976 2678 31
995 2659 1030 2685 εᾳ.
1050 2650 1102 2684 C'sr.
1122 2649 1234 2683 LXVI,
1251 2650 1293 2676 21.
1379 2649 1413 2675 33
1431 2648 1486 2682 Csr.
1508 2648 1597 2676 Salui.
1611 2649 1630 2674 Ι
1649 2652 1707 2672 vu!
1726 2648 1768 2675 27.

117 2699 227 2736 [ιινιιι]
240 2701 413 2729 Guntharius
431 2703 591 2738 (eoo-863)
608 2704 745 2738 qnlscqms
765 2703 935 2730 Culmum-«is.
1010 2703 1023 2728 1
1044 2701 1104 2728 Eel.
1115 2701 1158 2734 II,
1175 2702 1210 2728 59
1228 2701 1343 2735 liquidis
1353 2722 1360 2728 .
1371 2721 1377 2728 .
1390 2701 1514 2727 fontibus
1524 2721 1530 2728 .
1541 2721 1548 2727 .
1619 2701 1634 2726 4
1648 2700 1724 2727 Fert.
1741 2700 1770 2734 V,

117 2753 143 2784 3,
161 2753 195 2781 18
214 2753 294 2781 Unde
310 2754 421 2782 animae
440 2754 502 2782 vivo
521 2755 599 2783 sonte
617 2756 722 2783 fluenta
740 2755 849 2783 bibant.
