2040 2996
833 124 943 151 LIBER
962 125 1104 152 PRIMUS.
1770 134 1789 164 9

638 164 650 179 δ

508 211 692 252 Ignicomas
716 211 838 242 iaculet
861 211 1007 243 flammas
1032 212 1088 243 sed
1113 213 1153 244 ad
1177 214 1320 246 aetheris
1345 216 1420 253 alta,

508 263 585 305 Ipse
609 263 708 294 ctiam
732 262 858 294 meritis
883 263 1103 295 crescentibus
1127 265 1368 298 archiminister

413 322 450 340 ¹⁰⁰
509 314 672 346 Efficitur:
698 314 828 357 populis
852 315 957 357 fulget
980 315 1044 347 iam
1068 316 1157 348 clara
1180 317 1322 351 lucerna.

509 366 574 398 Sed
598 365 674 398 dum
697 366 780 398 forte
803 369 897 408 pater
919 367 1048 409 quidam
1073 378 1226 410 suprema
1249 369 1379 401 tulisset

507 419 616 461 Atque
639 419 727 451 diem
751 418 883 451 solitum
907 419 1083 451 clausisset
1106 424 1193 452 sorte
1217 432 1379 463 suprema,

507 471 570 507 Qui
593 470 755 513 quondam
779 471 894 510 tenuit,
917 471 1054 503 fratrum
1078 472 1228 514 rexitque
1252 477 1426 511 catervam,

506 522 557 555 Ne
581 522 711 555 deserta
733 522 788 554 diu
811 523 934 554 auxilio
959 524 1093 555 rectoris
1118 528 1231 566 egeret

412 581 449 600 ¹⁰⁵
508 574 586 617 Ipsa
609 574 734 614 cohors,
757 574 875 606 melius
899 575 1030 606 monitis
1055 575 1113 607 sed
1137 567 1302 609 cresceret
1324 581 1430 616 aucta,

506 626 600 658 Illius
624 626 768 669 regimen
792 626 881 658 claro
903 626 1080 659 mandante
1104 629 1261 670 magistro

508 678 660 722 Suscepit
682 678 784 711 levita
806 678 890 721 pius.
936 678 1042 716 Quam
1065 683 1198 712 rexerat
1219 681 1311 712 annis

502 724 566 762 ‘Bis
589 731 690 763 ternis
715 734 807 763 caste
828 733 928 773 atque
953 731 1068 773 opibus
1093 731 1208 764 ditavit
1231 732 1358 775 opimis.

577 782 660 814 Tum
684 782 788 824 magis
811 785 909 824 atque
933 783 1038 825 magis
1062 783 1128 815 late
1153 784 1308 826 respersit
1333 784 1466 815 odorem

411 842 449 860 ¹¹⁰
508 835 612 867 Fama
635 834 741 877 pium:
764 834 905 877 populus
929 835 1106 877 praeconia
1129 839 1243 867 sancta
1265 836 1461 877 frequentat.

506 886 576 918 Nec
598 886 705 918 minus
729 886 856 918 interea
880 886 968 928 regis
991 886 1138 918 defertur
1160 887 1200 918 ad
1224 898 1319 919 aures

506 938 630 970 Rumor
651 937 825 970 dulcifluus
849 948 928 980 puro
951 938 992 970 de
1016 938 1106 970 fonte
1132 938 1328 978 redundans,

506 990 583 1022 Iura
606 989 706 1022 dabat
727 989 858 1032 populis
882 990 991 1021 celsus
1015 990 1070 1032 qui
1094 994 1241 1033 tempore
1266 991 1299 1022 in
1321 991 1386 1023 illo.

506 1041 590 1073 Tum
614 1041 738 1084 pariter
759 1046 923 1083 proceres,
947 1042 1046 1073 etiam
1070 1042 1140 1074 sinc
1164 1043 1293 1075 nomine
1318 1043 1434 1084 vulgus

412 1102 448 1120 ¹¹⁵
507 1093 683 1136 Obsequiis
705 1093 796 1125 iilum
821 1093 945 1126 meritis
967 1093 1127 1126 adsistere
1152 1095 1240 1136 regis

506 1145 651 1188 Dignum
676 1145 885 1178 conlaudant.
931 1146 1146 1188 complentur
1169 1150 1245 1178 vota
1268 1150 1453 1189 petentum:

506 1198 656 1230 Protinus
680 1197 840 1230 adductus
863 1198 953 1230 celso
977 1197 1150 1230 mandante
1175 1198 1303 1230 tiranno

507 1250 640 1283 Sistitur
661 1253 759 1292 atque
776 1260 842 1283 suo
867 1249 957 1281 vultu
981 1260 1096 1292 parcre
1119 1249 1266 1281 minister

507 1301 621 1334 Iussus
644 1301 755 1338 adest;
777 1300 900 1334 dudum
923 1301 1084 1333 renuebat
1108 1302 1226 1344 pignus
1249 1302 1384 1335 amoris:

411 1361 448 1380 ¹²⁰
506 1353 656 1396 Denique
681 1353 728 1386 sic
751 1353 827 1385 altis
849 1352 1025 1396 Leudegar
1048 1353 1192 1395 iungitur
1214 1354 1309 1386 aulis.

506 1405 536 1438 A
560 1406 687 1438 cunctis
711 1405 830 1438 colitur
850 1405 939 1437 miris
963 1405 1137 1438 affectibus
1161 1406 1242 1438 illic:

505 1458 604 1490 Illum
627 1458 764 1500 quisque
787 1461 914 1501 patrem
937 1457 1084 1500 gaudens
1108 1461 1141 1490 et
1165 1458 1302 1500 quisque
1326 1459 1517 1500 magistrum

505 1509 615 1542 Gestit
637 1508 761 1542 habere
785 1509 883 1552 pium,
907 1509 1030 1552 pariter
1052 1509 1244 1551 iuvenisque
1268 1519 1446 1551 senexque.

575 1561 662 1594 Urbs
685 1561 747 1593 suit
769 1561 902 1603 antiquo
926 1561 1034 1603 gentis
1058 1560 1098 1593 de
1122 1572 1210 1593 more
1236 1564 1349 1593 vocata

410 1620 447 1640 ¹2³
506 1613 632 1653 Aedua,
654 1612 747 1646 dives
771 1623 868 1656 opum
893 1623 954 1644 nec
976 1623 1041 1644 non
1065 1613 1202 1655 insignis
1226 1616 1259 1645 et
1281 1613 1390 1651 armis,

505 1665 608 1698 Aetas
631 1675 728 1708 quam
753 1665 858 1696 iunior
881 1665 1038 1697 vocitavit
1061 1665 1190 1696 nomine
1214 1675 1307 1696 verso

504 1716 781 1760 Augustidunum,
805 1716 923 1748 cecidit
946 1727 1009 1759 quo
1033 1719 1146 1759 pastor
1167 1717 1209 1748 ab
1233 1717 1299 1748 oris

505 1768 674 1812 Supremis
699 1786 738 1792 -
762 1768 870 1800 subito
894 1778 1047 1810 proceres
1071 1768 1147 1800 dum
1171 1767 1252 1800 calle
1276 1768 1376 1799 citato

504 1820 656 1863 Undique
679 1819 877 1852 conveniunt
898 1819 1032 1862 regique
1056 1819 1137 1852 haec
1160 1823 1292 1862 pectore
1315 1823 1481 1862 promunt:

410 1879 448 1899 ¹³⁰
506 1871 635 1905 ‘Presul
656 1876 693 1904 ut
716 1882 790 1904 esse
813 1875 912 1914 queat
934 1871 1109 1913 Leudegar
1132 1871 1239 1903 clarus
1262 1871 1420 1907 alumnus,

503 1923 577 1956 Rex
599 1923 712 1956 iubeat
735 1922 865 1956 celsus'.
910 1923 1073 1955 Posthaec
1098 1923 1143 1954 nil
1166 1926 1243 1955 vota
1267 1926 1442 1961 morantur,

507 1975 574 2008 Sed
597 1974 693 2008 citius
716 1975 841 2007 cunctis
864 1975 946 2007 miro
969 1974 1109 2007 dilectus
1132 1985 1242 2007 amore

507 2027 661 2060 Eclesiae
685 2027 807 2059 Christi
832 2027 963 2070 praesul
987 2027 1172 2070 praefertur
1195 2027 1316 2066 ovanti,

504 2078 623 2112 Aedua
645 2089 743 2122 quam
766 2082 876 2121 gestat
899 2079 1009 2110 nutrix
1033 2078 1215 2110 sinuamine
1240 2078 1384 2121 pulchro.

245 2234 294 2262 11¹1
311 2237 448 2274 mundante
468 2237 492 2262 (i
580 2235 629 2261 119
646 2235 784 2261 ’remeauit
804 2234 828 2260 G
913 2233 960 2259 127
981 2234 1206 2267 *Augustidunam
1227 2235 1250 2259 G
1339 2234 1387 2260 134
1404 2234 1495 2268 *gestit
1515 2235 1550 2264 G,-
1567 2236 1615 2265 cfr.
1627 2244 1649 2260 v.
1665 2237 1695 2260 21

241 2305 275 2331 99
293 2303 500 2331 archiministaer
518 2315 550 2326 =
569 2303 788 2331 archidiaconus.
878 2304 928 2330 100
943 2304 990 2335 cfr.
1011 2311 1031 2329 ι’.
1043 2304 1085 2330 80.
1175 2303 1224 2329 108
1242 2303 1345 2329 Iurene.
1366 2303 1388 2335 Ι,
1410 2302 1457 2329 137
1471 2303 1615 2337 Largifluis
1633 2323 1639 2330 .
1660 2323 1665 2329 .
1685 2302 1783 2337 opibus

138 2354 243 2383 ditavit
266 2356 392 2390 egentes:
419 2355 539 2383 Emwld.
558 2355 621 2390 My.
641 2355 687 2391 11,
705 2356 757 2383 595
774 2355 830 2388 (II,
849 2356 895 2388 41)
915 2354 995 2381 rebus
1018 2354 1121 2381 ditavit
1143 2354 1256 2388 opimis;
1289 2354 1391 2381 Urxm:
1414 2354 1523 2389 magnis
1547 2354 1647 2389 opibus
1673 2354 1783 2382 ditavit.

140 2407 190 2434 1oe
208 2406 257 2434 Ge.
270 2406 330 2441 ΙΙΙ,
345 2408 394 2435 185
411 2407 492 2434 'Pum-
502 2407 592 2442 magis
609 2409 696 2442 atque
713 2407 811 2442 magis.
884 2408 933 2433 110
951 2406 1075 2433 Alovoelm.
1090 2406 1161 2432 laud.
1174 2406 1235 2439 virg).
1249 2407 1318 2432 2166
1336 2406 1483 2440 praeconia
1500 2408 1597 2433 sancta
1613 2408 1783 2441 stupescunt.

139 2458 188 2486 lll
207 2458 266 2486 Nec
283 2458 375 2487 minus
387 2459 495 2486 interea
508 2467 528 2486 e.
537 2467 564 2494 9.
577 2459 643 2486 Am.
657 2459 680 2493 I,
693 2459 756 2490 6335
775 2459 897 2486 Ermold.
910 2458 1004 2493 Niqelz.
1020 2458 1043 2491 I,
1056 2459 1107 2485 259
1120 2458 1174 2491 (II,
1191 2459 1231 2491 13)
1251 2458 1326 2485 Haec
1344 2458 1409 2484 duni
1429 2458 1503 2484 fama
1516 2457 1557 2492 pii
1569 2458 1642 2493 regis
1657 2458 1784 2492 pervenit

139 2509 175 2537 nd
192 2518 282 2538 sures.
379 2511 429 2538 112
453 2511 557 2538 Iuvat-c.
576 2511 620 2543 ΙΙ,
641 2511 691 2538 149
713 2511 791 2546 puris
812 2511 847 2538 de
864 2510 990 2538 sontibus
1009 2510 1103 2537 undas.
1201 2511 1249 2536 113
1269 2509 1344 2536 Faat.
1364 2510 1390 2542 I,
1408 2510 1458 2536 207
1478 2510 1540 2536 Iura
1559 2509 1645 2536 dabat
1663 2510 1782 2544 populis.

140 2562 191 2590 114
207 2561 356 2590 Decastid.
367 2563 399 2590 in
411 2564 480 2590 Aen.
495 2563 533 2597 X,
549 2564 567 2590 6
583 2563 692 2596 (monol.
706 2563 723 2590 1.
734 2563 774 2590 ed.
790 2563 867 2590 Riese
878 2571 906 2596 p.
922 2565 946 2590 7)
964 2564 994 2589 et
1011 2562 1070 2588 sine
1089 2562 1200 2588 nomine
1218 2561 1326 2596 vulgus.
1415 2561 1464 2588 119
1482 2562 1548 2587 Aen.
1567 2561 1595 2594 V,
1614 2562 1665 2588 538
1683 2561 1783 2595 pignus

134 2613 248 2642 amoris.
336 2615 387 2642 123
409 2614 579 2651 iuvenesque
600 2623 735 2650 senesque
752 2624 771 2642 e.
787 2624 812 2650 9.
832 2615 896 2642 Met.
919 2615 1004 2648 VIII,
1028 2615 1087 2641 5⁶26.
1175 2614 1225 2639 124
1248 2622 1286 2646 ⁸11-
1306 2613 1373 2640 Aen.
1393 2613 1419 2646 I,
1447 2613 1478 2639 12
1495 2621 1548 2646 sqq.
1573 2612 1643 2640 Urbs
1665 2612 1783 2646 antiqua

137 2665 194 2694 fuit
204 2667 216 2700 ΙΙ
228 2686 236 2693 .
254 2687 261 2694 .
279 2665 357 2694 dives
374 2675 460 2702 opum
471 2667 628 2702 studiisque
642 2667 795 2702 asperrima
808 2667 888 2697 beust
912 2666 960 2699 VI,
974 2666 1025 2693 403
1037 2665 1143 2700 pietate
1155 2664 1274 2698 insignis
1287 2665 1316 2691 et
1326 2664 1418 2691 armis.
1508 2665 1556 2691 126
1573 2664 1639 2690 Aen.
1657 2663 1721 2696 VII,
1733 2662 1782 2689 777

138 2725 216 2745 verno
234 2739 240 2746 .
259 2738 266 2745 .
284 2717 404 2746 nomine.
485 2719 535 2746 128
552 2719 662 2746 Ardor.
681 2719 703 2752 L
721 2719 755 2746 54
770 2718 841 2745 calle
859 2718 946 2745 citato
961 2718 966 2751 Ι
982 2716 1092 2744 moenia
1110 2718 1178 2743 nota
1197 2716 1303 2750 petunt.
1385 2715 1434 2741 129
1452 2715 1518 2742 Aen.
1538 2715 1568 2748 V,
1585 2714 1636 2741 293
1655 2714 1782 2747 Undique

138 2769 315 2797 conveniunt.
404 2770 454 2797 132
473 2770 538 2797 Aen.
554 2771 576 2802 1,
593 2770 645 2798 344
663 2779 766 2805 magno
784 2770 900 2796 miserae
917 2769 1035 2796 dilectus
1054 2776 1154 2795 amore.
1243 2767 1292 2794 134
1310 2767 1356 2799 <fix
1376 2775 1397 2793 v.
1415 2766 1456 2792 21.

242 2819 346 2844 Pom:
363 2825 447 2844 ιΑτικι
464 2826 524 2844 srvi
541 2821 667 2845 omousi
685 2819 731 2845 111.
1562 2814 1578 2839 2
