2060 3074
867 177 1094 204 PROOEMIUM.
1738 181 1799 211 393

156 266 222 306 Quo
243 265 280 296 de
302 265 439 297 carmine
466 265 572 302 Wion,
604 264 660 304 qui
687 264 722 294 in
745 263 843 304 Liqni
870 264 951 295 vitae
973 264 1125 296 secundae
1145 266 1250 304 partis
1267 275 1342 306 paq.
1367 267 1518 296 &5—100
1536 265 1714 306 principem
1732 266 1800 297 eius

153 317 316 348 editionem
344 316 484 348 curavit:
512 314 643 348 ‘Alium'
676 315 781 355 inquit
804 315 890 348 ⁶MS.
918 316 1029 347 inueni
1058 317 1092 347 in
1120 317 1300 348 bibliotheca
1327 317 1427 348 nostri
1456 317 1492 350 S.
1515 316 1678 348 Benedicti
1701 317 1799 348 Man-

153 369 253 407 tuani,
275 377 367 399 versu
388 367 543 408 sapphico,
559 377 621 407 per
642 367 736 399 horas
757 367 949 399 distinctum.
992 367 1055 399 Hic
1078 369 1224 408 quamuis
1246 371 1369 400 auctore
1392 370 1428 400 in
1446 368 1650 411 frontispicio
1674 371 1799 401 careat:

151 420 290 452 arbitror
311 422 414 451 tamen
435 430 505 451 eum
526 429 589 451 esse
612 429 701 459 quem
724 418 862 451 Sanetus
883 419 1077 451 Bertharius
1102 420 1284 452 Casinensis
1306 421 1415 452 Abbas
1445 421 1647 460 composuisse
1673 420 1799 462 fertur:

151 482 240 512 quem
261 471 384 512 quidem
407 471 441 503 in
458 470 566 502 Monte
585 470 700 503 Casino
722 480 785 502 non
808 470 884 508 uidi,
907 470 961 502 sed
982 471 1049 502 eius
1072 473 1146 503 nota
1168 482 1188 502 a
1210 471 1347 504 Domino
1370 472 1463 504 Petro
1485 471 1569 503 Villa
1592 472 1628 503 de
1654 472 1798 505 Canibus

151 523 364 561 Messanensi,
387 532 473 555 anno
496 523 581 555 1592
601 522 646 554 ad
665 532 713 554 me
735 532 804 554 eum
825 523 901 554 aliis
923 522 1112 554 transmissa
1134 525 1187 561 est,
1210 534 1252 561 eo,
1274 524 1329 563 qui
1351 524 1501 564 sequitur,
1523 524 1628 556 modo:
1654 523 1798 555 “Versus

152 575 187 608 S.
209 574 375 614 Bertharij
395 574 530 606 Abbatis
554 574 736 618 Gasinensis
757 574 794 606 de
815 574 885 606 uita
908 573 938 606 S.
963 574 1135 606 Benedicti.
1181 575 1330 606 Eiusdem
1358 575 1548 615 Sapphicus‚
1582 576 1632 607 uel
1665 576 1798 616 hymnus

130 646 134 650 ·
150 626 460 669 endecasyllabusad
473 626 602 658 eundem
617 624 795 658 Patrem.'’⁷
835 625 1019 666 Sequuntur
1040 626 1127 666 apud
1148 626 1288 659 Wionem
1309 627 1419 668 hymni
1441 627 1584 666 strophae
1604 627 1775 660 CXLVII.
1787 628 1797 646 ¹

149 677 196 710 At
220 688 338 717 vereor,
365 688 404 710 ne
430 678 465 709 id
489 687 587 719 qenus
613 677 757 710 carmina
778 677 926 718 Alphani
955 678 1090 718 episetqn'
1113 678 1336 711 Salernitani2
1364 689 1458 719 quam
1480 679 1647 711 Bertharii
1674 679 1798 711 abbatis

154 729 336 763 Cannensis
357 740 431 762 aevo
453 729 549 761 multo
570 730 670 770 maqis
692 729 890 762 conveniant.

252 789 587 822 Additamentnm.
638 789 774 821 Vixdum
799 789 923 830 paqina
951 790 1015 820 391
1038 790 1164 829 prelum
1196 791 1383 830 reliquerat,
1417 800 1486 822 eum
1514 802 1535 822 a
1565 790 1603 822 P.
1632 791 1797 822 Ambrosio

150 841 207 873 Μ’·
223 841 349 879 Amelli,
376 840 631 882 Gonqrcqaticmis
649 841 832 874 Gasinensis
848 841 994 872 monacho
1009 841 1192 880 doctissimo,
1214 853 1270 882 per
1287 842 1397 873 literas
1419 851 1543 873 moneor
1565 842 1718 874 rationem
1733 852 1797 874 esse

149 892 322 925 habendam
337 892 534 932 quorundam
548 892 685 924 codicum
703 892 932 929 Oasinensium,
951 894 1007 934 qui
1022 893 1100 925 idem
1116 905 1248 933 carmen,
1272 894 1354 935 quod
1369 894 1510 926 editurus
1525 903 1621 926 essem
1643 894 1796 927 Vaticano

150 944 230 977 libro
251 944 433 985 Wianisque
457 944 591 976 editione
619 945 706 976 solis-
721 954 810 984 usus,
842 946 938 977 multo
967 946 1068 986 maqis
1093 946 1274 978 exhiberent
1295 947 1459 986 inteyrum.
1505 945 1725 986 Adiunxitque
1747 946 1798 977 vir

150 995 389 1028 liberalissimus
418 996 519 1028 literis
544 996 718 1036 exemplum
746 999 839 1038 atque
861 997 1049 1030 collationes.
1096 998 1211 1030 Statim
1235 998 1384 1038 perspeaei
1411 999 1497 1030 teoetu
1519 1008 1540 1029 α
1563 1008 1609 1029 me
1633 998 1797 1030 constituto

149 1048 275 1079 omnino
301 1057 364 1079 csse
389 1047 623 1086 abstinendum;
655 1048 744 1080 euius
771 1049 834 1081 loco
861 1059 930 1081 eum
954 1049 1060 1089 potius
1089 1059 1153 1081 esse
1179 1049 1405 1090 praebendum,
1440 1050 1496 1089 qui
1516 1050 1652 1089 propius
1680 1049 1797 1081 abesset

147 1110 169 1131 a
197 1099 408 1132 Berlhariani
439 1100 508 1131 aevi
541 1099 696 1132 barbarie.
740 1099 889 1132 Attamen
918 1102 1020 1132 temtus
1052 1111 1170 1142 quoque
1204 1101 1412 1140 interpolatus
1444 1100 1584 1141 idemque
1618 1101 1683 1132 iam
1714 1101 1797 1142 typis

147 1151 320 1192 descriptus
340 1152 518 1184 conservari
534 1161 626 1192 posse
647 1152 725 1183 mihi
747 1152 926 1190 videbatur,
954 1155 989 1184 ut
1016 1153 1171 1185 luculento
1193 1153 1332 1193 exemplo
1354 1153 1585 1191 illustraretur,
1615 1162 1709 1192 quam
1732 1162 1796 1184 non

148 1204 226 1235 esset
247 1203 460 1244 confidendum
483 1203 636 1236 codicibus
654 1204 824 1244 posteriore
846 1206 947 1236 aetate
973 1204 1085 1236 Casini
1106 1205 1269 1243 eoearatis‚·
1297 1205 1332 1236 in
1355 1204 1476 1244 quibus,
1506 1204 1655 1244 quicquid
1671 1205 1796 1245 priores

147 1255 253 1287 minus
280 1255 354 1287 bene
379 1258 471 1296 atque
497 1254 656 1287 emendate
680 1257 866 1296 posuerant,
901 1255 1056 1288 liberrime
1083 1256 1266 1297 corriqendo
1293 1256 1452 1288 sublatum
1485 1257 1538 1288 est.
1590 1255 1664 1288 Duo
1698 1256 1796 1296 igitur

141 1307 295 1347 proposui
315 1306 481 1339 Bertharii
502 1317 647 1339 versuum
668 1306 825 1347 exempla:
850 1307 985 1339 alterum
1016 1317 1112 1348 quam
1136 1307 1280 1347 proxime
1309 1307 1352 1338 ad
1373 1307 1541 1338 Bertharii
1563 1317 1691 1338 manum
1713 1317 1796 1339 acce-

147 1358 232 1396 dens,
254 1359 388 1390 alterum
409 1358 531 1390 saeculo
546 1358 722 1391 duodecimo
745 1377 784 1382 -—
800 1368 876 1390 nam
891 1358 928 1390 de
946 1358 1094 1390 Vaticani
1109 1359 1221 1391 codicis
1236 1361 1336 1391 aetate
1350 1359 1465 1391 rectius
1478 1368 1564 1391 nunc
1578 1358 1738 1391 iudicatur
1753 1377 1795 1382 —

147 1411 249 1442 neseio
271 1412 377 1442 utmmi
397 1410 590 1442 emendatum
618 1409 721 1441 dicam
745 1420 790 1442 an
817 1412 1007 1451 corruptum.
1053 1410 1182 1442 Prioris
1208 1410 1342 1450 exempli
1368 1410 1614 1452 fundamentum
1637 1413 1682 1442 est
1703 1410 1796 1442 codex

150 1461 332 1495 casinensis
353 1472 385 1495 n.
408 1462 433 1494 I
435 1473 446 1501 ;
474 1462 508 1493 in
531 1471 592 1502 quo
612 1472 643 1495 a.
661 1461 722 1503 fol.
745 1463 789 1493 83
809 1462 853 1494 ad
874 1464 917 1493 88
939 1462 1105 1494 Ber-tharii
1131 1472 1256 1494 carmen
1284 1462 1398 1503 legitur
1425 1462 1547 1494 saeculo
1572 1462 1614 1494 X.
1645 1462 1795 1502 scriptum

148 1514 249 1546 literis
275 1513 508 1554 Lanqobardis,
535 1513 590 1545 sed
611 1513 779 1554 permultis
810 1513 885 1545 locis
912 1525 934 1545 a
962 1523 1060 1545 manu
1087 1514 1205 1546 saeculi
1239 1513 1330 1552 XIL,
1364 1523 1459 1553 quam
1487 1513 1589 1554 ipsius
1615 1523 1678 1545 esse
1707 1513 1796 1545 Petri

150 1564 286 1598 Diaconi
302 1566 398 1606 putat
419 1565 584 1604 Amellius,
609 1565 653 1596 ita
674 1566 850 1603 correctum,
873 1567 908 1596 ut
925 1565 1067 1605 pristina
1090 1565 1250 1605 scriptura
1271 1575 1349 1605 prae
1371 1565 1497 1597 novicia
1518 1575 1582 1596 non
1599 1565 1701 1605 possit
1724 1565 1793 1606 leqi.

150 1616 239 1658 Quod
263 1616 413 1648 damnum
440 1618 475 1648 ut
502 1618 767 1656 compensaretur,
795 1617 952 1649 Ameilius
978 1617 1056 1648 mihi
1081 1617 1226 1649 adhibuit
1257 1617 1387 1649 codicem
1415 1617 1616 1649 Casinensem
1638 1617 1711 1655 453,
1739 1617 1794 1657 qui

147 1676 336 1709 quamquam
357 1668 479 1700 saeculo
503 1668 564 1700 XI.
588 1670 633 1700 est
654 1669 814 1706 exaratus,
836 1678 905 1700 cum
926 1668 1025 1700 altero
1041 1670 1170 1708 praeter
1199 1669 1278 1700 locos
1299 1670 1335 1700 in
1358 1669 1414 1700 illo
1436 1670 1586 1700 correctos
1602 1669 1702 1708 plane
1724 1678 1794 1700 eon-

146 1719 248 1761 yruit‚
279 1719 328 1751 his
356 1721 459 1751 autem
486 1720 560 1752 locis
590 1719 859 1760 interpolationem
885 1720 1025 1752 nondum
1053 1722 1097 1752 est
1119 1731 1246 1760 passus.
1295 1720 1418 1754 Codicis
1443 1721 1508 1752 453
1536 1720 1717 1752 lectionibus
1743 1721 1793 1759 iis,

147 1782 227 1813 quae
248 1771 361 1804 codicis
382 1781 414 1805 n.
430 1772 455 1804 I
471 1772 652 1804 lectionibus
674 1772 872 1812 interpolatis
892 1772 1118 1812 praeferendae
1141 1775 1230 1811 sunt,
1261 1772 1316 1804 hos
1337 1773 1469 1804 uncinos
1491 1770 1636 1814 apposui]
1645 1782 1656 1810 ‚·
1682 1771 1794 1803 codicis

147 1831 180 1854 n.
207 1823 233 1855 I
253 1822 396 1856 lectiones
420 1823 626 1864 interpolatas
659 1823 693 1855 K
715 1834 803 1862 voco‚·
836 1822 864 1856 0
887 1826 932 1856 est
960 1824 1054 1855 codex
1075 1824 1151 1862 453,
1184 1824 1238 1856 ubi
1268 1824 1308 1855 ab
1339 1823 1471 1855 alterius
1499 1823 1610 1855 codicis
1637 1823 1794 1862 scriptura

147 1873 286 1906 nondum
307 1874 497 1915 interpolata
525 1875 648 1908 recedit.
694 1875 749 1908 Eae
775 1874 811 1906 K
833 1885 899 1907 eam
928 1875 1200 1915 interpolationem
1231 1875 1382 1915 oriqinem
1410 1874 1558 1913 traxisse,
1589 1884 1668 1915 quae
1695 1874 1794 1906 altero

147 1925 285 1966 exeniplo
306 1929 569 1966 repraesentatur,
586 1926 689 1969 facilc
709 1937 794 1959 nunc
816 1927 1011 1968 intelleqetur
1022 1928 1044 1960 ³.

254 2090 279 2122 1)
299 2090 383 2116 Aliud
405 2093 483 2124 atque
505 2090 577 2116 Petri
593 2090 669 2117 illiue
690 2098 740 2124 pru
759 2090 900 2117 Berthario
916 2099 972 2116 non
993 2093 1078 2116 exstat
1100 2090 1292 2119 testimonium.·
1315 2090 1412 2117 erravit
1437 2090 1506 2116 enim
1525 2091 1646 2116 Domnus
1666 2089 1792 2123 Rivdius,

146 2149 207 2167 cum
223 2140 320 2168 diceret
337 2142 368 2168 in
389 2141 508 2169 Histoire
525 2142 644 2169 lieet-aire
662 2142 694 2168 tle
710 2143 738 2168 la
758 2142 865 2169 Franee
884 2141 979 2169 Voce:
1003 2142 1106 2168 ‘Parmi
1127 2142 1162 2168 les
1182 2141 1268 2176 picces
1286 2141 1320 2169 de
1337 2149 1393 2168 vere
1410 2149 1458 2168 sur
1478 2141 1504 2168 S.
1523 2141 1623 2168 Benoit
1642 2141 1681 2167 du
1702 2141 1792 2168 Mont-

151 2191 252 2226 Gzeein,
270 2194 352 2227 qu'on
369 2202 387 2220 a
404 2194 480 2220 mines
497 2194 515 2220 ὰ
532 2194 559 2220 la
577 2194 644 2221 snite
660 2194 692 2220 de
709 2203 740 2220 sa
757 2194 795 2221 vie
812 2202 846 2220 en
860 2202 920 2228 yrec
936 2196 959 2220 et
977 2202 1011 2220 en
1029 2194 1112 2227 latin,
1137 2194 1186 2227 qui
1201 2201 1219 2219 a
1239 2201 1315 2227 paru
1333 2193 1364 2220 in
1381 2195 1416 2220 4⁰
1433 2193 1451 2220 ὰ
1471 2193 1561 2220 Venice
1579 2201 1613 2220 en
1631 2196 1700 2226 1723,
1720 2195 1794 2220 outre

146 2244 170 2271 le
182 2246 272 2278 poem
284 2245 427 2279 precedent,
445 2253 482 2272 on
499 2254 518 2272 a
535 2254 625 2273 encore
649 2246 766 2280 imprime
788 2255 848 2272 emm
867 2246 890 2272 le
908 2254 969 2272 nom
995 2245 1027 2271 de
1045 2248 1118 2272 notre
1131 2245 1218 2278 pieuzc
1237 2245 1316 2278 Abbe‘,
1342 2245 1416 2278 neus
1436 2245 1544 2279 hynmes
1562 2244 1618 2278 fort
1637 2245 1743 2279 langues
1761 2253 1794 2271 en

147 2303 205 2323 vere
218 2296 364 2330 naphiques,
383 2297 402 2324 ὰ
419 2297 556 2324 l'honnenr
572 2297 610 2324 du
628 2293 709 2324 meme*
719 2298 797 2324 Saint
810 2319 816 2324 .
830 2318 836 2324 .
870 2298 913 2324 On
931 2297 967 2323 les
984 2306 1002 2323 a
1017 2297 1095 2324 tire'es
1111 2296 1142 2323 de
1158 2296 1230 2323 deux
1247 2297 1408 2323 mamma-ries
1427 2296 1459 2323 de
1478 2296 1582 2330 Sublac,
1601 2296 1636 2323 ou
1654 2296 1713 2323 elles
1731 2299 1793 2323 sont

146 2347 289 2374 attribudee
305 2349 324 2375 ὰ
344 2349 462 2375 Baream
479 2349 557 2377 Abba
572 2351 595 2376 et
616 2349 740 2384 Illartyr!
775 2349 848 2375 Nam
867 2350 897 2374 in
915 2349 991 2375 ‘Vita
1009 2348 1229 2375 Latino-Graeca
1249 2348 1276 2375 S.
1299 2348 1329 2374 P.
1351 2347 1489 2374 Benedicti
1508 2347 1618 2374 Venetus
1638 2351 1699 2375 1723
1715 2348 1793 2381 apud

148 2399 297 2426 Anwnimn
314 2400 424 2426 Bortoli’
441 2408 546 2427 carnum
563 2401 716 2434 sapphicum
734 2402 858 2427 iteratum
875 2403 911 2426 est
929 2408 961 2426 ea:
979 2401 1035 2426 sola
1055 2399 1158 2426 Wionie
1175 2399 1302 2432 edition&
1321 2403 1345 2426 et
1363 2402 1436 2431 nota,
1455 2407 1523 2433 quae
1541 2402 1578 2426 est
1593 2402 1654 2434 post
1668 2408 1731 2434 paq.
1745 2403 1794 2426 126

146 2450 177 2477 de
194 2450 307 2478 ‘duobus
323 2451 456 2479 codicibus
477 2451 559 2479 MSS.
573 2452 741 2479 Subhweneis
755 2452 946 2484 Bibliothecae,
966 2460 1022 2478 non
1036 2451 1179 2484 referenda
1195 2453 1231 2477 eet
1249 2450 1286 2477 ad
1303 2451 1454 2478 carminum
1471 2453 1579 2484 temtum,
1600 2451 1647 2485 qui
1664 2451 1791 2484 sequitur,

146 2501 193 2529 sed
207 2505 306 2536 epedat
322 2503 359 2529 ad
369 2493 505 2538 Gregorii,
523 2504 570 2538 qui
586 2503 721 2531 antecedit.
811 2505 838 2538 2)
859 2503 973 2530 Carmen
990 2503 1143 2537 sapphicum
1161 2502 1193 2529 de
1212 2502 1355 2530 Benedicta
1373 2503 1500 2537 (Gemma
1520 2502 1649 2530 caelestis
1670 2503 1792 2538 pretiosa.

146 2553 230 2588 regin)
250 2553 346 2581 Gallus
361 2554 445 2581 More!
464 2555 523 2582 Lat.
537 2555 638 2590 Hymn.
656 2555 681 2582 d.
698 2555 829 2582 Mittelalt.
848 2559 899 2582 360
914 2564 975 2589 paq.
989 2559 1040 2581 208
1058 2553 1137 2580 edutit
1155 2563 1168 2580 c
1186 2554 1279 2587 codiee,
1299 2557 1329 2580 ut
1346 2554 1415 2580 divit
1434 2555 1534 2581 saeculi
1548 2554 1595 2588 X„
1613 2555 1684 2588 quod
1702 2554 1792 2581 dubito

146 2613 213 2631 num
228 2609 293 2632 recte
308 2605 412 2634 danie.
448 2607 532 2633 Aliud
548 2606 580 2634 de
600 2607 744 2634 Benedicto
764 2615 870 2633 carmen
893 2606 1012 2639 (Christe
1031 2607 1190 2633 sanctorum
1212 2605 1294 2632 decus
1320 2607 1405 2640 atque
1425 2605 1532 2641 virtus),
1556 2606 1628 2640 quod
1650 2606 1791 2634 ediderunt

147 2656 249 2684 Daniel
264 2657 389 2684 Themur.
409 2658 426 2684 1
442 2667 468 2685 n.
482 2658 654 2686 CCLXXII
671 2667 732 2692 paq.
751 2663 804 2691 265,
826 2658 922 2692 Haqen
941 2658 1058 2684 Carmin.
1077 2657 1142 2684 med.
1161 2658 1219 2683 aevi
1235 2657 1379 2684 XXXVI
1390 2666 1455 2692 paq.
1475 2662 1506 2684 61
1524 2666 1538 2685 e
1555 2658 1643 2686 codice
1665 2659 1793 2686 Beruensi

146 2716 210 2735 saec.
224 2708 268 2742 X,
288 2709 434 2736 Mudmoek
448 2710 547 2745 Hymn.
565 2713 588 2736 et
600 2711 766 2744 Sequentiar.
782 2711 799 2737 Ι
811 2718 872 2744 paq.
889 2715 908 2743 1,
928 2710 958 2736 in
971 2709 1135 2743 Stephanum
1152 2709 1286 2735 detortum
1304 2709 1386 2736 Mane
1396 2709 1498 2744 Hymn.
1518 2713 1580 2737 1165
1598 2710 1651 2736 ΙΙΙ
1661 2719 1724 2745 paq.
1737 2716 1790 2745 515,

147 2767 203 2787 non
224 2760 380 2795 camelit'eum
400 2763 448 2795 eet,
470 2762 515 2788 sed
534 2762 714 2796 rhythmorum
736 2762 800 2796 leqes
822 2762 948 2795 sequitur.
1064 2762 1092 2795 3)
1117 2760 1182 2787 Non
1207 2760 1319 2787 adhibui
1343 2761 1456 2788 codicem
1474 2762 1606 2796 quendam
1626 2762 1792 2789 Gasinensem

148 2813 252 2839 saneah
272 2813 335 2839 XV.
353 2814 480 2847 mimum
498 2814 617 2848 (signum
633 2814 692 2840 eius
709 2822 764 2840 non
783 2814 864 2847 noni),
883 2814 929 2846 qui
947 2822 979 2840 επ
999 2813 1029 2839 Κ
1046 2813 1147 2839 uidetur
1162 2812 1278 2846 lluaeiese.

252 2874 356 2902 Poma
374 2883 456 2902 ιΑτιΝι
475 2883 534 2902 un
546 2863 676 2902 ὈΑκοιιιιι
695 2874 744 2907 ΙΙΙ,
755 2876 779 2901 2.
1553 2873 1588 2900 50
