2092 3094
251 173 313 203 256

538 629 562 647 55

543 887 568 906 60

541 1147 565 1166 65

542 1406 567 1425 w

546 1669 569 1687 75

548 1929 573 1947 80

548 2186 572 2205 85

549 2446 574 2464 90

551 2706 575 2725 95

621 171 943 198 BIBLlO'rHECAssUM
963 170 1010 197 ΕΤ
1030 169 1317 197 PSALTERIORUM
1336 169 1475 196 VERSUS
1494 168 1527 196 V.

618 258 749 299 Dogma
771 258 856 299 quod
881 257 1037 289 exhausit
1058 257 1098 288 de
1122 259 1166 296 te,
1190 267 1249 299 pcr
1272 257 1404 288 saecula
1427 257 1527 289 lucet.

618 310 750 351 Ergone
775 313 844 341 tute
869 313 959 340 tuum
983 309 1143 340 Karolum
1167 319 1230 340 non
1254 308 1362 350 diligis
1386 309 1492 339 ultro?

618 362 670 393 An
696 362 861 393 hominum
886 362 1037 404 cuiquam
1061 361 1175 393 humili
1198 361 1234 392 fit
1258 361 1354 393 corde
1378 360 1563 393 secundus?

617 415 671 446 An
694 415 818 458 pietate
843 415 929 447 calet
953 415 1115 456 caluitque
1139 417 1232 446 tanta
1254 414 1307 446 vel
1331 414 1436 446 alter?

619 466 683 502 Qui
706 467 890 498 memorans
915 466 997 498 adeo
1022 469 1212 498 cunctarum
1234 469 1366 508 pectore
1390 476 1509 506 rerum,

619 518 665 549 Ut
688 518 770 549 nihil
793 518 940 550 auditum
963 519 1016 550 vel
1040 519 1146 550 visum
1170 518 1290 550 oblivio
1315 520 1445 560 carpat:

618 569 758 612 Propria
782 570 853 602 sola
876 570 957 601 latet
981 569 1091 602 delata
1113 569 1232 601 iniuria
1254 573 1374 601 mente.

620 622 673 652 An
697 621 737 652 de
761 621 905 653 iustitiae
929 621 1036 652 dicam
1061 621 1219 653 sileamve
1243 623 1378 653 tenore?

621 673 655 705 Si
679 673 756 715 quid
779 673 864 705 forte
888 673 1010 713 minus,
1035 674 1156 705 fateor:
1182 673 1349 705 miseratio
1375 673 1484 705 vincit.

620 725 682 757 Eia
705 736 784 767 age,
808 736 921 767 prome
945 736 1078 757 manum
1101 725 1246 767 largam,
1270 736 1335 756 vox
1358 725 1463 756 libera
1485 724 1593 756 dictu:

620 777 730 808 Testis
755 777 819 808 erit
842 787 944 809 verax
967 788 1052 808 nunc
1077 777 1243 819 orphanus
1267 779 1366 819 atque
1389 776 1534 819 pupillus

621 828 691 870 (Sic
714 829 829 860 merito
853 832 987 860 cunctos
1011 829 1147 860 istorum
1171 829 1300 860 nomine
1325 829 1428 870 signo,

625 880 712 911 Dum
736 891 801 912 non
825 881 987 923 excipitur
1010 881 1182 922 quisquam
1205 891 1267 912 nec
1290 880 1422 923 pellitur
1445 880 1608 923 usquam).

621 932 691 964 Nec
715 943 804 964 mare
829 936 1000 975 praetcrea
1023 932 1154 964 fervens
1178 933 1211 964 in
1235 933 1366 974 gurgite
1391 935 1482 964 vasto

621 984 717 1016 Hanc
740 985 882 1016 retinere
905 995 1037 1016 manum
1060 985 1165 1026 potuit
1189 985 1375 1027 poteritque
1391 984 1444 1016 vel
1467 995 1628 1026 unquam:

623 1036 783 1068 Diversae
806 1037 867 1068 hoc
889 1037 1020 1078 linguae
1044 1036 1173 1067 diversa
1197 1038 1290 1078 parte
1313 1036 1501 1078 loquuntur,

622 1088 752 1119 Diversi
776 1099 884 1120 mores
908 1087 1044 1119 laudant
1067 1088 1271 1119 concorditer
1294 1088 1410 1130 ipsam.

623 1140 718 1171 Felix
741 1150 819 1182 ergo
844 1151 976 1180 manus,
1000 1140 1057 1171 sed
1081 1150 1173 1171 mens
1197 1139 1324 1171 felicior
1346 1139 1455 1179 huius,

622 1191 755 1234 Pauper
777 1202 860 1234 quae
884 1192 993 1234 potius
1019 1202 1148 1230 secum,
1172 1192 1249 1233 quin
1273 1194 1401 1223 constat
1425 1202 1540 1233 egena,

624 1244 699 1276 Non
721 1244 833 1275 inflata
855 1246 986 1275 tumens
1009 1243 1130 1285 regalis
1155 1246 1328 1275 stemmate
1351 1243 1436 1286 typi;

623 1295 700 1336 Sed,
726 1306 800 1327 caro
824 1295 899 1327 dum
923 1296 1061 1337 gemmis
1086 1305 1230 1337 auroque
1254 1298 1370 1326 ornata
1392 1294 1545 1337 refulget,

624 1347 718 1379 Haec
742 1358 852 1379 secum
877 1353 1006 1389 semper
1029 1346 1205 1378 meditatur
1227 1350 1323 1378 nocte
1349 1346 1479 1388 dieque,

625 1399 780 1431 Lucidior
803 1398 934 1430 Christo
959 1409 1021 1441 quo
1046 1399 1117 1431 sole
1140 1398 1350 1441 resplendeat
1373 1399 1462 1441 ipso:

626 1450 745 1492 Sicque
769 1454 860 1482 tuum
883 1450 1042 1482 Karolum
1064 1451 1160 1489 facis,
1185 1461 1203 1482 o
1228 1450 1406 1493 sapientia,
1432 1450 1547 1482 solem.

623 1502 751 1545 Nempe
775 1502 832 1534 ubi
856 1503 1030 1534 thesaurus
1055 1513 1124 1542 cor,
1148 1502 1194 1534 ibi
1217 1502 1286 1534 fore
1309 1502 1369 1533 rite
1393 1501 1559 1544 probatur,

626 1554 721 1591 Quod
744 1555 840 1587 huius
865 1555 994 1587 domino
1019 1565 1150 1597 semper
1173 1557 1363 1586 constanter
1387 1553 1556 1591 adhaeret,

626 1609 664 1640 In
689 1619 751 1651 quo
776 1607 930 1651 quicquid
954 1607 1054 1639 habet
1077 1607 1165 1639 dulei
1189 1608 1314 1650 pietate
1339 1606 1495 1639 recondit.

628 1660 715 1697 Quid
738 1661 766 1692 si
791 1671 876 1692 nunc
899 1660 1006 1702 ipsum
1030 1660 1126 1691 terris
1149 1660 1182 1691 in
1207 1670 1305 1691 carne
1328 1659 1497 1691 videret?:

626 1713 700 1750 Quo
724 1713 784 1744 sub
808 1723 918 1744 amore
942 1712 1062 1755 pedem
1086 1723 1150 1754 quo
1174 1715 1250 1744 voto
1273 1712 1391 1754 figeret
1415 1711 1483 1743 ori?

627 1765 767 1802 Quando
792 1764 900 1796 datam
923 1764 1032 1806 legem
1055 1767 1147 1796 tanto
1171 1767 1347 1796 veneratur
1370 1763 1504 1803 honore,

627 1816 713 1853 Quid
736 1816 778 1848 de
801 1816 993 1858 euangelico
1016 1819 1111 1847 textu
1135 1815 1302 1858 replicabo
1327 1814 1488 1847 colendo?

626 1869 678 1900 En
701 1869 789 1911 ipsos
812 1868 924 1911 apices
948 1868 1086 1910 gemmis
1111 1866 1291 1899 circumdat
1313 1868 1346 1898 et
1369 1877 1463 1899 auro:

632 1921 661 1953 O
686 1923 807 1963 quanto
832 1919 999 1952 Christum
1023 1930 1116 1951 mens
1140 1918 1267 1951 fervida
1290 1918 1398 1961 diligit
1422 1919 1495 1959 ista,

628 1971 729 2003 Cuius
753 1981 863 2003 amore
887 1970 949 2002 sibi
971 1971 1136 2002 vilescunt
1157 1970 1265 2002 omnia
1289 1969 1411 2002 mundi.

627 2023 689 2055 Est
704 2023 831 2062 modus,
855 2026 891 2054 ut
911 2033 972 2054 nec
996 2022 1123 2054 habens
1145 2021 1266 2054 habeat
1287 2032 1349 2053 nec
1365 2021 1487 2054 habere
1505 2021 1662 2064 cupiscat,

628 2075 690 2107 Est
713 2079 747 2108 et
769 2075 895 2107 habens
919 2075 1003 2106 sicut
1026 2084 1087 2106 nec
1109 2073 1251 2114 habens,
1281 2073 1339 2105 sed
1368 2077 1401 2105 et
1424 2075 1539 2115 erogat
1560 2073 1662 2104 ultro:

631 2126 701 2158 Ista
723 2126 828 2158 virum
852 2126 955 2157 virtus
979 2125 1140 2167 condigno
1164 2125 1296 2157 nomine
1320 2125 1429 2158 comit.

630 2178 720 2211 Ecce
743 2181 849 2221 patet,
875 2177 1031 2209 Salomon
1055 2176 1223 2220 quoniam,
1247 2187 1266 2208 ο
1291 2176 1468 2219 sapientia,
1491 2179 1595 2210 temet

628 2230 702 2262 Non
724 2231 799 2273 plus
823 2229 939 2262 dilexit
961 2229 1083 2261 Karolo
1109 2229 1179 2261 sine
1203 2229 1269 2261 fine
1292 2228 1431 2261 beando.

630 2283 680 2314 Tu
704 2293 832 2325 quoque
858 2293 919 2314 nec
942 2281 1051 2314 David
1073 2282 1174 2313 tantis
1197 2292 1258 2323 per
1281 2291 1431 2324 quaeque
1454 2280 1620 2323 probasti;

630 2335 722 2367 Inter
745 2345 827 2377 quae
851 2334 1012 2377 quaedam
1035 2333 1077 2366 de
1101 2333 1242 2376 quodam
1266 2333 1372 2375 gratia
1394 2331 1482 2365 facto

630 2387 736 2419 Multa
757 2387 818 2419 tibi
841 2390 908 2418 toto
933 2386 1072 2418 debetur
1096 2385 1194 2418 corde
1217 2385 1375 2418 ferenda:

631 2439 750 2470 Amisit
772 2438 880 2470 David
903 2449 1040 2480 regnum
1064 2448 1247 2480 rursusque.
1266 2437 1404 2480 recepit,

632 2490 738 2523 Morte
762 2494 874 2523 tamen
898 2490 1000 2533 geniti
1025 2490 1174 2521 tristatus
1197 2488 1294 2521 valde
1317 2488 1468 2526 dolebat;

632 2542 746 2585 Tuque
769 2546 825 2574 tuo
849 2541 974 2574 Karolo
999 2541 1162 2584 reparasti
1185 2551 1288 2583 regna
1309 2544 1448 2583 paterna

631 2594 702 2627 Nec
726 2594 818 2626 dolor
841 2594 997 2634 accessit,
1022 2593 1082 2625 sed
1105 2603 1197 2625 amor
1218 2593 1383 2624 fraternus
1407 2591 1573 2623 adhaesit:

631 2646 727 2679 Unde
751 2650 842 2678 tuum
865 2645 1026 2678 Karolum
1050 2655 1182 2687 semper
1205 2643 1352 2676 servabis
1377 2643 1510 2686 ubique.

634 2698 722 2741 Ergo
746 2709 808 2730 nee
831 2698 917 2729 hunc
940 2696 1050 2729 David
1072 2707 1133 2728 nec
1156 2695 1216 2727 Iob
1240 2695 1345 2737 magis
1369 2705 1444 2727 esse
1468 2693 1622 2737 probatos

370 2825 404 2851 51
422 2825 475 2852 *απ
492 2831 564 2853 tanta
582 2826 736 2861 caluitque?
