2060 3074
495 152 631 180 ORATIO
650 154 878 181 RHYTHMICA.
915 155 1067 182 CARMEN
1087 157 1136 183 AD
1154 157 1427 184 RATHRAMNUM.
1567 187 1581 191 ,
1720 161 1780 192 733

323 323 408 365 Age,
432 334 563 365 quaeso,
586 335 698 366 perge,
723 325 803 365 Clio,
1096 328 1172 361 Sine
1196 341 1259 372 quo
1282 330 1359 362 nihil
1383 330 1451 361 fore
1474 331 1530 361 ulli

323 375 512 407 Remeando
536 375 634 407 eorde
657 375 736 413 fido;
1097 380 1228 424 (Liquet
1250 382 1296 422 ut)
1320 382 1430 413 valent
1453 382 1582 413 alumni.

322 427 478 469 Propera,
501 427 589 458 celer
611 427 733 469 virago,
1096 432 1208 474 Igitur,
1233 432 1321 464 velut
1343 433 1445 475 petita

324 477 470 520 Repeda,
493 489 595 520 sagax
618 489 773 521 propago,
1027 495 1052 514 20
1095 483 1150 524 Es,
1173 484 1236 524 abi,
1260 494 1350 515 mora
1373 495 1432 516 nec
1456 485 1520 516 ulla

269 541 282 560 ε,
326 529 386 561 Oui
408 529 508 561 frater
530 532 580 561 est
604 530 732 572 Apollo.
1095 534 1250 567 Tenearis
1273 546 1311 567 ac
1335 535 1454 567 decora

320 581 383 626 >Ob
392 581 437 616 jd
454 581 516 613 hoe
539 581 628 612 velut
651 582 789 613 volando
1096 586 1218 618 Videas
1242 586 1362 618 sodalis
1386 598 1452 619 ora.

324 632 390 664 Fer
411 633 515 665 amico
539 643 639 664 ovans
662 633 872 670 Rathramnm
1095 637 1151 668 Bis
1176 639 1260 670 enim
1284 639 1374 670 venis
1397 638 1438 670 ab
1462 639 1517 670 illo

323 684 474 725 Domin0‚
497 684 591 727 patri,
616 685 780 727 magistro,
1096 689 1250 731 Speciosa
1272 690 1336 721 iam
1359 690 1513 731 magistro

323 735 457 767 Calamo
481 739 619 768 metrum
641 736 800 778 impolito,
1027 752 1051 771 25
1095 740 1252 772 Adimens
1268 742 1322 782 fel,
1345 741 1530 784 imprimens
1548 741 1626 773 mel;

255 800 281 819 ιο
325 786 419 824 Quod
442 788 473 819 ei
494 787 599 819 libens
622 788 762 827 remitto,
1095 791 1216 823 Reficis
1241 792 1314 834 (bis)
1341 803 1376 823 os
1399 792 1519 823 alumni

323 837 452 870 Oelebri
475 839 544 871 viro
568 842 602 871 et
624 849 768 879 corusco,
1095 841 1190 884 Dape
1214 842 1308 883 dulci,
1333 842 1431 875 odore
1455 843 1554 875 suavi.

310 889 408 933 3Amo
431 901 527 933 quem
550 890 627 922 satis
649 891 796 933 profecto
1095 893 1160 925 Ubi
1183 894 1267 925 hunc
1288 893 1380 926 vides
1403 894 1583 935 sedentem,

323 940 440 973 Animo
463 942 517 984 pio
540 953 579 974 ae
601 942 753 984 benigno,
1095 944 1186 976 Alios
1209 945 1311 987 probe
1335 946 1516 987 docentem,

323 993 428 1025 Datur
449 996 485 1025 ut
506 993 585 1025 mihi
607 993 750 1036 maligno
1027 1008 1052 1027 ω
1096 995 1253 1038 Rogitent
1277 997 1372 1029 deum
1396 1001 1574 1040 potentem,

256 1058 280 1077 ιε
323 1044 376 1076 Ab
400 1055 439 1076 eo
464 1045 537 1086 deo,
559 1044 679 1077 bonum
703 1047 756 1088 qui
1096 1047 1162 1078 Det
1184 1051 1219 1079 nt
1242 1048 1290 1080 his
1315 1049 1399 1090 piam
1424 1049 1575 1091 quietem,

323 1096 424 1128 Dabit
446 1107 541 1128 omne
563 1097 730 1139 flagitanti,
1097 1098 1202 1140 Rogo,
1227 1098 1278 1131 die
1300 1099 1408 1142 iugem
1432 1101 1578 1131 salutem.

564 1217 706 1260 Septeno
730 1217 894 1260 Augustas
918 1218 1043 1250 decimo
1067 1223 1247 1261 praeeunte
1273 1220 1439 1261 kalendas,

499 1269 583 1301 Solis
606 1269 680 1312 equi
704 1269 831 1302 dulcem
855 1270 1005 1302 efflarunt
1027 1271 1082 1302 ubi
1105 1272 1236 1303 naribus
1259 1273 1367 1315 ignem

498 1321 665 1353 Fluctibus
688 1321 810 1354 Oceani
835 1322 942 1364 capita
965 1325 1063 1364 atque
1087 1323 1179 1354 iubas
1203 1323 1386 1364 madefacti,

498 1372 674 1404 Assuetum
697 1373 739 1404 ad
762 1383 890 1405 cursum
914 1377 1125 1416 properantes
1149 1378 1277 1407 vertere
1302 1386 1437 1416 currum,

448 1437 460 1456 ε,
505 1423 682 1467 Splendida
705 1425 769 1457 iam
792 1428 861 1457 toto
885 1429 1051 1458 cesserunt
1074 1425 1180 1458 sidera
1205 1427 1305 1468 caelo,

499 1476 626 1508 Pallida
648 1487 804 1519 germano
828 1478 923 1510 cessit
945 1488 1074 1520 quoque
1098 1477 1236 1521 Cynthia
1259 1479 1405 1520 Phoebo,

499 1527 595 1560 Solus
618 1529 746 1572 iamque
771 1529 841 1561 citis
864 1529 1053 1572 quadrigam
1077 1530 1222 1572 agitabat
1246 1530 1380 1563 habenis
1401 1548 1404 1551 >

498 1579 633 1623 Iamque
655 1580 749 1612 iubar
770 1580 890 1613 mundo
914 1581 1070 1614 fundebat
1093 1582 1232 1614 amabile
1255 1579 1378 1625 'quadro

497 1631 632 1675 Iamque
655 1632 759 1664 nitore
782 1643 866 1665 novo
889 1643 927 1665 ac
950 1633 1121 1676 splendore
1144 1633 1284 1666 micabat
1307 1634 1425 1676 opimo,

428 1696 452 1716 ιο
496 1682 593 1716 Clara
615 1687 649 1716 et
670 1684 743 1717 luce
765 1695 857 1716 suam
880 1684 1039 1717 reddebat
1062 1685 1176 1728 cuique
1199 1685 1344 1727 figuram,

500 1735 674 1768 Gaudebat
697 1736 850 1768 tenebras
873 1737 983 1779 procul
1007 1737 1110 1769 omnis
1132 1739 1219 1769 terra
1242 1737 1380 1779 fugatas,

497 1786 608 1830 Atque
631 1787 709 1820 mihi
733 1787 934 1830 adplaudens
956 1788 1056 1820 veluti
1079 1799 1238 1831 praesaga
1260 1788 1336 1820 boni
1360 1799 1451 1821 mens

499 1838 712 1882 Tripudiabat
735 1849 835 1872 ovans
857 1840 951 1872 solito
975 1840 1079 1882 magis
1102 1843 1199 1882 atque
1223 1840 1431 1882 triumphans,

498 1890 642 1923 Artubus
666 1893 699 1923 et
721 1892 842 1924 cunctis
865 1891 1023 1924 hilarandi
1045 1892 1149 1924 inerat
1171 1892 1279 1934 potior
1300 1892 1362 1924 vis:

428 1955 452 1974 ιι
496 1941 578 1974 Cum
600 1942 679 1974 mihi
701 1943 841 1985 gratuito
866 1942 942 1974 data
965 1946 1038 1976 sunt
1060 1943 1166 1975 subito
1190 1946 1295 1975 metra
1318 1942 1402 1975 dono

500 1993 694 2026 Celsithroni
717 1995 803 2037 regis
827 1994 867 2027 de
889 1998 981 2038 parte
1005 1995 1108 2026 relata
1131 1993 1250 2026 sodalis

499 2045 616 2078 Dulcia
638 2047 735 2079 melle
759 2047 872 2089 magis,
896 2050 984 2079 trans
1006 2047 1115 2078 lumen
1138 2046 1262 2088 fulgida
1284 2046 1370 2078 solis.

564 2097 657 2135 Quae
680 2098 820 2137 sitiebat,
844 2099 900 2138 uti,
923 2108 998 2130 mea
1020 2108 1120 2138 mens,
1144 2097 1203 2129 sub
1227 2097 1333 2129 sidere
1358 2096 1473 2129 Cancri

498 2149 624 2183 Messor
646 2154 734 2183 amat
755 2151 843 2183 refici
865 2151 962 2183 fontis
985 2150 1154 2183 dulcedine
1177 2150 1257 2192 puri,

238 2277 318 2313 [vlL]
336 2281 501 2307 ffl’oe'roLA
512 2282 774 2307 GO'I'I'ESCHALCI
786 2282 834 2306 AD
846 2278 1066 2306 RATRAMNUM
1079 2279 1114 2306 8⁰
1183 2279 1200 2304 2
1211 2287 1259 2304 om.
1272 2278 1307 2304 So
1371 2278 1387 2303 6
1399 2287 1447 2303 om.
1462 2279 1495 2304 S⁶
1560 2278 1575 2303 7
1590 2280 1729 2304 Rati-amno
1745 2278 1780 2304 18⁰

135 2320 170 2348 10
179 2322 242 2355 fim't
259 2322 294 2348 8⁸
382 2323 412 2349 ll
431 2324 555 2350 chor-meo
580 2324 627 2355 (nic
647 2324 755 2356 semper)
777 2322 812 2349 S⁰
899 2321 931 2348 16
955 2321 1044 2348 *omni
1067 2322 1102 2348 ,5¹0
1191 2320 1220 2346 17
1244 2320 1328 2347 *nulli
1353 2321 1388 2347 Sc
1476 2320 1508 2347 18
1525 2320 1622 2347 *Valet
1646 2325 1675 2347 ut
1698 2321 1780 2353 liquet

134 2364 239 2392 dumne
257 2366 292 2392 18⁶
377 2365 412 2392 26
429 2365 491 2392 ‘bin
508 2376 556 2394 om.
576 2367 611 2394 8⁰
697 2366 730 2393 31
748 2368 771 2393 is
791 2367 822 2392 G.
835 2367 924 2400 Meyer

238 2407 252 2434 1
271 2409 407 2442 Augustus
424 2411 522 2436 docimo
541 2411 678 2444 praebente
696 2410 730 2436 80
748 2419 816 2435 corr.
829 2409 943 2435 Har-ster
1012 2409 1028 2434 2
1042 2409 1155 2434 nubibus
1173 2408 1208 2433 Sc
1220 2416 1287 2432 corr.
1302 2407 1413 2433 Har-oter
1426 2409 1560 2439 conferens
1579 2408 1644 2433 Aen.
1658 2407 1721 2432 XII
1732 2407 1780 2433 115

135 2458 193 2476 unm
211 2451 322 2485 primum
340 2453 394 2479 alto
411 2461 439 2479 se
457 2453 560 2487 gurgite
572 2453 667 2479 tollunt
684 2453 746 2479 solis
763 2453 823 2485 equi
835 2453 970 2485 lucemque
988 2452 1063 2477 elatis
1075 2451 1181 2476 naribus
1193 2451 1282 2476 efflant
1356 2449 1373 2475 3
1386 2451 1498 2476 Occeani
1511 2450 1546 2476 se
1616 2449 1630 2474 7
1643 2451 1733 2475 ahenis
1746 2450 1781 2476 δι’·

239 2527 323 2563 [vlt]
352 2528 394 2562 Οἱ.
412 2537 497 2563 supra
516 2537 580 2563 pay.
593 2529 644 2556 718
661 2529 742 2555 n.36.
798 2528 890 2555 1-32
915 2527 1044 2554 Imitatwr
1070 2525 1207 2553 Strabonis
1233 2532 1338 2551 carmen
1363 2525 1401 2552 ad
1427 2533 1454 2552 se
1480 2526 1589 2552 vtzissum
1614 2526 1698 2558 (Poet.
1722 2526 1781 2552 aevi

137 2577 224 2607 Ooevl.
242 2579 276 2606 11
290 2587 354 2614 paq.
369 2581 422 2608 862
444 2588 466 2607 c.
486 2580 598 2607 XVLII
609 2589 632 2607 v.
650 2581 755 2613 1—12,
778 2580 812 2612 ef.
834 2587 919 2612 supra
937 2587 998 2612 pay.
1012 2579 1062 2605 712
1076 2587 1103 2605 n.
1119 2579 1162 2611 18)
1182 2579 1205 2603 d
1224 2577 1351 2611 Prusperi
1374 2585 1480 2604 carmen
1502 2577 1540 2603 ad
1560 2584 1681 2610 uxorem,
1707 2577 1780 2626 guod

135 2633 244 2659 now-u·
264 2631 316 2666 (ed.
334 2631 434 2659 Vena?
452 2632 550 2667 1418).
591 2631 713 2659 Versibus
728 2631 840 2659 25-29
862 2630 933 2665 qnod
954 2629 1105 2656 mostichis
1127 2629 1240 2662 efficiam·
1256 2628 1395 2661 ARDUA,
1412 2628 1468 2655 nisi
1484 2636 1548 2659 casu
1567 2628 1674 2662 accidit,
1695 2631 1780 2662 potest

135 2681 219 2710 nimae
239 2682 383 2716 artificium
404 2683 566 2718 campas-ari,
590 2683 663 2718 quod
684 2683 761 2718 apud
781 2682 891 2710 ewndem
914 2682 1072 2709 Strabonem
1095 2681 1126 2707 in
1148 2680 1265 2707 versibus
1287 2679 1346 2706 item
1372 2680 1564 2707 Anacreonti&
1585 2682 1622 2707 est
1647 2680 1732 2714 (Poet.
1745 2680 1780 2706 11

134 2741 193 2768 m.
206 2734 258 2762 412
275 2742 297 2762 c.
309 2734 452 2762 LXXIV
465 2743 488 2763 v.
502 2735 612 2769 10-12,
631 2735 663 2768 cf.
682 2734 742 2762 wid.
757 2743 823 2769 pay.
838 2734 908 2768 722).

239 2786 273 2813 12
290 2787 360 2815 Aen.
382 2787 412 2814 Χ
421 2787 473 2814 843
491 2794 626 2821 praesaga
644 2786 710 2813 mali
729 2794 813 2813 mens.
919 2784 1029 2812 18—24
1048 2783 1177 2810 Imitatwr
1191 2782 1347 2810 Strabonem
1364 2783 1381 2810 l.
1395 2791 1417 2810 c.
1432 2790 1495 2817 paq.
1509 2782 1560 2809 363
1578 2790 1600 2809 υ.
1613 2782 1698 2809 5-9.

238 2837 343 2866 Pon-n
361 2845 444 2865 unm
464 2846 523 2866 nevi
542 2827 666 2866 cinnum
686 2837 732 2870 111,
751 2837 776 2864 2.
1540 2833 1574 2860 93
