2040 2996
218 96 229 125 1
241 96 277 125 10
788 88 952 116 AUDRADI
971 87 1097 114 MODICI
1117 85 1294 113 CARMINA.

579 176 750 209 Haeredes
774 176 857 207 caeli
881 178 1027 206 statuens
1052 173 1121 206 sine
1145 173 1209 204 fine
1233 171 1387 205 manere’.

581 228 720 260 ‘Verius'
745 228 863 259 adiecit
886 227 994 258 ‘dictis
1017 229 1074 257 aut
1097 225 1224 256 dulcius
1247 225 1319 256 istis

580 281 744 322 Percipies
769 277 956 321 numquam'
982 282 1016 309 ct
1038 278 1136 309 finem
1159 277 1248 308 dedit
1270 277 1340 319 ipse
1364 275 1525 318 loquendi.

215 342 292 362 0111.
499 341 524 358 ⁴³0
582 333 726 374 Ostipuit
748 342 882 374 praeses
906 340 1083 371 rursusque
1108 329 1166 360 hos
1191 339 1323 360 carcere
1347 328 1478 367 claudit,

580 384 756 425 Excogitat
778 386 915 414 mortem
939 382 1053 421 donec,
1077 391 1141 423 qua
1163 381 1278 423 puniat
1301 391 1424 412 omnes.

579 435 655 467 Nox
678 438 749 467 erat
772 438 804 466 et
828 434 932 466 sancti
956 434 1084 475 fulgent
1106 433 1139 464 in
1163 443 1293 464 carcere
1316 436 1481 474 tamquam

582 487 697 519 Sidera
721 487 885 518 caelorum
908 485 1046 523 arcturi,
1070 484 1181 516 hiades
1204 484 1404 527 pliadesque.

623 539 721 570 Urbis
746 541 816 569 erat
839 538 997 580 templum
1021 537 1138 579 gentili
1162 547 1269 568 errore
1294 536 1435 568 dicatum

499 599 523 617 135
582 591 820 623 Daemonibus:
845 590 958 630 Marti,
984 589 1100 621 Iunoni
1123 590 1191 621 sive
1214 589 1382 621 Minervae

579 643 688 685 Atque
712 642 793 681 Iovi,
818 645 921 674 totum
944 641 1082 683 gemmis
1107 651 1252 683 auroque
1275 644 1436 683 paratum,

581 695 698 737 Nilque
722 694 808 726 aliud
833 694 922 726 cerni
945 697 1072 737 poterat
1095 693 1275 735 girantibus
1299 693 1380 724 illud

582 747 735 787 Interius,
759 750 890 790 praeter
912 745 997 788 quod
1021 745 1129 777 Arabs
1152 746 1287 776 miratur
1310 748 1343 777 et
1365 744 1475 777 Indus.

583 800 655 832 Hoc
679 803 749 832 erat
770 800 803 831 in
826 802 895 830 toto
918 798 1020 830 natali
1043 798 1131 840 regis
1155 801 1304 840 apertum

501 859 526 877 ⁷⁰
583 852 691 892 Anno,
714 851 800 893 quod
825 861 960 883 servans
984 850 1108 893 gremio
1133 850 1307 882 simulacra
1329 849 1464 882 deorum

582 904 695 943 Multa,
719 914 778 946 per
801 903 989 935 innumeras
1013 913 1093 944 quas
1116 902 1186 934 auri
1209 901 1352 944 pondere
1376 913 1496 944 gypsas

583 956 728 988 Fuderat
751 955 891 987 efflantis
914 954 999 986 fabri
1021 954 1178 986 meditata
1201 954 1361 986 voluntas.

582 1007 674 1039 Tunc
697 1018 756 1039 sua
779 1007 949 1049 pontifices
973 1006 1128 1038 libamina
1150 1006 1412 1048 praesbiterique

582 1060 714 1092 Festivo
739 1060 827 1091 cultu
851 1058 1079 1095 celebrabant;
1103 1058 1163 1090 hos
1186 1061 1281 1090 vocat
1304 1069 1418 1090 omnes

584 1112 790 1144 Adveniente
814 1110 876 1150 die,
901 1110 1008 1142 cordis
1032 1110 1208 1152 vulgatque
1233 1113 1406 1142 secretum.

583 1163 683 1195 Ocius
706 1163 754 1194 ire
777 1162 903 1201 iubens,
926 1162 1083 1204 templum
1106 1172 1253 1194 reserare
1277 1161 1482 1194 tremendum

583 1215 719 1247 Praesul
742 1214 920 1246 honorifice
944 1217 1041 1256 atque
1065 1213 1144 1245 deos
1168 1213 1360 1256 abstergere
1384 1214 1460 1245 telis

584 1267 746 1308 Omnique
770 1269 887 1297 ornatu
911 1269 1046 1296 cunctos
1071 1275 1268 1307 componere
1293 1264 1446 1304 suadens,

583 1319 695 1350 Thura
718 1318 814 1350 simul
838 1318 1043 1360 pinguesque
1069 1327 1145 1349 sues
1167 1317 1355 1360 vitulosque
1378 1327 1558 1360 caprasque

502 1378 526 1397 8⁰
583 1370 712 1402 Adduci
734 1369 876 1401 mandat.
922 1369 1015 1406 Quae
1039 1380 1116 1401 mox
1138 1369 1332 1412 implentur:
1356 1371 1390 1401 et
1413 1369 1517 1402 omnis

585 1422 789 1454 Contremuit
811 1421 950 1464 populus
974 1423 1080 1453 tactus
1104 1421 1250 1453 novitate
1273 1421 1400 1464 potenti

584 1474 628 1506 Et
651 1474 773 1506 celerat
797 1474 937 1516 supplex
960 1473 1117 1505 miracula
1140 1483 1273 1505 cernere
1298 1483 1415 1506 rerum.

583 1526 655 1558 Nec
677 1526 785 1558 tardat
807 1536 942 1568 praeses
967 1525 1124 1568 posthaec
1146 1526 1268 1557 intrare
1292 1526 1344 1558 vel
1368 1536 1482 1557 omnes

584 1578 772 1618 Pontifices,
796 1588 916 1620 magna
940 1578 1095 1609 comitum
1119 1577 1276 1609 reboante
1300 1580 1432 1610 caterva

503 1639 527 1657 8⁵
586 1630 697 1673 Atque
721 1630 910 1662 sacerdotes
935 1630 1062 1662 alterna
1086 1640 1166 1662 voce
1191 1633 1364 1667 canentes;

585 1683 794 1725 Invitantque
818 1682 898 1714 deos
922 1682 1082 1725 pecodum
1105 1685 1219 1724 potare
1243 1691 1384 1715 cruoreS.

219 1751 309 1774 c.1111.
627 1734 748 1766 Iudicis
772 1735 898 1766 interea
920 1735 1012 1766 iussu
1034 1734 1076 1766 de
1100 1744 1231 1766 carcere
1254 1734 1354 1766 vincti

585 1786 772 1820 Procedunt
795 1786 900 1818 sancti
923 1789 1089 1828 tamquam
1112 1786 1161 1818 sol
1183 1786 1263 1818 luce'
1281 1785 1408 1818 corusci

586 1839 630 1872 Et
652 1839 768 1872 mediis
792 1839 856 1871 aris
880 1839 1039 1871 sistuntur
1061 1839 1183 1871 lumina
1206 1838 1298 1871 caeli.

327 1915 393 1940 Acta
411 1914 443 1939 B.
464 1913 515 1939 Iul.

220 1968 318 2000 verius,
342 1967 406 1992 nihil
431 1974 507 1999 quam
531 1964 618 1997 (quam
641 1962 679 1987 bis
703 1970 750 1987 om.
769 1960 851 1994 Bou.)
874 1961 984 1987 lucidius
1007 1960 1119 1994 (dulcius
1137 1960 1172 1993 B)
1195 1969 1347 1994 cognoscere
1369 1961 1466 1995 possis'.
1509 1964 1580 1989 Haec
1603 1964 1709 1990 audiens
1727 1964 1874 1990 Marcianus

221 2011 292 2036 iubet
309 2019 352 2036 eos
370 2010 397 2034 in
415 2009 530 2034 custodia
548 2007 646 2033 recludi
663 2006 763 2031 dicens:
783 2004 949 2037 ‘Excogitaho
967 2013 1053 2037 penas,
1072 2005 1166 2037 quibus
1184 2005 1225 2030 isti
1243 2005 1385 2031 intereant⁷.

325 2052 366 2078 54.
392 2053 449 2077 Alia
468 2053 508 2077 die
525 2058 669 2077 convocans
686 2050 718 2074 ad
736 2057 763 2074 se
775 2049 919 2074 sacerdotes
937 2049 1025 2081 templi
1043 2049 1108 2073 dixit
1124 2049 1156 2073 ad
1174 2057 1231 2074 eos:
1251 2049 1297 2074 “Ite
1315 2053 1340 2074 et
1358 2052 1445 2074 ornate
1462 2050 1636 2075 venerandum
1654 2050 1778 2083 templum
1797 2049 1875 2080 Iovis,

224 2097 298 2122 cuius
316 2100 355 2121 est
370 2096 529 2121 consuetudo
547 2094 626 2120 semel
644 2093 670 2118 in
688 2101 755 2118 anno
774 2092 896 2124 patefieri,
914 2092 960 2116 ubi
977 2092 1146 2117 dinoscuntur
1164 2092 1308 2117 veneranda
1325 2092 1431 2117 numina
1449 2093 1518 2117 Iovis
1535 2096 1562 2118 et
1573 2093 1680 2118 Iunonis
1696 2097 1722 2118 ct
1733 2093 1875 2124 Minervae,

224 2148 256 2164 ex
268 2140 362 2164 electro
374 2147 438 2172 puro
457 2140 538 2163 factae
550 2137 681 2170 imagines,
701 2136 795 2168 quibus
807 2135 976 2160 suavissimus
987 2135 1086 2168 Cupido
1099 2135 1283 2160 delectamenta
1294 2135 1434 2166 ministr-im
1453 2139 1480 2161 et
1496 2136 1631 2161 libationes
1649 2140 1675 2161 et
1686 2137 1792 2162 incensa
1803 2144 1875 2169 prae-

221 2182 324 2216 parate'.
358 2183 430 2207 Haec
448 2182 583 2207 audientes
601 2180 710 2205 ministri
728 2179 817 2212 templi
834 2182 971 2204 consuetas
994 2181 1146 2211 praeparant
1167 2178 1271 2203 hostias.
1308 2178 1375 2209 Quid
1398 2179 1497 2204 multa?
1523 2179 1609 2204 illuxit
1632 2179 1686 2204 dies
1705 2183 1731 2204 et
1749 2180 1875 2212 patefacto

226 2226 319 2258 templo
338 2225 458 2250 universa
476 2223 614 2248 multitudo
632 2223 752 2248 convenit
769 2222 925 2247 admirantes
940 2222 1064 2255 templum
1077 2222 1240 2254 patefactum,
1258 2221 1327 2254 quod
1345 2222 1389 2246 vix
1406 2222 1484 2247 semel
1502 2222 1529 2247 in
1547 2231 1616 2247 anno
1629 2222 1774 2255 principum
1791 2221 1878 2247 mule·

225 2268 368 2301 patefiebat.
397 2268 460 2293 Tale
472 2267 540 2292 enim
553 2270 607 2292 erat
625 2275 690 2299 opus
702 2266 821 2295 fabricas,
840 2268 869 2290 ut
887 2274 938 2290 non
951 2273 1082 2297 marmore,
1101 2265 1146 2290 sed
1163 2265 1258 2290 tabulis
1275 2265 1404 2297 argenteis
1416 2265 1524 2298 parietes
1543 2269 1569 2290 et
1581 2266 1755 2299 pavimentum
1768 2269 1876 2290 stratum

224 2312 368 2344 splenderet
385 2319 447 2336 auro
467 2310 602 2343 purissimo
621 2313 647 2334 et
664 2309 808 2342 margaritis
828 2309 870 2334 vel
887 2309 1016 2342 lapidibus
1034 2309 1150 2342 pretiosis
1168 2309 1309 2342 crispantes
1327 2317 1452 2334 camerae.

327 2354 367 2379 55.
391 2354 508 2386 Cumque
526 2353 613 2378 omnia
630 2356 791 2385 pararentur,
814 2353 946 2385 ingressus
970 2359 1071 2385 praeses
1095 2352 1219 2390 templum
1237 2352 1309 2377 iubet
1326 2352 1367 2377 dei
1385 2355 1487 2377 sanctos
1503 2352 1604 2378 adduci.
1639 2352 1740 2383 Quibus
1756 2360 1875 2385 praesen-

329 2498 362 2524 78
380 2507 498 2532 compore
517 2508 583 2524 corr.
602 2498 634 2523 P·
703 2499 829 2524 suaadens
847 2499 872 2524 P
973 2497 1008 2524 84
1025 2499 1147 2524 reboante
1165 2507 1231 2524 corr.
1250 2498 1281 2523 Ρ
1384 2498 1418 2525 86
1431 2499 1560 2532 pecudum
1578 2498 1608 2523 P

327 2584 359 2610 57
382 2583 429 2616 cfr.
449 2583 487 2615 IL
506 2583 548 2610 47.
656 2584 690 2610 59
709 2583 776 2610 Aen.
801 2583 847 2616 VI,
865 2584 897 2610 76
915 2583 997 2610 finem
1020 2583 1099 2610 dedit
1121 2592 1168 2610 ore
1192 2583 1333 2617 loquendi.
1445 2584 1478 2610 62
1499 2584 1569 2611 Aen.
1587 2592 1607 2610 e.
1623 2592 1647 2618 9.
1667 2584 1724 2618 1H,
1744 2583 1795 2611 147
1813 2583 1876 2610 Nox

226 2637 286 2662 erat
308 2637 344 2662 et.
453 2636 486 2661 133
509 2635 555 2667 cfr.
581 2635 627 2661 Ge.
652 2635 674 2668 I,
701 2635 750 2661 138
776 2635 899 2669 Pleidas,
925 2635 1041 2669 hyadas,
1068 2636 1226 2669 claramque
1251 2635 1388 2669 Lycaonis
1412 2637 1516 2662 arcton.
1629 2636 1663 2662 70
1685 2636 1750 2662 Her.
1776 2635 1813 2670 X,
1837 2635 1872 2663 95

225 2687 373 2714 simulacra
391 2686 512 2713 deorum.
610 2687 642 2713 75
654 2687 700 2719 cfr.
709 2695 781 2720 pass.
794 2687 834 2720 ΙΙ,
849 2687 905 2714 138,
1002 2687 1035 2714 76
1048 2687 1096 2720 cfr.
1107 2687 1174 2714 Aen.
1189 2687 1269 2721 VHL
1283 2687 1334 2714 555
1348 2687 1431 2714 Ocius
1443 2687 1491 2714 ire.
1599 2688 1631 2714 81
1644 2688 1691 2721 cfr.
1705 2688 1768 2715 Met.
1780 2687 1820 2720 II,
1832 2688 1875 2714 31.

227 2740 262 2766 84
280 2740 346 2765 Aen.
365 2746 384 2765 e.
401 2747 425 2772 9.
445 2738 486 2770 ΙΙ,
505 2738 539 2764 40
558 2746 660 2772 magna
679 2738 831 2765 comitante
849 2741 968 2771 caterva,
986 2739 1034 2772 cfr.
1052 2739 1085 2766 ὦ.
1107 2739 1159 2774 XI,
1179 2739 1238 2767 478.
1342 2739 1376 2766 88
1394 2739 1440 2773 cs'r.
1455 2748 1527 2775 pass.
1547 2740 1588 2775 ΙΙ,
1607 2740 1666 2767 181.

1870 2811 1893 2838 ⁴³:
