2060 3074
427 346 466 366 ³6⁰

406 614 465 646 „³⁶⁵

429 874 468 893 ³¹10

427 1132 466 1152 ³⁵15

429 1651 467 1671 ³85

429 2177 467 2197 895

252 2745 302 2772 ³61
320 2746 372 2779 Qui
385 2746 411 2771 B

149 2793 235 2815 ιηωω
253 2789 301 2822 (ιι-ο
316 2789 426 2823 comper)
439 2790 465 2816 Β

730 145 820 172 VITA
839 145 866 172 S.
879 146 1033 173 AMANDI.
1063 146 1172 173 LIBER
1185 146 1206 173 I.

510 231 661 263 Crebrius
685 234 718 263 et
740 232 851 263 sitiens
873 235 1005 274 potatur
1027 232 1116 264 fonte
1143 243 1299 276 superno3

509 283 559 314 Ac
583 283 745 326 quondam
768 283 872 315 nudus
895 295 979 315 nunc
1002 285 1078 326 agni
1102 288 1151 316 est
1173 285 1294 317 vellere
1318 288 1438 322 tectus;

510 335 572 371 Qui
597 336 672 367 olim
695 346 820 378 pauper
843 338 922 375 erat,
946 335 1043 367 modo
1067 337 1160 378 regni
1181 347 1314 368 munere
1338 337 1439 377 dives,

511 386 583 423 Quo
606 397 731 419 memor
754 390 789 418 ut
811 387 912 418 nostri
934 388 985 427 sit,
1010 398 1144 429 corpore
1168 388 1266 420 corde
1288 399 1468 431 precamur.

552 447 628 479 ΧΠ.
652 447 695 479 Et
717 448 792 490 quia
815 450 943 479 sanctus
964 458 1054 479 amor
1074 457 1204 490 semper
1225 459 1428 480 succrescere
1450 449 1539 480 novit

510 499 770 542 Multiplicesque
794 509 852 531 suo
875 499 1040 531 cumulare
1064 500 1176 531 labore
1199 501 1369 543 maniplos,

509 550 568 582 Vir
590 550 712 582 domini
735 561 864 593 semper
887 561 1005 592 magno
1028 551 1191 593 flagrabat
1214 562 1335 591 amore,

509 601 654 644 Corpore
677 602 825 643 lassatus,
848 602 907 634 sed
929 603 1046 634 mentis
1070 603 1186 634 robore
1210 604 1300 635 fortis

511 652 669 689 Quatinus
691 654 733 685 ad
757 654 864 686 celsae
887 658 1078 696 properaret
1100 655 1229 686 moenia
1251 655 1388 695 Romae,

509 705 581 742 Quo
604 705 722 738 Petrus
745 706 930 749 Paulusque
955 707 1024 738 solo
1049 707 1205 749 caeloque
1229 707 1355 739 venusti

512 757 609 789 Celsa
632 758 781 800 sepulcra
803 761 916 790 tenent
938 758 1058 790 mundo
1082 759 1285 801 splendentia
1308 762 1387 798 toto,

511 809 678 842 Ecclesiae
702 820 854 852 proceres
878 810 1040 852 fulgentes
1063 821 1154 842 more
1178 812 1340 851 lucernae,

511 861 656 898 Quorum
680 862 791 904 lingua
815 862 902 894 valet
925 872 1071 894 reserare
1096 866 1130 894 et
1151 863 1303 895 claudere
1327 864 1466 895 caelum.

508 912 596 955 Ergo
620 914 682 945 iter
703 924 878 958 aggressus
901 914 1042 956 quodam
1066 915 1240 947 comitante
1264 916 1408 947 ministro

509 964 664 1007 Squalida
686 965 886 1008 perlustrans
910 969 943 997 et
966 965 1061 998 devia
1085 977 1234 1009 quaeque
1257 977 1436 1009 peragrans

508 1016 648 1048 Romam
669 1017 819 1060 pervenit
841 1017 923 1048 miro
946 1017 1129 1049 flammatus
1153 1029 1274 1050 amore.

509 1067 630 1111 Aspice
653 1079 748 1110 nunc,
772 1069 886 1111 quales
909 1069 1014 1100 socios
1037 1069 1161 1101 curavit
1182 1070 1320 1102 habere:

509 1120 654 1161 Petrum,
677 1120 826 1152 sidereae
850 1123 900 1152 est
923 1121 973 1152 cui
997 1121 1095 1152 clavis
1119 1121 1238 1153 tradita
1260 1125 1385 1164 portae,

510 1173 558 1203 Ac
581 1172 730 1212 Paulum,
754 1172 865 1204 mundi
889 1173 1059 1214 egregium
1084 1183 1143 1215 per
1165 1174 1273 1205 saecla
1295 1174 1496 1215 magistrum.

511 1223 539 1255 O
563 1224 589 1255 si
613 1223 752 1255 describi
775 1227 909 1266 possent
930 1224 1081 1256 incendia
1104 1225 1232 1266 amoris,

510 1275 636 1307 Littera
658 1276 711 1308 vel
734 1276 831 1307 sciret
853 1275 959 1308 cordis
982 1277 1118 1319 suspiria
1141 1277 1215 1309 fari:

511 1327 630 1360 Dicere
653 1338 798 1369 conarer,
822 1331 978 1370 quantum
1002 1328 1154 1361 dilexerit
1176 1329 1259 1371 illos,

511 1379 663 1412 Postibus
685 1380 718 1412 in
741 1390 876 1422 quorum
899 1381 1033 1412 sacratis
1057 1381 1166 1413 oscula
1188 1381 1268 1413 fixit.

513 1431 598 1468 Quid
621 1431 735 1463 credas
758 1431 891 1472 faceret,
915 1432 942 1463 si
965 1432 1037 1464 illos
1060 1433 1093 1464 in
1116 1443 1212 1465 carne
1237 1433 1383 1465 videret?

512 1483 670 1516 Omnibus
692 1484 818 1516 interea
840 1494 900 1527 per
921 1484 1047 1526 singula
1070 1485 1193 1528 templa
1217 1485 1332 1517 diebus

511 1535 672 1568 Currebat
693 1535 802 1579 plures
825 1536 951 1567 socians
974 1536 1034 1568 sibi
1056 1536 1180 1568 honore
1203 1537 1347 1574 sodales;

511 1587 670 1631 Principis
693 1590 728 1619 et
748 1587 839 1619 Petri
862 1587 921 1620 sed
942 1588 975 1619 in
998 1587 1116 1620 aedem
1139 1589 1282 1633 intrabat
1305 1587 1451 1628 anhelus,

511 1638 593 1671 Cum
617 1639 665 1671 sol
687 1639 832 1672 lucifluos
855 1639 974 1682 pelago
997 1640 1168 1683 tinguebat
1191 1641 1336 1673 amictus.

555 1699 650 1732 xm.
673 1699 734 1732 His
756 1700 803 1732 ita
826 1699 980 1740 decursis,
1003 1704 1158 1743 superant
1181 1711 1266 1744 quae
1289 1703 1394 1743 gesta,
1417 1710 1580 1740 canamus,

512 1751 566 1784 Ad
588 1751 684 1784 finem
709 1751 813 1784 tendit
835 1752 910 1794 quia
933 1752 997 1784 iam
1020 1763 1096 1795 pars
1118 1753 1223 1795 prima
1245 1753 1358 1785 libelli.

511 1802 656 1835 Fervens
680 1813 758 1846 ergo
781 1802 846 1835 fide
870 1802 947 1835 dum
970 1814 1078 1836 sacras
1102 1805 1214 1836 circuit
1237 1804 1348 1845 aedes,

511 1854 648 1887 Intravit
669 1854 760 1887 Petri
782 1854 1011 1897 perpulchram
1034 1865 1171 1888 cernuus
1194 1857 1311 1888 aulam.

513 1906 570 1939 Sol
592 1917 721 1950 quoque
750 1907 982 1939 flammicomus
1004 1907 1069 1939 iam
1091 1918 1246 1950 magnum
1268 1908 1379 1940 innare
1403 1908 1541 1950 parabat

513 1957 679 1991 Oceanum
703 1961 737 1990 et
759 1958 853 1990 rutilo
876 1958 1025 2001 fulgebat
1046 1959 1215 2003 Hesperus
1238 1963 1319 1992 ortu.

513 2010 644 2042 Interea
667 2010 781 2053 templi
803 2010 971 2042 custodum
995 2021 1072 2043 cura
1094 2012 1223 2055 repellit

513 2060 730 2094 Oommixtam
752 2061 884 2104 plebem
907 2062 1094 2106 foribusque
1117 2064 1263 2106 patentia
1285 2063 1414 2099 claudit.

514 2113 763 2156 subsistensque
786 2123 900 2156 parum
922 2115 971 2146 vir
993 2118 1122 2147 sanctus
1144 2116 1177 2147 in
1200 2115 1283 2148 aede
1306 2116 1460 2147 remansit

510 2164 549 2197 In
570 2165 720 2208 precibus
742 2169 872 2198 noctem
895 2166 1028 2210 cupiens
1052 2166 1214 2199 deducere
1237 2170 1356 2204 totam;

511 2216 579 2250 Sed
602 2221 710 2250 custos
733 2218 847 2261 templi
869 2217 946 2250 dum
969 2229 1062 2252 sacra
1083 2219 1200 2251 altaria
1221 2220 1346 2260 lustrat,

511 2269 714 2312 Pervigilem*
731 2270 854 2302 invenit
874 2270 1008 2313 psalmis
1030 2271 1246 2314 precibusque
1269 2271 1411 2303 beatum.

512 2320 605 2353 Felle
627 2321 726 2363 igitur
746 2324 852 2354 motus
874 2322 987 2354 mitem
1009 2322 1180 2354 violentius
1202 2332 1322 2365 urgens

513 2370 676 2405 Caedibus
698 2373 817 2405 insanis
839 2373 1002 2416 patienter
1024 2377 1139 2406 cuncta
1162 2374 1322 2406 ferentem

512 2423 647 2468 Expulit
669 2428 768 2468 atque
791 2425 897 2468 ipsum
919 2426 1021 2469 portis
1045 2426 1152 2458 emisit
1174 2426 1306 2469 apertis.

512 2475 582 2508 Nec
603 2477 704 2509 valuit
726 2477 856 2510 turbare
879 2478 982 2510 virum
1006 2476 1177 2510 dulcedine
1200 2478 1332 2520 plenum

512 2527 566 2560 Ira
587 2531 714 2561 tumens
737 2529 884 2570 hominis,
908 2529 980 2561 tulit
1002 2529 1085 2562 haec
1107 2530 1184 2572 quia
1207 2532 1322 2562 cuncta
1344 2528 1492 2560 libenter.

555 2583 646 2617 XIV.
670 2583 801 2616 Interea
823 2588 898 2617 ante
922 2585 1008 2617 fores
1031 2585 1144 2628 templi
1167 2584 1330 2617 residente
1352 2584 1451 2616 beato

512 2634 632 2667 Mentis
654 2635 687 2668 in
710 2646 847 2669 excessu
870 2640 904 2669 et
926 2637 1042 2669 solium
1065 2637 1247 2680 penitrante
1271 2646 1446 2679 supernum

483 2746 534 2774 387
553 2756 612 2782 pras
625 2748 650 2773 A
724 2747 776 2775 395
793 2750 901 2783 cupiens
919 2753 1019 2776 noctem
1039 2749 1096 2781 (sed
1114 2749 1322 2781 trampoeiu'onis
1339 2749 1418 2782 signis
1436 2748 1544 2782 additio)
1558 2750 1583 2775 A

1730 151 1791 180 577

1653 2749 1705 2776 404
1723 2759 1799 2784 pcne-
