2138 3106
298 103 359 133 338
900 99 1068 127 CARMINA
1087 99 1350 126 CENTULENSIA.

609 200 620 218 s
657 187 811 229 Denegat
826 187 888 218 hoc
912 186 989 228 quia
1012 186 1077 217 iam
1101 197 1177 228 spes
1200 189 1322 225 nostra,
1346 186 1463 218 dehinc
1484 187 1687 227 reticescam,

661 239 794 271 Interea
818 239 922 270 donec
945 239 1016 281 lyps
1039 238 1167 270 flaverit
1190 239 1275 271 alter
1297 238 1338 270 ab
1362 239 1429 278 illo,

664 291 798 322 Semina
821 291 916 333 plura
939 290 1036 322 modo
1059 290 1202 332 graviter
1225 290 1278 332 qui
1301 290 1407 322 flando
1430 291 1562 333 perurit.

663 342 779 374 Gratia
802 342 992 374 celsithroni
1015 342 1073 374 sed
1097 353 1154 374 vos
1179 342 1283 374 salvet
1307 345 1411 384 regat,
1435 353 1501 381 oro,

662 395 826 437 Tempora
849 405 908 437 per
931 397 1025 426 tensa
1049 395 1167 429 multos
1192 394 1355 437 digneque
1378 394 1533 437 regendo.

599 460 623 478 10
660 446 730 478 Nec
753 447 860 478 minus
885 446 1038 489 implorat
1060 446 1190 488 iugiter,
1215 446 1276 477 hoc
1300 445 1422 478 credite
1446 446 1552 483 nobis,

662 499 754 531 Grex
777 502 890 531 noster
912 498 1034 530 solidus
1059 499 1207 538 caritate,
1231 498 1295 530 fide
1319 498 1501 539 roboratus,

664 550 731 582 Vos
755 551 855 582 vestri
878 551 963 582 circa
986 561 1044 592 pro
1069 550 1172 592 patris
1196 560 1319 589 amore,
1343 550 1466 591 sciatis,

663 603 732 634 Nos
756 603 811 644 qui
834 603 884 634 bis
908 602 1007 634 denos
1032 602 1118 634 rexit
1140 601 1282 634 feliciter
1304 612 1407 634 annos

670 655 727 686 Ius
751 658 897 686 nostrum
921 655 1006 686 circa
1029 664 1189 697 peragens
1213 654 1293 686 nihil
1317 654 1387 696 ipse
1411 654 1589 686 sinistrum.

600 720 624 739 15
662 707 764 738 Cuius
789 707 929 749 vestigia
952 709 1106 738 maneant
1129 717 1260 749 semper
1282 717 1410 748 quoque
1434 709 1560 738 vestros

664 759 753 791 Ante
778 758 902 798 oculos,
928 761 1035 790 vester
1058 758 1200 801 deposco
1223 769 1284 800 per
1307 759 1416 790 omnia
1439 760 1538 798 totus,

665 810 738 847 Quo
762 810 854 842 vobis
878 810 1026 842 dominus
1050 810 1231 852 longaevae
1255 810 1377 852 gaudia
1400 810 1486 842 vitae

667 862 834 894 Ooneedat
858 863 1013 903 clemens,
1038 863 1186 905 requiem
1210 862 1267 894 det
1289 865 1429 905 postque
1454 862 1594 895 beatam.

666 914 719 946 Ad
741 915 840 946 finem
863 917 1018 956 repetunt
1041 914 1126 946 bene
1151 925 1209 946 vos
1234 918 1426 956 vestrosque
1451 914 1562 946 valere

603 979 629 998 ρο
665 967 847 998 Litterulae
872 969 1003 998 nostrae
1027 969 1154 998 tantum
1179 967 1251 998 sine
1275 967 1350 1008 lege
1373 969 1538 1008 peractae,

666 1018 767 1050 Plura
790 1021 960 1060 poetarum
983 1021 1101 1050 norunt
1124 1018 1179 1060 qui
1202 1028 1349 1060 pungere
1371 1017 1491 1050 menda

668 1069 720 1101 Ex
745 1070 889 1110 calamis,
914 1069 1053 1112 tingunt,
1077 1070 1228 1112 propriis,
1252 1079 1332 1112 quos
1354 1072 1466 1101 mente
1490 1069 1661 1112 profunda.

668 1122 739 1154 Has
767 1125 878 1154 tamen
902 1122 1057 1164 accipite;
1082 1121 1245 1164 perlectas
1270 1121 1416 1164 pandere
1439 1121 1520 1153 nulli

666 1175 867 1217 Dignamini,
891 1175 975 1217 ignis
1001 1174 1086 1206 edax
1110 1175 1218 1217 potius
1243 1173 1301 1206 sed
1325 1174 1459 1206 devoret
1482 1174 1583 1217 ipsas.

602 1240 627 1259 25
665 1227 734 1259 Vos
759 1238 858 1270 super
881 1228 965 1269 ignis
989 1227 1120 1259 divinus
1145 1227 1264 1266 veniet,
1289 1230 1384 1270 pater
1406 1227 1502 1266 alme,

669 1279 734 1316 Qui
758 1279 858 1311 corda
881 1279 1042 1312 accendat
1066 1282 1174 1311 vestra
1196 1289 1366 1321 nocuaque
1390 1282 1540 1321 perurat3

669 1331 755 1363 Exin
779 1331 933 1363 conciliet
958 1331 1108 1363 Christus
1132 1332 1283 1374 vitaeque
1308 1341 1481 1374 supernae,

670 1383 775 1420 Quam
801 1383 942 1415 retinent
965 1394 1049 1415 vana
1073 1386 1267 1426 spernentes
1290 1382 1410 1426 gaudia
1432 1382 1554 1415 mundi.

302 1618 327 1634 a.
346 1611 403 1635 870.
1079 1607 1185 1641 CVII.

669 1677 813 1720 Tempus
838 1678 879 1710 ab
903 1677 1046 1710 adventu
1070 1678 1193 1709 domini
1218 1677 1422 1709 currentibus
1446 1677 1540 1708 annis

669 1729 727 1762 Bis
753 1730 1000 1772 quadringentis
1025 1730 1135 1762 decies
1161 1733 1287 1772 septem
1311 1729 1484 1761 cumulatis

670 1782 708 1813 In
731 1782 835 1824 primo
860 1782 1011 1825 ingressu
1034 1782 1121 1814 Iunii
1145 1792 1218 1814 cum
1243 1784 1352 1815 staret*
1368 1781 1401 1812 in
1425 1781 1491 1812 alto

671 1835 926 1867 Flammicomus
951 1838 1063 1867 centro
1089 1835 1147 1874 sol,
1171 1835 1327 1878 perspexi
1351 1844 1479 1876 quoque
1504 1833 1586 1865 caeli

622 1901 633 1919 5
671 1887 764 1919 Illius
789 1888 935 1920 nimbum
960 1888 1047 1920 circa
1071 1888 1217 1931 speciem
1241 1887 1438 1926 rutilantem,

672 1939 736 1971 Iris
761 1940 847 1972 enim
872 1940 914 1972 ad
937 1940 1076 1972 formam
1100 1940 1247 1983 spacium
1270 1939 1474 1982 praegrande
1498 1941 1673 1970 tenentem.

672 1991 768 2024 Unde
793 1995 903 2035 patres
928 1993 1031 2024 nostri
1056 1995 1235 2035 coeperunt
1258 2001 1416 2034 quaerere
1440 1991 1563 2033 plures,

672 2044 759 2081 Quid
783 2045 858 2076 talis
881 2045 982 2076 vellet
1005 2044 1202 2087 protendere
1226 2044 1366 2076 circulus
1390 2044 1457 2075 ille.

675 2096 741 2129 Sed
765 2097 897 2139 quidam
921 2097 1013 2129 scioli
1036 2097 1239 2139 trepidantes
1262 2097 1386 2139 fingere
1409 2096 1494 2128 falsa

607 2163 631 2181 ιο
669 2149 779 2181 Unum
802 2149 865 2181 hoc
889 2153 1014 2182 tantum
1039 2149 1264 2181 memorabant
1288 2159 1324 2180 se
1347 2148 1545 2190 minimeque

672 2201 752 2233 Tale
777 2211 932 2243 umquam
956 2205 1125 2244 spectasse
1151 2201 1217 2233 suis
1241 2200 1354 2239 oculis,
1378 2200 1439 2231 nisi
1462 2200 1561 2232 lunae

674 2253 713 2284 In
737 2254 859 2296 specie,
883 2253 991 2295 signat
1013 2257 1142 2296 tempus
1167 2252 1295 2296 quando
1319 2251 1473 2294 pluviale.

673 2305 833 2348 Nuncque
856 2305 953 2337 modo
978 2306 1076 2337 simili
1100 2302 1261 2337 monstrat
1284 2304 1419 2346 Tytanis
1443 2307 1476 2336 et
1499 2304 1571 2346 ipsa

672 2357 736 2388 Pro
761 2360 849 2389 certo
874 2357 1010 2400 species,
1035 2368 1095 2389 ceu
1119 2358 1322 2399 compertum
1347 2355 1535 2388 retinemus.

609 2422 633 2441 15
671 2410 753 2442 Post
776 2409 914 2452 primam
937 2409 1033 2450 Iunii,
1058 2409 1208 2442 revoluta
1232 2409 1360 2450 aliaque
1383 2407 1436 2440 die
1460 2418 1535 2439 nam

410 2556 444 2582 25
461 2566 497 2582 an
515 2556 634 2583 *veniam
737 2556 772 2582 ⁴28
790 2565 841 2589 qua
859 2557 884 2581 B
901 2565 969 2582 corr.
987 2556 1086 2582 Bethm.

412 2599 508 2633 [CVII]
527 2601 544 2626 3
562 2604 691 2626 constaret
710 2600 735 2625 B
752 2610 819 2626 corr.
838 2600 935 2626 Betkm.
1042 2599 1059 2624 8
1077 2608 1112 2624 απ
1130 2598 1313 2632 *ροηθῐιᾱθῐθὲ
1424 2597 1456 2623 15
1473 2597 1599 2631 *primum
1617 2598 1643 2623 B

412 2694 444 2720 12
463 2693 602 2726 Rudolfus
626 2694 778 2728 Welphonis
792 2697 878 2728 pater,
898 2694 1045 2721 846—866
1062 2693 1142 2720 abbas
1159 2692 1186 2720 S.
1207 2691 1339 2725 Richarii,
1357 2692 1406 2725 cfr.
1424 2699 1509 2727 supra
1522 2699 1551 2727 p.
1569 2691 1628 2719 268.
1716 2692 1749 2719 19
1766 2691 1815 2725 cfr.
1826 2698 1848 2717 c.
1862 2689 1906 2723 (11,
1917 2689 1960 2716 41.

308 2746 342 2772 23
359 2745 407 2778 cfr.
425 2754 446 2772 c.
465 2745 612 2779 LXXXI,
625 2746 666 2772 27.
