2138 3106
303 135 364 166 364

906 130 1048 157 CARMIN
1050 130 1074 156 A
1093 128 1355 156 OENTULENSIA.

669 218 743 249 Non
767 229 881 249 aurum
903 218 1028 248 fulvum
1052 227 1159 258 neque
1184 226 1332 258 gemmae
1357 218 1432 246 sunt
1454 215 1533 246 mihi
1558 225 1664 252 carae,

713 270 779 301 Sed
802 280 955 311 magnam
979 269 1123 310 inopiam
1149 268 1267 299 cellula
1290 270 1400 298 nostra
1422 267 1515 308 tegit.

619 334 630 352 ε»
668 321 876 363 Quapropter
899 321 1035 352 nimium
1058 319 1264 352 verecundus
1288 319 1349 351 hoc
1373 329 1502 361 quoque
1526 328 1643 349 munus

603 592 628 611 10

607 1490 631 1509 10

607 1751 631 1770 15

606 2010 632 2030 20

606 2274 631 2293 25

711 373 826 415 Dirigo
850 383 1064 416 perparvum;
1088 382 1178 403 sume
1203 375 1312 403 tamen
1336 371 1474 414 placide.

669 425 753 457 Nam
777 425 877 467 gestit
900 428 1011 457 noster
1034 424 1162 455 animus
1185 423 1244 455 tibi
1267 423 1362 465 plura
1383 433 1515 465 parare:

712 476 887 519 Tantisper
908 487 1056 519 parvum,
1081 485 1214 518 quaeso,
1237 478 1340 517 pater,
1365 475 1487 516 capies.

669 528 713 559 Et
736 528 795 560 tibi
819 529 907 560 laeta
931 529 998 560 dies
1022 527 1120 559 hodie
1145 538 1182 559 ac
1206 537 1382 559 numerosa
1404 536 1463 568 per
1485 536 1588 557 annos

710 579 769 619 Sit,
793 579 937 621 rogitant
960 578 1061 610 nostri
1085 577 1239 609 versiculi
1263 576 1405 619 insipidi.

669 631 756 663 Dum
780 632 904 664 resides
927 635 1062 674 propter
1084 631 1223 670 cineres,
1247 641 1327 672 quos
1350 630 1484 672 perlege
1509 629 1613 665 solus;

714 684 808 726 Ipsos
832 684 981 716 Vulcano
1006 684 1134 726 porrige
1157 687 1243 725 post,
1267 682 1383 724 rogito.

1013 888 1018 891 -
1055 868 1204 900 CLXIV.

997 933 1062 969 AD
1091 931 1266 968 CHORE.

670 1007 820 1050 Exiguus
844 1007 980 1039 nimium
1003 1007 1167 1038 modicum
1191 1006 1251 1038 tibi
1275 1006 1378 1048 dirigo
1402 1016 1535 1042 munus:

713 1059 800 1091 Illud
823 1060 910 1091 enim
935 1070 1037 1099 sume,
1062 1069 1193 1101 quaeso,
1217 1061 1319 1100 pater,
1343 1057 1482 1100 placide.

672 1111 871 1154 Exemplum
895 1111 1027 1142 minime
1050 1111 1162 1153 pigeat
1186 1120 1367 1142 memorare
1391 1109 1543 1141 Catonis:

715 1164 822 1200 ‘Quod
844 1164 959 1195 tribuit
981 1174 1115 1205 pauper,
1139 1163 1286 1205 gratifice
1310 1160 1443 1204 capies.'

670 1216 754 1248 Nam
778 1217 804 1247 si
829 1217 895 1247 vita
919 1218 1038 1255 manet,
1062 1219 1136 1257 post
1160 1215 1221 1246 hoc
1245 1215 1368 1246 maiora
1391 1216 1584 1255 sequantur:

714 1268 846 1300 Interea
870 1269 932 1300 vile
957 1267 1128 1311 displiceat
1150 1267 1293 1299 minime.

671 1321 780 1353 Unum
804 1323 836 1352 te
860 1331 957 1352 nosse
981 1320 1076 1362 cupio
1101 1323 1291 1361 certumque
1315 1329 1467 1350 manere:

715 1373 820 1405 Omne
843 1383 962 1412 meum,
986 1373 1103 1410 fateor,
1125 1372 1151 1403 si
1177 1371 1280 1414 cupis,
1305 1381 1379 1403 esse
1405 1373 1506 1402 tuum.

671 1425 714 1457 Et
736 1425 863 1464 merito,
888 1425 1040 1467 quoniam
1065 1427 1120 1455 tua
1144 1424 1190 1455 sic
1213 1433 1286 1454 mea
1309 1433 1370 1454 nec
1393 1423 1500 1454 minus
1525 1432 1598 1454 esse

711 1478 885 1509 Veraciter
907 1477 1004 1509 credo
1029 1487 1191 1519 quamque
1216 1479 1321 1507 ratum
1345 1479 1450 1507 teneo.

670 1529 745 1561 Non
769 1540 849 1572 opus
874 1533 923 1561 est
946 1532 1091 1560 nostrum
1116 1538 1300 1560 sermonem
1325 1532 1437 1558 texere
1460 1537 1604 1569 prosum,

715 1583 824 1625 Atque
848 1582 955 1614 oleum
980 1582 1055 1613 nolo
1079 1580 1232 1619 vendere,
1257 1581 1372 1619 amice,
1396 1580 1464 1611 tibi.

673 1634 767 1671 Quod
789 1635 912 1676 loquor,
937 1637 973 1665 ut
997 1633 1114 1665 stabile
1138 1636 1279 1671 maneat,
1304 1636 1338 1663 tu
1362 1632 1424 1674 fige
1449 1632 1601 1674 sigillum,

716 1686 790 1723 Quo
814 1686 923 1718 nullus
947 1686 1056 1717 valeat
1078 1685 1162 1717 hanc
1188 1685 1308 1716 violare
1332 1684 1441 1717 fidem.

670 1738 719 1770 Sit
742 1738 800 1770 tibi
823 1738 975 1770 nativitas
999 1737 1095 1770 hodie
1120 1748 1157 1768 ac
1181 1747 1356 1768 numerosa
1379 1747 1438 1779 per
1461 1746 1563 1767 annos

715 1790 828 1831 Laeta,
853 1794 939 1829 tuus,
963 1790 1094 1829 domini,
1119 1789 1180 1820 hoc
1204 1799 1332 1831 quoque
1357 1787 1531 1826 desiderat.

671 1843 721 1874 Ac
744 1842 876 1885 genitus
900 1843 1002 1885 patris
1026 1845 1058 1873 te
1083 1844 1244 1884 protegat,
1269 1851 1325 1872 oro
1349 1840 1481 1882 diuque,

715 1895 778 1926 Pro
803 1894 894 1926 nobis
920 1905 1050 1926 earnem
1075 1904 1204 1925 sumere
1229 1893 1284 1935 qui
1308 1892 1419 1932 voluit,

674 1946 825 1979 Solveret
847 1949 883 1978 ut
906 1946 1045 1988 primum
1068 1945 1243 1983 hominem,
1268 1955 1365 1987 quem
1389 1944 1533 1976 condidit
1555 1944 1636 1986 ipse,

713 1998 743 2030 A
766 2009 877 2030 morsu
899 1998 986 2037 mali,
1011 1996 1165 2028 mandere
1189 1995 1274 2038 quod
1296 1995 1428 2036 studuit,

673 2050 744 2083 Nec
766 2061 831 2082 non
856 2053 889 2082 et
913 2049 1064 2082 zabulum
1087 2049 1251 2090 religaret,
1275 2048 1421 2080 vinceret
1443 2050 1551 2089 atque,

715 2102 832 2135 Plures
855 2112 896 2133 ne
919 2101 1064 2133 traheret
1087 2101 1201 2132 mortis
1225 2099 1265 2132 ad
1288 2100 1465 2132 interitum.

673 2155 767 2192 Quod
794 2155 901 2186 subito
926 2154 1045 2186 accidit
1069 2153 1110 2185 ad
1134 2155 1278 2185 mentem
1302 2152 1390 2192 mihi,
1414 2152 1475 2184 hoc
1495 2152 1564 2191 tibi,
1590 2151 1701 2190 frater,

716 2207 849 2250 Scripsi,
873 2206 1011 2248 ideoque
1036 2216 1108 2238 meo
1132 2215 1240 2248 parce,
1263 2215 1388 2247 precor,
1413 2204 1548 2236 calamo.

669 2260 758 2293 Dum
782 2260 908 2292 resides
930 2262 1064 2302 propter
1086 2269 1216 2302 prunas,
1240 2258 1301 2290 hoc
1323 2258 1459 2300 perlege
1484 2267 1626 2296 carmen,

715 2312 804 2344 Exin
826 2312 976 2344 Vulcano
1000 2311 1087 2353 quod
1110 2311 1227 2350 tribue,
1251 2310 1367 2352 rogito.

672 2365 751 2397 Post
774 2365 906 2397 niveum
930 2374 1009 2406 cape
1032 2364 1228 2395 lomentum:
1254 2362 1299 2394 sic
1323 2361 1421 2393 ablue
1446 2361 1563 2399 ehiras,

714 2417 857 2449 Istorum
881 2419 971 2448 tactu
994 2426 1035 2447 ne
1060 2418 1215 2448 maneant
1238 2413 1355 2447 olidae.

408 2549 439 2574 11
459 2547 565 2581 eineres]
586 2556 682 2580 prunas
699 2547 726 2572 ἱη
743 2556 825 2580 mar-y.
845 2547 870 2572 B

407 2591 539 2624 [CLXIV]
552 2591 677 2617 nescimus
688 2595 774 2616 utrum
786 2599 879 2616 nomen
892 2599 927 2615 απ
940 2590 1064 2622 dignitas:
1083 2585 1394 2623 CHORE(PISCOPVM)
1409 2588 1488 2613 lateat

1556 2585 1592 2611 20
1603 2586 1726 2612 mandare
1738 2585 1764 2610 B
1779 2594 1846 2611 corr.
1860 2584 1959 2610 Bethm.

407 2678 423 2704 6
442 2676 492 2709 cfr.
512 2676 547 2702 ad
564 2684 584 2702 c.
600 2675 647 2702 GL
655 2675 736 2709 VIII,
750 2676 775 2701 2.
855 2675 869 2701 7
888 2674 936 2707 cfr.
948 2674 1010 2702 abad.
1022 2675 1047 2701 4.
1128 2675 1144 2700 9
1161 2681 1198 2708 sq.
1217 2674 1267 2707 cfr.
1283 2681 1304 2700 c.
1318 2672 1434 2706 XXVI,
1445 2673 1479 2699 25
1496 2680 1533 2706 sq.
1614 2672 1648 2698 12
1666 2671 1717 2704 cfr.
1734 2678 1756 2698 c.
1770 2668 1907 2702 GLVHI,
1918 2667 1958 2695 18.

408 2727 548 2762 [CLXIV]
572 2728 589 2754 3
608 2735 643 2761 sq.
662 2728 713 2760 cfr.
731 2735 751 2754 c.
773 2726 910 2760 CLVIII,
922 2728 938 2754 6
956 2735 993 2760 sq.
1104 2727 1121 2753 5
1138 2726 1187 2759 cfr.
1206 2733 1228 2752 c.
1248 2724 1389 2758 CLXIII,
1402 2725 1426 2752 7.
1533 2724 1565 2750 15
1581 2723 1631 2756 cfr.
1651 2722 1715 2749 ibid.
1733 2723 1758 2749 9.

302 2790 322 2808 c.
345 2780 493 2813 XXVIII,
508 2781 548 2807 19.

654 2781 687 2807 ‘25
706 2788 743 2813 sq.
761 2780 810 2812 cfr.
832 2778 970 2812 CLXIII,
983 2780 1014 2806 11
1033 2787 1070 2812 89.

1862 2719 1897 2746 24
1913 2718 1959 2751 dr.
