2092 3094
270 244 331 276 260
637 238 960 268 BIBLIO'I'HECARUM
980 237 1025 267 ET
1045 235 1329 267 PSALTERIORUM
1347 235 1488 266 VERSUS
1506 235 1554 265 vl.

636 328 775 370 Ingenio
800 328 919 360 mentis
943 328 1076 371 capiens
1101 326 1235 369 exponit
1258 326 1292 357 in
1314 336 1422 357 aures.

558 388 581 406 ¹⁵
635 380 780 422 Moxque
804 381 908 422 aperit
931 380 1106 422 geminum,
1129 378 1248 421 triplex
1270 388 1399 420 quoque
1422 376 1511 408 sidus
1529 377 1662 416 inorme,

637 431 770 463 Atticus
796 435 894 474 atque
918 432 1013 463 stilus
1036 430 1111 462 hinc
1136 430 1240 472 surgit
1263 429 1378 461 robore
1401 429 1487 461 forti.

1075 527 1116 548 iv.

635 574 700 605 Hic
724 574 821 605 homo
845 574 1004 604 formatur
1026 572 1162 615 pulchro
1185 572 1245 603 sub
1269 571 1431 613 agalmate
1454 571 1579 613 primus

637 625 838 657 Celsithroni
861 625 962 656 verbo
986 624 1075 655 dictu
1099 623 1248 655 mirabile
1272 623 1407 655 cunctis.

633 677 786 719 Denique
811 677 954 719 spiratur
976 686 1174 718 prorsusque
1200 686 1317 718 sopore
1341 678 1496 717 gravatur

635 728 686 760 Ac
709 729 854 760 lateralis
878 729 909 760 ei
933 729 1074 759 sociatur
1097 727 1249 759 habenda
1271 727 1384 769 virago

571 789 582 806 ⁵
637 780 757 822 Sicque
782 791 840 812 sua
863 780 969 811 laetus
993 779 1116 822 gaudet
1139 780 1179 811 de
1203 780 1329 820 virgine
1353 779 1458 820 virgo;

636 832 794 863 Attamen
816 832 901 863 hanc
925 842 1061 874 serpens
1084 831 1218 863 viciavit
1241 830 1354 862 fraude
1378 831 1531 872 maligna,

636 883 766 915 Exhinc
791 884 847 915 illa
870 884 974 915 virum
998 883 1091 915 vetiti
1114 894 1173 926 per
1196 893 1332 914 munera
1354 883 1456 925 pomi:

637 935 691 966 Sic
715 938 826 967 manet
851 935 997 977 aequalis
1021 935 1145 977 primae
1169 935 1336 976 suggestio
1359 934 1493 966 fraudis.

638 987 776 1018 Pelleris
799 987 864 1023 hic,
887 986 1006 1026 Adam,
1030 987 1184 1029 paradysi
1209 987 1288 1018 sede
1312 987 1438 1026 relicta,

555 1046 580 1064 ¹0
639 1038 829 1070 Flammeus
854 1042 886 1070 et
909 1039 1037 1080 gladius
1061 1039 1121 1070 tibi
1145 1038 1309 1070 clauserat
1332 1041 1427 1070 antra
1449 1038 1574 1069 salutis.

638 1090 787 1122 Subdere
812 1091 951 1122 terrenis
975 1091 1134 1133 impresso
1158 1100 1291 1122 vomere
1316 1090 1428 1121 sulcis:

638 1142 701 1173 His
726 1143 841 1174 merito
866 1143 979 1182 servis,
1003 1143 1058 1185 qui
1081 1145 1197 1184 sponte
1222 1152 1364 1184 superna
1386 1142 1554 1183 relinquis.

1083 1239 1113 1260 v.

638 1285 798 1317 Perfusus
821 1285 954 1327 Moyses
979 1284 1100 1316 domini
1125 1284 1265 1315 dilectus
1290 1284 1414 1316 amicus

639 1337 788 1368 Flamine
813 1336 923 1368 divino
947 1347 1085 1368 cernens
1109 1336 1286 1378 primordia
1309 1336 1420 1368 mundi

638 1389 764 1428 Intulit,
788 1393 825 1420 ut
847 1390 951 1431 primo
975 1389 1102 1420 caelum
1126 1393 1311 1430 terramque
1336 1388 1492 1420 decenter

638 1441 767 1473 Fecerit
791 1445 824 1473 et
846 1442 953 1473 lucem
977 1445 1171 1483 noctemque
1194 1444 1329 1472 aeterna
1351 1443 1508 1482 potestas,

575 1500 586 1518 ⁵
641 1493 800 1535 Quaeque
825 1496 944 1536 repunt
967 1493 1150 1535 pennisque
1174 1493 1285 1524 valent
1309 1493 1491 1534 laticesque
1514 1492 1732 1533 frequentant,

638 1544 719 1576 Post
746 1545 885 1587 pedibus
909 1544 1063 1587 quicquid
1086 1544 1234 1587 graditur
1264 1555 1364 1587 super
1391 1555 1469 1576 arva
1492 1543 1668 1586 quaternis.

1078 1640 1119 1661 νι.

638 1685 774 1717 Exodus
797 1685 967 1717 Hebream
989 1686 1097 1718 valide
1121 1696 1330 1718 concrescere
1354 1686 1484 1728 plebem

638 1737 836 1769 Praetitulat
859 1738 969 1779 magni
993 1737 1113 1779 Ioseph
1136 1738 1191 1780 pia
1213 1737 1301 1769 facta
1323 1738 1484 1769 revelans.

640 1790 686 1821 At
709 1793 804 1821 natus
828 1789 962 1832 Moyses
985 1789 1112 1831 positus
1137 1790 1297 1821 salvarier
1318 1789 1413 1821 undis

638 1841 669 1872 A
693 1842 780 1883 regis
804 1845 882 1874 nata
905 1842 1039 1884 rapitur,
1063 1842 1206 1873 nutritur
1229 1846 1262 1873 et
1284 1841 1370 1874 inde.

574 1901 584 1919 ⁵
639 1893 780 1935 Mystica
803 1894 895 1935 signa
918 1894 991 1925 rubi
1015 1893 1091 1925 dum
1116 1894 1220 1925 cernit
1242 1894 1315 1925 luce
1339 1894 1495 1936 repletus,

640 1945 783 1976 Mittitur
806 1945 951 1988 Aegypti
974 1949 1087 1988 partes
1110 1945 1175 1977 iam
1198 1946 1304 1977 factus
1329 1946 1452 1977 amicus

640 1996 779 2028 Aeterni
804 1998 890 2039 regis
915 1996 1092 2039 splendens
1116 2008 1176 2040 per
1199 1998 1293 2039 signa
1315 1997 1477 2035 draconis,

639 2047 711 2084 Quo
735 2049 859 2080 domini
882 2050 1001 2092 populo
1025 2049 1205 2081 Pharaonis
1229 2050 1320 2081 fasee
1345 2053 1479 2091 gravato

639 2100 816 2133 Deservire
841 2100 903 2133 deo
928 2101 1024 2132 cedat
1046 2111 1217 2143 nexusque
1239 2101 1384 2133 resolvat

561 2159 585 2177 10
639 2151 700 2183 Ille
723 2152 834 2183 ferox:
857 2152 930 2183 illos
954 2152 1048 2184 factis
1071 2152 1259 2194 ingentibus
1282 2155 1389 2194 urget,

640 2203 736 2235 Unde
760 2214 892 2235 manum
916 2203 1038 2235 domini
1061 2203 1214 2244 validam,
1239 2203 1340 2237 denas
1365 2213 1494 2245 quoque
1518 2203 1631 2246 plagas

640 2255 749 2287 Sentit
772 2256 889 2287 adesse
913 2256 975 2287 sibi
998 2256 1104 2288 victus
1128 2266 1188 2298 per
1210 2256 1299 2287 bella
1322 2256 1477 2295 tonantis,

639 2307 726 2338 Dum
751 2319 863 2339 currus
886 2308 1045 2350 proprios,
1069 2308 1212 2351 plebem,
1236 2318 1332 2350 quam
1356 2308 1451 2346 rexit,
1475 2310 1508 2339 et
1531 2318 1659 2339 omnem

641 2358 813 2391 Fluctibus
836 2360 869 2391 in
893 2359 1010 2391 mediis
1035 2360 1163 2392 cursum
1187 2360 1280 2391 finire
1304 2362 1424 2392 tuetur.

1051 2454 1056 2459 ·
1075 2454 1128 2477 vu.

641 2500 668 2532 E
693 2500 788 2532 nubis
810 2499 919 2532 medio
943 2499 1077 2542 Moyses
1101 2500 1316 2542 flammaeque
1341 2503 1473 2532 vocatus

642 2552 841 2584 Conscendit
864 2555 1009 2584 montem
1032 2553 1132 2594 longe
1155 2553 1291 2585 sistente
1315 2552 1474 2584 ministro.

642 2604 691 2636 Ac
715 2607 872 2646 precepta
896 2604 949 2636 dei
972 2604 1093 2635 tabulis
1118 2604 1167 2636 bis
1191 2604 1291 2646 quina
1313 2607 1426 2635 notata

642 2656 795 2698 Suscepit
819 2655 902 2697 legis
929 2655 1038 2687 lumen
1062 2655 1210 2698 perferre
1234 2656 1359 2698 peritus

578 2715 588 2733 ⁵
643 2707 782 2750 Experti
806 2708 937 2750 populo,
962 2708 1072 2740 videat
1095 2718 1158 2750 quo
1182 2718 1317 2739 noscere
1341 2718 1452 2739 verum

643 2759 686 2790 Et
710 2760 861 2801 linquens
886 2759 998 2791 credat
1021 2759 1153 2791 domino
1178 2759 1375 2791 simulachra
1397 2759 1548 2792 nefanda.

384 2856 416 2881 15
430 2855 578 2880 *ENORMI
592 2856 619 2880 i¹n
634 2856 755 2881 INORMI
771 2865 838 2881 corr.
853 2855 879 2880 P
979 2854 1034 2888 [iv.]
1050 2855 1067 2881 8
1083 2854 1190 2888 fraudis]
1206 2860 1265 2880 ante
1279 2857 1302 2880 D
1316 2856 1425 2881 litaeram
1440 2856 1489 2881 del.
1505 2855 1530 2880 P
1630 2854 1679 2888 [v.]
1697 2854 1714 2880 3
1733 2865 1768 2880 απ
1779 2854 1905 2880 *Rettulit
1916 2855 1929 2880 ⁴3

293 2897 490 2931 4*nocte1nque]
510 2899 658 2930 LUCEMQ.
671 2899 696 2924 P
817 2897 871 2932 [vn]
892 2899 925 2925 13
942 2898 1087 2925 *CURSUS
1100 2899 1124 2924 P
1174 2898 1340 2925 *REXERIT
1360 2899 1418 2931 (om.
1437 2899 1472 2930 ct)
1486 2899 1512 2924 P
1920 2896 1941 2911 ·'
