2040 2996
246 84 306 115 182
806 82 950 110 SEDULII
969 82 1098 110 SCOTTI
1117 83 1284 110 CARMINA
1302 84 1336 110 Π.

611 169 688 200 Sum
712 170 845 202 niveum
872 170 1049 213 specimen,
1073 170 1185 202 niveos
1209 170 1425 213 hominesque
1447 182 1602 214 perorno:

656 221 745 258 Quos
769 223 864 265 cingo
888 223 993 262 terris,
1017 222 1118 254 reddo
1141 233 1200 265 per
1223 226 1312 256 astra
1335 224 1418 266 polis
1443 243 1484 248 -

543 281 552 298 ‘=
607 273 683 313 Sed,
707 274 772 306 heu
795 274 878 306 dura
899 274 988 313 mihi,
1013 275 1129 314 fateor,
1153 274 1238 316 quod
1261 275 1329 307 fata
1352 276 1520 315 resistunt⁷

657 325 823 358 Scandere
846 326 931 368 quod
955 336 1120 368 nunquam
1143 336 1245 368 regna
1267 326 1366 359 beata
1388 338 1482 369 queo.

951 381 1191 414 MANIPLUS.

609 428 689 460 Sum
713 429 822 471 largus
845 430 980 470 meritis,
1005 440 1076 461 sum
1101 430 1217 472 plenus
1241 430 1329 463 fasce
1354 431 1493 472 honoris,

657 480 758 522 Signo
783 481 951 513 beatorum
974 481 1094 523 gaudia
1117 483 1217 524 plena
1239 483 1358 514 virum:

610 531 766 574 Quisquis
790 543 841 565 me
864 533 983 565 retinet
1005 533 1155 565 manibus
1179 538 1375 577 gestareque
1399 535 1531 578 gaudet,

527 591 551 610 ¹⁰
659 584 805 617 Seminet
826 586 860 617 in
882 586 987 626 terris,
1012 596 1095 628 quae
1119 589 1222 618 metat
1245 587 1315 629 ipse
1339 587 1434 630 polis.

993 641 1148 675 STOLA.

608 689 708 721 Iustis
731 689 889 732 polliceor
912 689 1011 722 decus
1034 690 1215 723 inmortalis
1239 690 1386 723 honoris:

657 742 711 774 Me
735 743 806 775 sine
830 753 924 775 nemo
947 742 1045 775 deum
1067 743 1175 775 fronte
1199 743 1311 776 videre
1334 747 1454 786 potest.

609 794 703 827 Duco
727 796 928 835 catervatim,
953 799 1076 828 turmas
1101 807 1162 838 ego
1184 797 1262 828 tollo
1286 797 1433 837 stolatas,

656 847 748 880 Inter
770 851 804 880 et
827 848 994 890 angelicos
1017 848 1076 880 has
1100 859 1162 891 ego
1186 859 1272 891 pono
1295 849 1427 881 choros:

531 907 554 926 ¹⁵
608 899 778 931 Pelliciam
801 901 953 939 tunicam,
977 911 1073 942 quam
1096 901 1192 943 primi
1216 901 1363 934 habuere
1386 905 1551 945 parentes,

656 952 720 984 Per
742 963 795 984 me
819 952 954 994 deponit
979 956 1092 984 sancta
1116 956 1249 985 caterva
1272 953 1336 986 dei.

1033 1102 1095 1124 xw.

803 1151 865 1183 AD
889 1152 1080 1184 EUNDEM
1104 1153 1336 1186 KAROLUM.

609 1217 733 1249 Dicite:
758 1218 809 1249 cui
832 1217 943 1260 populi
967 1218 1155 1250 conceditur
1177 1219 1286 1262 ampla
1308 1220 1455 1262 potestas

655 1269 726 1301 Iam
750 1269 1007 1312 prisci'Karoli?
1035 1281 1143 1302 nonne
1166 1282 1250 1303 novo
1273 1271 1417 1304 Karolo?

609 1320 772 1353 Maximus
796 1321 851 1353 ille
875 1321 935 1353 fuit
958 1321 1082 1354 Caesar
1103 1323 1299 1355 metuendus
1321 1324 1354 1356 in
1379 1326 1488 1366 armis,

657 1371 818 1404 Hostibus
843 1373 1003 1404 ecclesiae
1027 1373 1151 1405 fulmen
1174 1373 1207 1405 in
1231 1374 1310 1406 orbe
1333 1375 1471 1407 micans:

542 1430 552 1448 ⁵
606 1423 670 1455 Hic
693 1424 764 1456 zelo
789 1424 909 1456 domini
934 1425 1075 1456 tumidos
1099 1436 1255 1468 superare
1279 1429 1435 1469 tyrannos

657 1477 777 1509 Fervet
800 1481 910 1510 mente
934 1478 989 1520 pia
1012 1488 1100 1510 more
1125 1479 1175 1510 sui
1198 1478 1324 1512 Karoli.

610 1528 737 1560 Nobilis
762 1529 894 1561 emicuit
917 1528 1058 1561 Karolus
1081 1530 1122 1562 de
1147 1531 1271 1563 semine
1295 1542 1411 1574 regum

657 1580 810 1623 Europae
834 1581 997 1624 princeps,
1021 1582 1191 1624 imperiale
1215 1582 1332 1615 decus:

610 1633 648 1665 In
671 1633 732 1665 hoc
755 1633 906 1666 nobilitas
930 1634 1111 1677 triplicatur
1133 1635 1280 1677 principe
1303 1635 1406 1668 celso:

529 1692 553 1710 1⁰
658 1684 701 1716 Et
724 1685 823 1728 patris
847 1688 880 1717 et
903 1685 1015 1717 Iudith
1038 1689 1137 1728 atque
1161 1687 1211 1718 sui
1234 1686 1357 1719 Karoli.

610 1736 674 1772 Qui
698 1737 803 1769 fuerat
827 1738 957 1780 sapiens
982 1738 1147 1780 sapienter
1171 1742 1289 1770 cuncta
1311 1738 1456 1771 volebat:

659 1788 778 1831 Sicque
800 1799 885 1821 novo
908 1788 1031 1821 Karolo
1055 1800 1147 1822 sacra
1171 1789 1287 1832 sophia
1309 1791 1418 1823 micat.

611 1839 672 1872 Ille
694 1840 756 1871 fuit
778 1840 932 1880 clemens,
956 1851 1068 1873 omnes
1092 1841 1272 1874 clementer
1296 1843 1437 1883 amabat,

659 1891 775 1923 Croesi
799 1903 858 1924 seu
880 1891 972 1924 Darii
995 1893 1049 1935 qui
1074 1893 1250 1935 superabat
1273 1905 1368 1937 opes:

533 1951 556 1969 1¹³
610 1943 673 1975 Hic
697 1943 737 1976 de
761 1944 923 1976 thesauris
947 1944 1131 1987 largissima
1154 1956 1290 1978 munera
1314 1948 1439 1989 spargit

660 1995 794 2027 Cunctis
819 1995 1021 2028 Christicolis
1045 2000 1112 2028 tam
1135 2008 1220 2030 nova
1244 2009 1342 2040 quam
1366 2003 1488 2032 vetera.

611 2047 671 2079 Ille
696 2058 790 2079 suum
814 2059 932 2080 nomen
955 2049 1042 2080 misit
1065 2052 1155 2081 trans
1179 2050 1292 2082 Indica
1316 2062 1432 2093 regna:

659 2099 766 2132 Huius
790 2100 878 2132 fama
900 2101 1007 2132 nitens
1031 2101 1160 2144 Thylen
1183 2102 1330 2145 adusque
1354 2104 1452 2136 volat.

612 2151 665 2183 Sic
688 2155 862 2194 utrumque
887 2153 993 2195 replet
1016 2154 1118 2185 totius
1142 2154 1272 2186 climata
1295 2156 1407 2187 mundi

529 2210 554 2228 2⁰
657 2203 786 2236 Nomen
811 2203 1010 2236 Caesareum
1034 2205 1186 2248 claraque
1211 2216 1331 2249 pompa
1353 2206 1485 2239 ducum:

612 2254 708 2287 Unde
732 2266 851 2287 novum
875 2256 996 2298 populo
1022 2256 1111 2288 sidus
1136 2257 1312 2300 lampabile
1337 2258 1409 2289 visu

658 2307 862 2350 Resplendet
885 2308 1010 2339 cunctis
1034 2308 1181 2350 partibus
1205 2309 1361 2342 occiduis.

611 2356 684 2390 Rex
707 2362 782 2390 tuus
807 2358 1005 2401 armipotens
1029 2359 1080 2391 hic
1104 2364 1154 2392 est
1178 2379 1217 2391 -,-
1242 2371 1260 2392 ο
1285 2361 1433 2401 Francia,
1457 2363 1565 2404 gaude
1583 2376 1637 2395 —:

659 2410 812 2442 Testatur
835 2421 964 2451 nomen,
988 2411 1075 2453 quod
1098 2422 1172 2444 mea
1194 2412 1290 2444 Musa
1312 2418 1415 2446 sonat.

350 2535 366 2560 3
385 2545 488 2568 porci-ro
503 2538 524 2562 G
539 2546 605 2563 corr.
621 2538 769 2563 Duemmler
819 2543 878 2571 poet
895 2538 912 2564 3
930 2548 1004 2565 amen
1019 2540 1041 2565 Ο
1125 2539 1140 2565 7
1159 2524 1253 2573 longus
1270 2541 1292 2566 Ο
1307 2550 1374 2566 corr.
1389 2541 1538 2567 Duemmler
1660 2542 1732 2576 [xlm]
1751 2545 1790 2570 ed.
1807 2545 1900 2570 Grom

244 2587 270 2611 p.
293 2578 309 2603 5
408 2578 424 2604 4
454 2589 523 2605 orme
546 2589 612 2606 corr.
632 2581 654 2606 (J
754 2580 788 2606 10
811 2581 870 2607 *uui
891 2583 914 2608 0
939 2583 1050 2616 donique
1071 2585 1113 2608 avi
1136 2584 1228 2616 Haupt
1295 2583 1347 2609 *an
1373 2586 1520 2611 exciderunt
1543 2591 1600 2618 poa!
1625 2586 1658 2612 13
1675 2592 1834 2620 pentameter
1858 2587 1902 2619 (de

246 2622 378 2647 clementia
407 2622 474 2648 ‘novi
499 2623 613 2656 Karoli')
642 2630 664 2649 et
692 2625 835 2651 hexameter
864 2625 907 2657 (de
930 2627 1049 2659 laryitate
1073 2627 1153 2659 prisci
1171 2627 1205 2652 K.
1225 2628 1258 2652 ab
1282 2628 1329 2654 1110
1352 2628 1486 2661 incipiens)
1506 2629 1518 2654 ἵ
1611 2629 1644 2655 18
1665 2631 1736 2663 tylen
1761 2639 1860 2664 temper
1883 2632 1906 2657 0

245 2663 277 2689 21
298 2665 435 2691 lambabile
453 2675 520 2692 corr.
536 2667 557 2691 C

350 2741 422 2775 [xum]
446 2743 456 2768 1
481 2742 555 2769 Fore.
575 2743 622 2774 VI,
642 2744 666 2775 3,
687 2744 716 2770 11
736 2744 823 2771 micat
841 2745 935 2780 ampla
954 2747 1085 2780 potestas.
1173 2748 1190 2773 4
1210 2747 1285 2774 For-t.
1305 2747 1366 2781 III,
1388 2749 1428 2780 15,
1448 2749 1481 2775 10
1498 2748 1574 2775 sidus
1593 2749 1621 2776 in
1641 2749 1707 2776 orbe
1726 2750 1819 2777 micas.
