2040 2996
847 134 1001 162 EGLoeA.
1701 144 1741 174 47

610 180 622 195 ἱ

465 221 519 259 Ut,
543 221 618 263 quia
640 221 743 252 tristis
769 221 859 262 origo
885 220 984 261 dedit,
1008 222 1094 263 quod
1116 224 1257 265 patimur
1281 236 1401 265 omncS.

465 272 574 315 Atque
597 283 662 304 una
685 283 727 304 ex
751 273 884 314 antiquo
908 276 959 305 est
982 273 1064 306 haec
1088 278 1204 307 natura
1227 277 1378 318 priorum,

385 330 410 349 ⁴⁰
463 323 538 356 Una
559 324 602 355 sit
624 326 658 356 et
680 324 806 356 cunctis
830 324 928 356 etiam
953 326 1126 367 conpassio
1149 328 1276 359 mentis.

466 374 647 413 Mesticiae,
670 375 776 414 fletus,
801 375 953 408 lacrimae
978 377 1074 409 simul
1097 378 1232 410 aethera
1257 380 1403 421 pulsent;

464 427 551 459 Hinc
570 427 650 460 inde
671 437 755 459 unus
778 427 810 459 in
835 438 892 460 ora
915 429 995 461 fluat
1017 429 1114 461 fletus
1138 431 1390 464 monachorum'.

464 478 557 516 ‘Qro:
581 489 694 511 senem
717 479 824 511 senior
846 480 979 518 tumulo,
1003 480 1153 519 Corbeia,
1178 482 1316 520 condas;
1679 502 1742 522 (ω,

463 530 566 563 Porro
589 531 695 563 minor
717 541 780 573 ego
803 541 879 563 mox
902 532 960 563 tali
985 532 1117 564 viduata
1139 536 1276 575 patrono

383 589 407 608 ⁴⁵
465 582 610 615 Vocibus
634 583 769 615 alternis
792 583 952 624 gemitum
974 594 1031 625 pro
1055 585 1198 617 carmine
1222 596 1373 628 pangam.

465 634 570 671 Quam
593 634 713 669 dudum
737 644 899 676 generans
922 635 1003 666 felix
1026 635 1155 668 felicem
1179 640 1283 669 mater
1305 638 1346 669 ab
1371 649 1434 670 uno

462 685 582 728 Atque?
597 689 652 722 tuo
676 686 824 718 vocitans
847 686 975 728 pridem
997 687 1038 719 de
1062 688 1192 720 nomine
1215 689 1308 721 faris:

458 736 518 775 ⁴⁶02
536 738 677 773 formosa
699 748 772 780 egO,
795 741 831 770 tu
854 738 931 770 mihi
955 749 1040 770 nunc
1063 740 1128 771 eris
1152 741 1235 772 alter
1257 741 1288 772 in
1313 741 1439 773 evum.”

463 788 570 824 Quam
593 788 742 820 fundavit
763 798 864 820 ovans
888 789 1038 821 manibus
1061 793 1112 822 ter
1134 790 1189 822 ille
1212 790 1328 823 beatus

381 847 406 864 ⁵⁰
463 839 563 873 Plura
585 840 761 873 salutiferis
784 840 931 873 tribuens
955 841 1088 873 oracula
1111 842 1230 874 verbis.

463 891 548 924 Nam
570 903 634 935 quo
657 895 735 924 tunc
758 891 877 925 demon
902 893 1061 933 seviebat,
1086 893 1197 935 iniqua
1220 897 1367 936 potestas

463 943 507 975 Et
529 944 636 981 cultus
658 943 725 976 fani
747 947 850 976 totam
873 943 1044 976 fedaverat
1066 955 1186 984 arvam,

462 994 572 1035 Vertit
594 1006 679 1034 aras,
702 995 865 1038 pecudum
889 996 1031 1028 sacravit
1054 997 1152 1028 ovilia
1175 996 1307 1031 Christi.

461 1046 622 1080 Funditus
645 1047 720 1080 inde
745 1049 858 1090 procul
882 1047 946 1080 luci
969 1048 1079 1080 radice
1102 1049 1213 1084 recisa,

381 1105 406 1124 ⁵⁵
464 1099 585 1133 Sancta
606 1099 725 1132 locavit
747 1099 791 1132 ibi
814 1100 980 1132 monachis
1005 1100 1163 1133 caenobia
1187 1100 1303 1143 plena'.

463 1151 502 1183 ‘O
525 1151 606 1184 felix
628 1152 774 1191 nimium,
798 1162 881 1194 quos
905 1163 1004 1194 cogor
1027 1153 1109 1185 inire
1133 1153 1273 1200 dolores,
1669 1169 1743 1189 rum.

463 1202 599 1236 Munere
623 1203 743 1242 divino,
767 1204 916 1246 quamvis
940 1204 1147 1237 cumulentur
1170 1205 1278 1247 opima

462 1254 686 1288 Ambianense
709 1256 809 1298 prius,
833 1256 888 1298 qui
912 1255 989 1287 dum
1013 1257 1174 1288 meruisse
1197 1256 1317 1288 videris

463 1306 602 1339 Corbeio
625 1317 760 1350 preesse
782 1307 887 1350 gregi,
911 1307 1115 1340 sanctissime
1139 1311 1259 1350 pastor,

382 1364 408 1383 ⁶⁰
467 1358 515 1390 Te
538 1362 666 1401 patrem
689 1369 765 1391 esse
788 1359 877 1391 novit
900 1359 998 1391 etiam
1022 1359 1186 1391 Saxonica
1209 1360 1322 1402 cespis,

464 1409 510 1442 Ut
532 1411 707 1443 commissa
729 1410 792 1443 deo
815 1410 982 1453 duplicata
1004 1411 1128 1443 talenta
1150 1415 1309 1454 reportes.

463 1461 529 1494 Sed
553 1466 599 1501 tu,
624 1472 708 1494 mors
730 1462 816 1494 male
841 1462 906 1494 fida
928 1463 1075 1499 venenis.
1099 1473 1234 1505 parcere
1257 1463 1362 1494 nescis

461 1513 528 1545 Ulli
551 1523 611 1545 nec
634 1512 741 1549 nobis;
764 1524 826 1546 nec
848 1517 883 1546 tu
906 1524 1035 1556 quoque
1058 1524 1193 1546 munera
1216 1525 1321 1547 curas.

462 1563 579 1596 Nescis
602 1575 714 1597 amare
738 1565 836 1603 viros,
859 1566 967 1598 nescis
991 1576 1123 1598 servare
1146 1569 1313 1608 patronos:

383 1623 408 1641 ⁶⁵
468 1616 628 1648 Omnibus
653 1627 718 1649 una
741 1627 855 1650 manes
879 1628 950 1650 sors
974 1617 1204 1650 inrevocabilis
1227 1618 1337 1650 horae.

463 1668 555 1705 Quae
579 1668 672 1700 nobis
695 1668 825 1711 stimplo
848 1669 985 1711 rapuisti
1009 1672 1113 1701 morte
1137 1669 1268 1701 beatum

462 1719 570 1759 Illum,
594 1730 692 1762 quem
714 1721 837 1763 pariter
859 1721 1040 1763 querelosis
1063 1720 1196 1753 vocibus
1220 1731 1332 1753 omnes

463 1771 654 1813 Plangimus
678 1782 717 1803 ac
740 1772 909 1814 gemimus,
933 1773 1058 1812 flemus,
1082 1772 1297 1812 lacrimatus,
1325 1783 1486 1804 amamus:

465 1821 531 1855 Sed
554 1823 672 1861 nescis,
696 1823 825 1862 misera,
850 1824 976 1855 miseris
1001 1823 1159 1855 miserans
1182 1824 1339 1856 misereri.

201 1950 236 1977 39
253 1953 353 1986 piorum
371 1952 423 1978 AB
523 1951 558 1978 43
578 1952 636 1979 Gal.
657 1952 758 1979 Pm‘lu'l
776 1954 799 1978 A
897 1953 931 1979 46
953 1955 1014 1980 t'slix
1033 1963 1080 1979 om.
1100 1954 1171 1980 Mac.
1221 1955 1270 1979 imo
1289 1954 1313 1978 B
1399 1954 1433 1980 48
1457 1956 1533 1980 michi
1552 1955 1574 1980 A
1622 1956 1703 1981 alters
1720 1956 1744 1980 B

98 1994 131 2020 51
151 1994 203 2021 ‘nic
219 1994 295 2020 PAR
389 1995 424 2022 53
446 1996 558 2022 saucivit
573 1995 599 2021 B
697 1996 731 2022 56
756 1996 810 2022 Fili
828 1997 929 2022 Pniln'l
947 1998 970 2022 A
1073 1996 1105 2023 57
1128 1998 1292 2023 cumulentur
1310 1998 1361 2023 AB
1450 1998 1484 2023 58
1506 1999 1676 2024 Ambienense
1694 1998 1745 2023 AB

99 2038 149 2070 cfr.
161 2037 234 2064 For-t.
252 2038 326 2064 codd.
345 2039 363 2064 Ι.
378 2048 407 2072 p.
420 2040 453 2064 43
464 2048 485 2064 c.
569 2038 604 2065 60
621 2048 676 2066 esse
689 2048 737 2065 om.
750 2039 775 2065 B
852 2040 883 2066 61
904 2041 1050 2074 dupplicata
1064 2041 1086 2066 A
1165 2039 1199 2066 632
1217 2041 1282 2066 male
1300 2042 1350 2066 fida
1363 2039 1420 2074 PB]
1440 2041 1507 2067 mala
1520 2041 1544 2066 A
1617 2040 1651 2066 67
1669 2050 1744 2074 quae-

100 2081 188 2107 rslosis
201 2081 227 2107 P
242 2082 388 2115 querulosis
399 2081 425 2106 B

201 2157 236 2185 38
249 2157 325 2184 Fort-
337 2157 354 2184 1.
367 2158 385 2186 l.
399 2158 413 2185 l
425 2166 462 2192 eq.
478 2159 584 2194 Aspera
601 2159 728 2186 condicio
747 2162 776 2186 et
793 2169 852 2188 sors
870 2160 1066 2187 inrevocabilis
1084 2161 1167 2187 horae
1179 2160 1196 2194 Ι,
1215 2159 1288 2194 quod
1306 2158 1402 2193 generi
1420 2159 1541 2186 humano
1560 2159 1647 2186 tristis
1666 2159 1743 2194 origo

99 2207 184 2236 dedit.
266 2210 300 2236 39
318 2209 442 2244 priorum
456 2210 548 2244 poeuis
560 2218 613 2245 pro
630 2210 778 2238 seniorum.
848 2212 883 2238 44
901 2211 932 2239 V.
946 2211 979 2238 A.
991 2212 1026 2238 35
1035 2220 1063 2245 p.
1077 2211 1257 2241 32‘2700rbeia
1270 2232 1276 2238 .
1287 2232 1293 2238 .
1305 2232 1311 2238 .
1323 2211 1390 2238 flens
1403 2220 1464 2238 cum
1483 2219 1511 2238 se
1530 2212 1609 2237 tanto
1628 2210 1744 2237 viduata

98 2261 216 2295 patrono
235 2260 351 2295 lugeret.
427 2261 462 2289 45
480 2261 535 2294 Gsr.
553 2269 576 2288 v.
589 2262 623 2289 14
638 2265 662 2289 d
679 2263 703 2289 8.
778 2262 813 2289 46
830 2265 853 2288 d
870 2263 905 2289 49
923 2263 1011 2295 Quam
1029 2270 1063 2289 sc.
1081 2271 1129 2295 me,
1150 2262 1282 2289 Gon-baiam
1300 2262 1408 2288 Νουαηι.
1483 2262 1517 2288 48
1535 2261 1596 2288 Ecl.
1614 2261 1643 2294 V,
1660 2262 1694 2288 49
1712 2263 1742 2289 tu

97 2319 173 2339 nunc
189 2311 244 2338 eris
261 2312 333 2340 alter
349 2313 385 2340 ab
402 2312 460 2340 illo.
538 2313 572 2341 49
585 2314 650 2342 Am.
665 2314 690 2347 I,
703 2314 737 2341 94
749 2315 847 2348 terque
859 2317 1014 2349 quaterque
1026 2315 1110 2342 beati.
1190 2315 1224 2340 50
1242 2313 1316 2340 Fert.
1332 2313 1359 2339 G.
1374 2312 1425 2346 IV,
1443 2314 1482 2343 11,
1503 2313 1534 2339 13
1552 2312 1634 2339 Plura
1646 2313 1743 2340 saluti-

98 2362 163 2390 feris
180 2362 306 2391 tribuens
327 2364 441 2392 oracula
462 2365 551 2393 rebus.
638 2366 673 2393 56
691 2365 765 2393 Bala
777 2366 794 2393 l.
807 2366 823 2393 l.
844 2366 893 2394 124
918 2366 940 2393 O
965 2366 1031 2393 felix
1055 2365 1182 2392 nimium.
1270 2365 1303 2391 61
1323 2364 1396 2391 Fort.
1418 2364 1446 2391 C.
1466 2363 1494 2397 V,
1512 2365 1536 2395 ⁴2,
1554 2364 1588 2390 52
1606 2363 1662 2397 (cfr.
1681 2372 1741 2397 am).

94 2423 124 2449 p.
137 2415 197 2448 292,
213 2415 258 2449 22)
277 2415 316 2443 Et
332 2417 479 2444 commissa
497 2417 550 2444 tibi
569 2417 656 2452 dupla
674 2417 783 2444 talenta
805 2418 902 2449 refert,
925 2418 970 2450 dr.
988 2418 1018 2451 V,
1037 2419 1061 2449 3,
1079 2418 1121 2444 33.
1207 2417 1241 2442 62
1260 2415 1314 2448 Gl'r.
1333 2416 1399 2443 Aen.
1414 2415 1454 2448 II,
1474 2416 1508 2442 23
1526 2434 1532 2442 .
1544 2435 1550 2442 .
1569 2415 1654 2442 statio
1671 2415 1743 2442 male

98 2465 154 2494 fida
177 2466 279 2494 earinis
295 2470 319 2494 d
336 2468 425 2495 Boas.
441 2467 473 2496 dc
489 2477 559 2496 oona.
578 2469 602 2502 1,
620 2471 692 2496 um.
711 2469 735 2500 1,
755 2468 795 2495 17.
899 2469 933 2496 62
950 2477 1002 2502 sqq.
1022 2468 1127 2495 Anthel.
1145 2468 1191 2494 lat.
1210 2466 1248 2494 ed.
1269 2466 1304 2493 R.
1324 2467 1389 2498 683,
1409 2467 1420 2492 1
1447 2474 1518 2492 mors
1538 2486 1560 2493 ..
1580 2474 1651 2500 quae
1672 2466 1742 2493 nulli

98 2525 211 2552 parcere
236 2518 324 2550 nosti,
343 2520 348 2553 Ι
369 2519 457 2547 nescis
485 2519 639 2551 laetitiam,
670 2520 759 2547 nescis
785 2528 878 2547 amare
907 2520 956 2552 (sic
975 2520 1035 2546 ltin-i
1060 2522 1084 2546 a*
1106 2518 1253 2545 Ermenric.
1275 2525 1314 2551 ep.
1329 2526 1358 2551 p.
1378 2518 1411 2544 10
1435 2517 1472 2544 ecl.
1493 2517 1636 2551 Dumnml.)
1662 2517 1743 2545 iocos.

99 2567 172 2596 Ida·
197 2569 356 2604 Quum
381 2570 502 2598 12th
529 2574 552 2599 d
580 2571 719 2604 Saiulv'us,
747 2572 795 2604 cfr.
818 2571 952 2598 Duemml.
969 2576 985 2599 5
1010 2571 1130 2598 Gal-idae
1159 2570 1184 2596 d.
1209 2569 1268 2596 Sed.
1291 2569 1399 2595 Vimdob.
1420 2569 1486 2596 1860
1505 2577 1534 2602 p.
1552 2569 1596 2601 14,
1623 2571 1645 2596 d
1667 2571 1744 2602 poeta

97 2627 142 2654 ap.
160 2619 231 2647 Μαί.
248 2621 278 2648 d.
296 2623 367 2648 aud.
384 2621 414 2656 V,
431 2622 492 2655 457,
509 2622 544 2650 40
563 2626 587 2650 et
606 2622 718 2650 Rasoldi
741 2622 840 2649 abbatis
861 2622 1019 2650 Cor-belensis
1041 2621 1164 2656 «ampli,
1189 2621 1236 2653 cfr.
1250 2620 1286 2647 N.
1300 2620 1335 2646 A.
1348 2620 1391 2653 X,
1410 2621 1468 2646 622.
1499 2620 1558 2647 Ed.
1575 2620 1618 2654 II,
1637 2621 1671 2647 56
1693 2628 1743 2646 nee

100 2679 217 2698 munera
233 2673 314 2700 curat
331 2672 434 2700 Alexis.
531 2675 566 2702 65
586 2674 662 2701 Fort.
679 2674 726 2706 di·-
745 2673 790 2701 ad.
808 2682 830 2700 v.
843 2675 878 2701 38
895 2676 918 2700 et
937 2674 966 2702 C.
979 2673 1033 2707 IV,
1054 2674 1094 2705 12,
1113 2673 1126 2699 1
1147 2673 1248 2699 Omnes
1271 2680 1328 2698 una
1350 2672 1445 2698 manet
1460 2680 1525 2698 -sors
1550 2670 1743 2705 inreparabilis

99 2723 191 2751 horae.
282 2724 317 2751 66
336 2723 450 2760 stimplo
467 2725 484 2752 i.
499 2733 524 2759 q.
542 2725 689 2760 extimplo,
713 2725 862 2760 externplo.
955 2726 989 2754 69
1008 2725 1062 2758 Cfr.
1075 2724 1150 2751 Beda
1161 2724 1178 2750 l.
1190 2724 1208 2751 1.
1227 2725 1260 2751 68
1279 2724 1440 2758 Cunctaque
1458 2724 1619 2751 cunctorum
1637 2722 1742 2750 cunctis

99 2782 202 2801 arcana
221 2774 358 2809 patebant
374 2778 398 2802 d
418 2775 493 2803 For-t.
509 2775 538 2803 C.
557 2775 604 2811 VI,
622 2778 647 2808 5,
664 2778 724 2804 263.
