2060 3074
774 117 885 145 VITAE
904 119 930 146 S.
949 119 1117 146 GERMANI
1138 120 1241 147 LIBER
1263 121 1283 147 Ι.

571 203 676 240 Quam
699 204 836 246 primum
860 205 944 246 potis
969 209 1038 239 est:
1063 211 1230 239 sectentur
1252 208 1330 239 talia
1352 208 1416 239 divi

571 255 718 287 Numinis
742 259 911 298 expertes:
936 258 1024 289 aliud
1049 259 1207 301 professio
1231 263 1363 291 nostrae

571 307 763 349 Relligionis
788 311 885 347 amat,
910 319 992 348 cum,
1017 311 1093 350 quid
1117 322 1210 352 mage
1235 312 1379 354 postulet
1402 323 1490 344 usus.

495 371 533 389 :³20
571 358 749 395 Quaerenti
773 360 841 391 sola
864 361 1005 392 occurrit
1027 362 1192 394 meditatio
1215 364 1336 395 mortis.

571 410 674 442 Multa
699 411 765 442 suis
789 412 933 453 gravitas
957 413 1073 444 meruit
1096 415 1270 456 praeconia
1293 416 1423 446 saeclis:

571 461 733 502 Eximium
758 462 835 493 fecit
858 463 939 494 levis
963 464 1180 496 inconstantia
1202 466 1337 499 nullum.

570 513 694 545 Desine
716 514 873 556 proclives
897 514 1102 557 lubricosque
1126 516 1165 547 ad
1190 517 1284 548 devia
1309 518 1395 559 vulgi

572 565 789 608 Praecipitare
813 566 947 599 animos.
993 566 1059 598 Res
1084 572 1135 599 est
1158 569 1321 609 incognita
1345 570 1438 601 nulli:

495 629 533 648 22⁵
571 616 726 656 Crimina,
750 627 832 660 quae
856 619 982 659 magnis
1006 620 1191 651 auctoribus
1215 631 1273 651 usa
1296 626 1461 662 geruntur.

571 668 788 711 Corrumpunt
812 670 906 701 citius
930 670 1096 712 multoque
1121 671 1301 704 domestica
1323 674 1415 714 peius

571 719 702 752 Extima
725 731 820 762 quam
845 724 990 764 serpunt,
1015 722 1161 753 homines
1186 734 1256 754 cum
1282 727 1398 766 sponte
1422 735 1580 767 sequaces

571 772 836 804 Praemonstrata
859 772 978 804 ducum
1001 773 1132 816 rapiunt
1156 776 1308 818 exempla
1332 787 1475 809 suorum.

529 837 535 843 ’
570 823 658 866 Ergo
682 835 744 866 age
768 829 801 856 et
822 825 958 863 omissis,
982 835 1064 867 quae
1090 826 1214 858 ludicra
1238 837 1376 870 cumque
1402 832 1563 870 putantur.

494 888 533 907 πω
570 876 598 907 Ο
620 880 789 918 praestans
814 877 924 913 animi,
948 877 1164 919 complectere
1189 879 1275 910 seria
1298 883 1432 912 tantum.

570 929 636 960 Ista
659 933 919 972 repraesentant,
943 931 1072 971 quaerit
1094 941 1146 962 res
1171 931 1301 973 publica
1325 933 1463 974 qualem.

571 980 671 1022 Signa
695 982 813 1014 virum:
837 981 916 1012 satis
942 982 1001 1013 ista
1026 981 1141 1013 decent
1166 983 1197 1014 in
1221 983 1365 1026 principe
1389 984 1501 1026 signa-⁸

571 1032 708 1075 Saepius
731 1034 792 1064 ista
816 1033 874 1064 viri
900 1034 1030 1076 praesul
1054 1033 1199 1066 stillabat
1223 1035 1253 1066 in
1279 1045 1407 1067 aurem:

571 1084 631 1116 Ille
654 1084 718 1116 levi
742 1085 826 1116 ferre
850 1088 882 1116 et
906 1085 1030 1128 coeptis
1055 1086 1175 1117 instare
1199 1087 1362 1128 superbis:

494 1149 532 1168 ‘1³⁵
571 1136 666 1168 Irrita
690 1147 762 1168 nam
787 1137 910 1168 celeres
936 1137 1106 1179 rapiebant
1130 1139 1237 1170 omnia
1261 1140 1357 1170 venti.

1791 126 1851 155 445

614 1188 713 1220 Certa
735 1189 797 1220 fuit
820 1189 927 1220 iuveni
952 1189 1077 1221 visendi
1102 1190 1235 1232 praedia
1258 1191 1396 1232 quadam
1599 1202 1630 1225 [fr
1659 1202 1758 1226 nbat-me
1790 1201 1850 1225 aer-

571 1240 678 1272 Causa
701 1241 770 1276 die:
796 1241 889 1272 cuius
914 1241 1043 1273 tandem
1068 1252 1260 1284 progressus
1285 1242 1325 1274 ab
1349 1244 1428 1275 urbe
1594 1254 1670 1270 mano
1705 1246 1783 1270 arbor
1820 1246 1851 1269 m'e

570 1292 696 1335 Optulit
719 1296 863 1335 optatam
888 1293 972 1324 votis
997 1304 1125 1336 quoque
1150 1294 1309 1336 praesulis
1334 1295 1454 1327 horam.

571 1344 679 1387 thue
703 1348 773 1376 erat
797 1345 827 1376 in
851 1344 974 1376 domini
998 1345 1102 1376 solum
1127 1345 1254 1377 defixus
1277 1356 1388 1378 amore

494 1408 533 1427 κιο
570 1395 698 1438 Perque
722 1396 781 1428 hoc
807 1396 937 1428 humani
963 1401 1169 1439 contemptor
1193 1397 1261 1429 iure
1285 1398 1420 1431 timoris.

570 1447 705 1480 Adscito
728 1449 812 1480 sacri
836 1458 932 1490 quam
957 1449 1092 1490 primum
1118 1449 1220 1480 milite
1245 1449 1322 1481 cleri

570 1499 710 1532 Ridiculi
732 1501 879 1542 gerulam
904 1501 1111 1543 capitumque
1136 1501 1264 1532 inmane
1288 1502 1428 1533 feracem

570 1552 728 1583 Arborem
753 1551 823 1584 adit
847 1557 1034 1594 quantoque
1059 1556 1166 1594 potest
1188 1553 1339 1585 insistere
1364 1554 1453 1588 iussu

571 1603 735 1646 Praecipit
757 1604 880 1635 inflicto
905 1614 1032 1635 caesam
1057 1605 1268 1647 procumbere
1293 1605 1389 1636 ferro.

492 1667 531 1687 2⁴⁵
571 1654 772 1687 Caedentum
797 1659 961 1688 tremuere
986 1667 1102 1688 manus
1126 1656 1298 1699 pavidique
1322 1657 1462 1689 verenda

570 1706 745 1740 Maiestate
769 1707 869 1744 ducis,
894 1709 920 1739 si
944 1708 1058 1740 robora
1082 1719 1158 1740 cara
1181 1709 1325 1742 ferirent.

568 1759 605 1791 In
630 1770 690 1792 sua
713 1760 885 1792 vertendas
909 1761 1098 1792 metuebant
1121 1761 1204 1792 colla
1228 1771 1371 1793 secures.

570 1811 732 1844 Caesores
757 1811 884 1854 trepido
912 1816 1045 1844 sanctus
1070 1817 1199 1854 torpore
1225 1816 1382 1854 paventes

568 1862 614 1894 Ut
636 1862 726 1902 vidit,
750 1867 876 1906 raptam
901 1864 1023 1906 primus
1047 1867 1208 1906 temptare
1232 1864 1429 1906 bipennnem

492 1927 531 1946 m
567 1915 676 1947 Ausus
701 1918 734 1947 et
758 1915 878 1947 iniecto
905 1915 1055 1947 violanda
1078 1916 1111 1947 in
1135 1916 1252 1947 robora
1274 1916 1360 1947 ferro

567 1967 648 1999 'Iam
671 1971 814 1999 vestrum
838 1978 933 1999 nemo
957 1967 1083 1999 dubitet
1106 1966 1283 1999 succidere’
1308 1967 1403 2001 dixit:

578 2018 615 2050 In
639 2018 744 2061 capud
768 2018 829 2050 hoc
854 2029 953 2050 unum
977 2029 1084 2050 noxae
1110 2022 1275 2060 reputetur
1299 2019 1403 2059 origo:

567 2069 676 2102 Dicite
700 2081 751 2102 me
776 2070 895 2102 secisse
923 2069 1036 2102 nefas?
1086 2069 1157 2101 Hoc
1182 2069 1291 2112 inquid
1317 2075 1349 2101 et
1374 2070 1477 2102 omnis

567 2121 681 2154 Paruit
705 2122 848 2164 imperiis
872 2122 949 2153 licet
974 2122 1120 2153 insecura
1145 2121 1285 2153 iubentis

491 2187 529 2206 sm.
566 2173 686 2206 Turba.
734 2173 835 2205 Sonat
858 2173 981 2205 crebris
1004 2174 1111 2205 accisa
1134 2173 1330 2216 bipennibus
1354 2173 1451 2204 arbos

570 2225 699 2268 Ictaque
724 2225 780 2256 dat
803 2226 944 2267 gemitus
967 2228 1000 2256 et
1023 2235 1095 2256 cum
1119 2225 1293 2256 durissima
1317 2224 1411 2262 ferro,

569 2277 717 2310 Pondere
742 2281 809 2308 tum
834 2277 964 2319 proprio
989 2277 1074 2308 victa
1097 2277 1313 2318 occubuitque
1338 2277 1475 2318 ruitque.

567 2329 650 2361 Tum
673 2329 811 2372 primum
836 2329 967 2361 admisit
990 2329 1087 2360 solari
1113 2339 1245 2360 munere
1271 2332 1357 2359 tacta

569 2380 706 2413 Subdita
729 2384 815 2412 terra
839 2380 940 2413 diem:
965 2381 1061 2412 rebus
1086 2383 1153 2411 tum
1178 2379 1326 2422 praebita
1350 2379 1438 2410 vanis

492 2446 531 2466 m
567 2433 682 2466 Interit
707 2436 739 2464 et
762 2433 894 2464 meritos
920 2432 1017 2463 arbor
1041 2432 1198 2463 conflatur
1222 2431 1253 2462 in
1279 2431 1382 2473 ignes.

309 2529 415 2555 Scholia
434 2542 465 2546 -
484 2526 537 2553 220
554 2528 610 2553 Hoc
628 2529 695 2554 enim
715 2529 838 2554 obtimum
858 2536 913 2554 esse
926 2528 1074 2553 difinierunt
1087 2527 1228 2560 philosophi
1298 2525 1350 2551 224
1369 2525 1417 2559 res]
1437 2535 1452 2552 a
1470 2535 1510 2552 nie
1527 2527 1633 2552 dicenda

207 2571 304 2602 sarab-¹.
354 2569 461 2603 instare}
480 2571 592 2596 instabat
695 2569 745 2596 23?
765 2570 926 2604 progressus]
946 2571 1087 2604 progressio
1191 2569 1242 2595 246
1260 2568 1341 2602 ducis]
1361 2570 1482 2595 Germani
1501 2570 1559 2600 (——e
1578 2570 1612 2601 P)

307 2646 359 2673 238
376 2647 478 2673 Obtulit
495 2650 512 2672 2
528 2657 561 2672 m.
581 2647 605 2672 P
706 2647 757 2674 244
777 2649 871 2674 caesim
889 2657 902 2673 e
920 2648 974 2673 cod.
994 2647 1026 2680 (ἓ)
1046 2647 1170 2672 Bar-thius

307 2723 360 2752 2³0
377 2723 400 2750 O
420 2725 564 2758 praestans
582 2724 668 2750 animi
687 2725 756 2750 Aen.
776 2723 842 2750 XII
852 2725 891 2751 19.
970 2724 1020 2750 233
1039 2723 1096 2750 Ima
1115 2723 1139 2753 23,
1155 2723 1203 2750 122
1222 2722 1331 2749 facilem
1350 2722 1469 2749 stillavit
1489 2723 1518 2749 in
1536 2731 1638 2750 aurem.

208 2775 276 2800 Am
297 2774 399 2803 1162‘1.
444 2770 446 2772 '

1683 1298 1711 1313 cn
1715 1298 1765 1314 880.

1704 2526 1754 2553 234
1774 2523 1849 2556 serre]

1719 2723 1770 2750 255
1792 2722 1849 2756 σι’ν.
