2138 3106
304 162 364 192 324
907 156 1076 184 CARMINA
1095 155 1358 182 CENTULENSIA.

1053 285 1208 317 LXXIX.

815 349 879 385 AD
909 348 1141 393 QVENDAM
1169 347 1454 384 SOPHISTAM.

620 425 717 465 Olim,
742 435 868 456 summe
891 427 996 467 pater,
1019 423 1189 455 residebas
1213 423 1283 454 iure
1309 421 1468 465 [bibendi]
1493 423 1652 465 magistri,

620 477 702 508 Cum
727 487 884 519 praesens
909 476 1023 508 aderat
1046 469 1203 518 percerus
1226 485 1366 516 namque
1389 474 1500 507 Lieus.

617 529 694 570 Ipso
718 528 776 560 sed
799 539 908 560 coram
931 528 1072 560 retulisti
1095 538 1148 559 me
1172 536 1301 569 quoque
1324 536 1421 569 posse

618 581 754 621 Versus,
778 581 865 623 quod
880 599 920 604 —-
939 583 1063 612 certum
1087 583 1138 612 est
1154 599 1195 603 —
1211 579 1356 619 minime,
1380 588 1588 621 componere,
1612 589 1723 616 nosco,

571 640 582 657 ⁵>
619 632 830 665 Ridiculosus
854 636 1051 675 quapropter
1073 641 1199 670 manee,
1223 631 1344 662 inscius
1369 633 1478 672 atque.

622 685 687 717 Sed
710 688 821 717 tamen
845 685 905 716 hoc
929 695 1059 716 carmen
1084 683 1192 715 studui
1218 683 1404 725 confingere
1427 682 1588 725 ineptum:

619 737 758 779 Perlege
782 737 869 779 quod
893 737 993 776 solus,
1018 746 1150 778 quaeso,
1174 735 1260 778 quod
1284 735 1420 777 corrige,
1443 745 1554 777 posco;

618 789 699 820 Post
723 799 802 831 cape
825 789 1005 831 perfartum
1030 789 1134 820 sicera
1157 787 1215 819 tibi
1238 797 1360 829 vasque
1384 786 1598 829 profundum:

619 841 724 878 Quam
750 841 873 883 gremio
897 840 1021 872 trahice
1044 840 1151 872 laetus
1176 839 1322 871 caritatis
1346 849 1467 870 amore.

560 900 585 919 ¹0
620 894 670 925 Ac
694 904 746 925 me
771 893 935 934 corrigere
960 892 1104 931 studeas,
1127 902 1168 923 ne
1193 891 1310 930 ridear,
1334 901 1401 929 oro,

622 946 652 977 A
675 945 808 984 nostris,
833 945 962 976 valeam
986 944 1094 987 potius
1119 943 1177 975 sed
1200 946 1298 985 teque
1321 943 1453 974 iuvante

621 997 753 1029 Ludere
778 1007 851 1028 cum
875 997 992 1036 doctis,
1015 1006 1081 1028 una
1103 1005 1269 1039 perarare,
1292 995 1463 1027 iuvenclis.

622 1050 721 1081 Plura
744 1050 804 1081 tibi
827 1049 958 1081 indocte
982 1049 1192 1091 pincxissem,
1217 1058 1290 1079 care
1314 1047 1472 1090 sophista,

621 1102 767 1133 Plurima
789 1102 823 1132 ni
845 1104 983 1133 ventosa
1005 1111 1065 1143 per
1089 1110 1166 1132 aera
1189 1099 1290 1131 verba
1314 1099 1480 1130 volassent

561 1161 584 1179 1⁵
622 1154 670 1185 Ac
693 1153 753 1184 nisi
777 1153 948 1196 perculsus
972 1152 1169 1184 mansissem
1193 1151 1299 1183 cordis
1322 1151 1355 1182 in
1378 1154 1471 1182 antro

622 1205 784 1237 Pectoreo
809 1205 952 1244 stimulo,
976 1204 1109 1236 minime
1133 1203 1218 1246 quod
1242 1203 1349 1242 rebar,
1373 1202 1491 1234 adelfe.

1072 1394 1212 1426 LXXX.

311 1476 336 1492 a.
352 1468 505 1492 861—864.
845 1460 910 1495 AD
938 1459 1169 1495 NOSTRVM
1196 1456 1438 1494 ABBATEM.

628 1533 699 1565 Iam
723 1536 808 1565 rotat
831 1534 916 1565 alter
939 1533 979 1565 ab
1004 1543 1066 1565 axe
1090 1543 1194 1564 annus
1219 1531 1312 1572 caeli,
1336 1530 1415 1562 mihi
1440 1533 1611 1573 postquam

630 1585 734 1617 Grata
756 1586 818 1617 fuit
841 1586 942 1628 gratis
967 1586 1132 1628 susceptio
1157 1584 1281 1616 credita
1305 1594 1456 1625 egenum.

630 1637 735 1674 Quam
758 1638 892 1670 minime
916 1638 983 1670 fovi
1000 1656 1041 1662 -—-
1059 1637 1175 1669 statuit
1198 1647 1258 1668 ceu
1282 1636 1385 1668 iussio
1410 1638 1528 1673 vestra,

630 1689 658 1720 O
683 1690 768 1722 bone
791 1693 999 1733 praeceptor,
1023 1689 1143 1721 mansit
1165 1691 1341 1730 nostraque
1365 1687 1516 1719 voluntas
1533 1705 1574 1709 —

579 1749 590 1768 ⁵
627 1742 692 1773 Pro
716 1753 835 1784 magna
858 1742 979 1785 inopia,
1004 1752 1089 1784 quae
1112 1752 1171 1773 nos
1195 1740 1356 1783 depressit
1379 1739 1420 1771 ab
1443 1740 1514 1782 ipso

631 1794 779 1826 Articulo
803 1797 936 1826 nostrae
960 1794 1179 1837 susceptionis
1203 1803 1345 1835 egenae3

631 1845 794 1888 Tempore
819 1846 931 1888 sicque
954 1857 1028 1878 meo
1051 1849 1130 1889 puto
1155 1839 1284 1887 semper
1307 1843 1426 1876 adesse
1450 1844 1570 1876 futura.

632 1897 758 1930 Idcirco
781 1908 885 1930 renuo
909 1901 983 1940 post
1005 1897 1091 1929 hunc
1116 1900 1267 1940 spectare
1292 1899 1482 1938 sequentem
1500 1914 1540 1919 —

632 1951 704 1982 Hoc
729 1961 851 1993 operae
874 1950 1055 1982 insudando
1078 1951 1203 1992 loquor,
1227 1949 1317 1981 velut
1340 1952 1476 1980 actenus
1501 1949 1554 1990 egi
1578 1967 1619 1971 —

570 2010 595 2028 1⁰
632 2002 741 2045 Atque
765 2002 834 2034 dies
858 2002 936 2034 inibi
959 2002 1082 2034 vaciles
1104 2001 1267 2034 deducere
1291 2011 1420 2043 sperno,

632 2054 683 2086 Ne
707 2054 843 2097 perdam
867 2065 1005 2097 pensum
1029 2054 1159 2086 domino
1183 2054 1299 2086 merito
1323 2063 1454 2095 quoque
1477 2055 1620 2095 pactum,

632 2106 685 2147 Et,
708 2110 813 2149 pater,
837 2107 985 2139 infensus
1008 2117 1159 2139 maneam
1181 2117 1223 2138 ne
1246 2106 1329 2138 forte
1353 2105 1515 2146 volentes,

633 2159 742 2202 Ipsam
767 2159 807 2191 ad
832 2160 897 2202 qui,
922 2162 1044 2199 contra,
1068 2159 1183 2191 sitiunt
1206 2158 1381 2190 deflectere
1405 2157 1490 2189 colla

634 2211 716 2243 Cum
741 2211 889 2243 consulta
911 2214 1051 2254 patrum,
1076 2221 1214 2254 quorum
1238 2213 1290 2242 est
1311 2210 1474 2252 sapientia
1497 2213 1611 2250 mater,

577 2271 601 2290 1⁵
638 2263 724 2295 Ossa
747 2263 858 2295 fovere
881 2266 1004 2306 queant
1028 2263 1148 2296 Christi
1172 2273 1230 2305 pro
1254 2262 1385 2294 nomine
1409 2261 1496 2293 nuda

638 2315 825 2348 Mendicum
849 2319 886 2347 ut
909 2316 1015 2356 hilari,
1038 2315 1155 2358 stipem
1178 2325 1239 2347 nec
1262 2325 1327 2346 non
1352 2314 1430 2345 dare
1453 2314 1588 2355 largam,

424 2464 561 2498 [LXXIX]
582 2465 594 2490 1
615 2466 720 2491 bibendi
738 2464 840 2498 *glossa
858 2469 894 2490 est
1000 2464 1032 2490 12
1051 2463 1204 2497 *peragrare
1222 2463 1248 2488 B
1296 2452 1299 2454 .

425 2508 548 2542 [LXXX]
568 2509 584 2535 2
601 2510 688 2535 Gratis
706 2509 732 2533 B
750 2518 818 2534 corr.
837 2509 935 2534 Bethm.
1040 2507 1056 2533 9
1075 2515 1150 2541 opere
1168 2507 1193 2532 B

426 2594 570 2628 [LXXIX]
596 2595 607 2620 1
634 2594 724 2620 Seduz.
743 2602 764 2621 c.
779 2602 808 2627 p.
829 2594 872 2627 II,
887 2594 937 2620 138
960 2593 1101 2620 residebat
1123 2593 1182 2619 iure
1206 2591 1341 2626 magister
1364 2593 1387 2617 et
1409 2591 1459 2624 cfr.
1477 2590 1554 2623 infra
1581 2590 1700 2616 Miconis
1716 2597 1738 2616 c.
1758 2587 1923 2621 CLXVIII,
1938 2588 1980 2614 15.

321 2648 338 2672 6
355 2647 404 2679 cfr.
428 2654 450 2673 c.
470 2646 591 2679 XXIII,
607 2647 629 2672 1.
746 2647 762 2672 9
784 2646 831 2678 cfr.
849 2654 870 2672 c.
891 2645 1014 2679 XXIII,
1029 2646 1069 2672 15.
1188 2644 1220 2670 16
1242 2643 1288 2676 cfr.
1311 2650 1332 2668 ο.
1359 2642 1474 2675 XXIV,
1485 2643 1510 2669 2.

428 2698 558 2732 [LXXX]
580 2697 763 2732 Frediyardus
781 2699 819 2725 ad
838 2699 1021 2732 Rudolsum
1039 2697 1194 2724 abbatem.
1312 2692 1344 2721 12
1361 2694 1567 2721 cmzstruendum
1585 2696 1636 2720 est:
1663 2694 1692 2720 et
1709 2701 1745 2719 ne
1762 2693 1833 2719 forte
1851 2699 1979 2718 maneam

323 2750 448 2776 infensus
472 2751 570 2776 contra
588 2750 713 2776 volentes
738 2750 786 2784 qui
805 2750 905 2777 sitiunt
924 2750 1070 2777 deflectere
1093 2749 1165 2776 colla
1189 2748 1225 2774 ad
1246 2747 1336 2782 ipsam
1356 2746 1574 2781 (susceptionem
1598 2745 1760 2779 egenorum)
1783 2753 1846 2771 cum
1864 2743 1980 2771 consilio

323 2804 434 2837 patrum
455 2803 486 2828 ut
504 2801 587 2828 hilari
607 2804 712 2835 queant
730 2810 780 2835 eqs.
887 2803 918 2828 16
936 2803 985 2835 cfr.
1003 2810 1025 2828 c.
1046 2801 1180 2834 LXXII,
1193 2802 1218 2827 6.
