2060 3074
226 130 288 160 438
883 128 1018 154 Hfflfflcl
1039 127 1214 154 CARMINAi

691 213 843 245 Mitescct
866 214 976 246 rabies
1001 214 1168 256 sputisque
1192 219 1327 256 parcent

733 266 777 297 Et
801 266 915 308 cynico
939 266 1167 297 incrudescere
1192 266 1298 298 dente.

690 318 700 348 l
725 328 821 357 nunc,
845 317 984 349 Meoniis
1009 317 1126 349 adacte
1149 317 1278 359 pennis,

623 382 648 400 εει
730 369 743 399 Ι
768 368 894 409 dextro,
919 369 1012 408 liber,
1037 369 1115 401 alite
1140 369 1221 401 felix

689 421 759 452 Nec
783 423 815 452 te
840 431 905 452 non
928 421 1086 458 monitum
1110 432 1170 453 noc
1195 422 1366 453 insuasum

733 472 819 503 Olim
843 472 1038 504 discessisse
1061 473 1218 514 graveris.

695 523 788 559 Quod
813 526 925 563 restat,
949 524 1057 556 dubiis
1082 525 1210 556 remitte
1234 525 1320 565 fatis,

625 588 649 607 72
731 575 842 617 Teque
866 576 988 607 utinam
1012 577 1148 608 meliora
1171 580 1359 618 sequantur.

684 785 858 821 INCIPIT
886 785 1027 822 LIBER
1056 786 1234 823 PRIMVS
1262 787 1407 823 VITAE

502 845 655 881 MAGNI
681 845 857 881 PATRIS
885 845 1103 882 GERMANI
1131 847 1583 883 AVTISSIODERENSIS

592 906 652 941 DE
679 905 840 942 PROSA
866 906 915 942 IN
941 907 1145 943 METRVM
1172 907 1499 944 TRANSFVSAE.

629 982 755 1014 Celtica
779 993 844 1024 qua
865 982 990 1014 medios
1015 984 1167 1026 exporgit
1191 983 1300 1015 Gallia
1323 986 1449 1015 tractus

584 1034 721 1076 Quaque
745 1037 797 1066 est
819 1034 873 1066 vel
897 1035 992 1066 terris
1017 1036 1069 1067 vel
1092 1036 1201 1067 mitior
1225 1036 1283 1067 illa
1309 1036 1446 1075 colonis,

583 1086 708 1118 Urbem
731 1086 819 1118 haud
842 1086 1043 1118 incelebrem
1067 1086 1154 1119 Galli
1178 1098 1318 1130 posuere
1343 1088 1470 1130 priores

584 1137 751 1169 Uberibus
775 1138 902 1179 glaebis
927 1141 960 1170 et
983 1139 1083 1181 opimi
1107 1150 1244 1171 munere
1269 1139 1374 1171 Bachi

533 1202 544 1220 5
583 1189 632 1221 Ac
657 1189 879 1232 praelabentis
904 1190 1056 1221 iucundis
1081 1190 1195 1222 usibus
1219 1191 1335 1230 amnis,

583 1241 776 1283 Magnarum
800 1241 910 1273 multis
935 1251 1018 1284 quae
1042 1253 1077 1274 se
1102 1253 1297 1285 componere
1322 1243 1439 1285 possit:

585 1293 739 1325 Autricus
763 1304 782 1325 a
805 1294 924 1336 priscis
949 1294 1026 1325 olim
1050 1295 1193 1326 vocitata
1215 1294 1366 1326 refertur.

582 1345 686 1377 Aetas
710 1345 869 1388 posterior
891 1346 1009 1388 pinnas
1034 1349 1066 1377 et
1090 1346 1234 1378 culmina
1258 1347 1354 1378 avitis

583 1397 756 1429 Moenibus
779 1397 933 1440 imposuit
956 1397 1028 1429 duri
1051 1398 1228 1430 munimina
1250 1398 1348 1435 belli;

520 1462 544 1480 ιο
580 1449 633 1480 Ex
655 1450 872 1491 augmentatis
895 1461 990 1482 verso
1015 1451 1208 1492 cognomine
1232 1450 1333 1482 muris

585 1500 660 1532 Sive
685 1511 810 1543 sequax
833 1512 910 1533 usus
934 1501 1022 1533 dicas
1046 1501 1312 1534 Autissiodorum

585 1552 652 1584 Seu
674 1553 823 1585 mutilare
848 1553 930 1585 velis
954 1556 987 1585 ct
1010 1553 1133 1586 dixeris
1158 1553 1384 1585 Altiodorum:

583 1604 720 1636 Nomine
744 1604 873 1637 diverso
895 1616 948 1637 res
973 1609 1023 1637 est
1047 1606 1244 1637 cumulatior
1267 1616 1343 1637 una.

582 1655 676 1688 Haec
699 1657 852 1698 genitalis
877 1657 1006 1697 humus,
1031 1657 1113 1689 haec
1136 1657 1238 1699 patris
1261 1657 1369 1699 patria
1394 1657 1512 1696 nostri,

517 1721 541 1739 ιε.
578 1708 712 1740 Finibus
736 1708 787 1739 his
812 1711 901 1740 ortus
926 1709 1048 1740 natalia
1071 1720 1148 1740 rura
1172 1709 1294 1740 beavit.

583 1760 682 1792 Haud
705 1761 816 1791 multis
839 1771 920 1803 opus
945 1764 995 1793 est
1018 1762 1051 1793 in
1074 1764 1187 1793 sancto
1210 1760 1390 1792 nobilitatis
1606 1765 1646 1791 De
1664 1766 1794 1790 nobilitate
1810 1766 1865 1791 eius

583 1812 751 1854 cognatae
774 1823 957 1845 memorare
981 1813 1097 1850 decus;
1122 1823 1205 1855 quac
1229 1812 1305 1844 dote
1327 1812 1469 1854 gemella
1681 1809 1783 1841 insiqni.

584 1863 826 1906 Splendidaque
850 1868 882 1896 et
902 1865 1049 1908 locuples
1072 1865 1254 1908 opibusque
1276 1867 1309 1896 et
1333 1864 1480 1906 germine
1503 1864 1611 1896 fulsit:

583 1915 743 1948 Indicium
767 1916 992 1959 documenque
1017 1917 1064 1949 rei
1089 1927 1264 1949 numerosa
1288 1919 1458 1948 retentant

518 1979 544 1999 20
578 1967 720 1999 Praedia
744 1968 907 2000 succiduis
934 1969 1012 2000 olim
1035 1968 1208 2001 notissima
1231 1968 1363 2000 chartis.

320 2061 425 2089 Scholia
451 2076 484 2081 -—
511 2062 544 2088 65
571 2061 697 2095 Mitescet]
720 2064 810 2088 Mitius
834 2067 894 2097 aget
953 2062 1048 2097 rabies]
1074 2065 1187 2090 insanies
1300 2063 1334 2090 66
1360 2063 1462 2097 cynico]
1485 2065 1578 2089 canino
1689 2062 1722 2089 67
1746 2062 1868 2096 Meoniis]

218 2107 368 2139 Homericis,
387 2107 431 2140 qui
450 2107 500 2132 suit
516 2107 616 2131 Meonis
634 2107 703 2132 filius
756 2106 857 2140 pennis]
877 2108 894 2133 i.
913 2116 934 2133 e.
954 2108 1071 2140 auspitiis
1175 2105 1209 2133 68
1231 2106 1301 2140 alite]
1322 2108 1433 2140 augurio
1539 2106 1571 2132 71
1591 2106 1702 2140 remitte]
1721 2108 1738 2132 i.
1757 2115 1778 2132 e.
1802 2115 1871 2132 com-

218 2150 290 2175 mitte
341 2149 411 2183 fatis]
431 2151 447 2175 i.
466 2158 488 2175 e.
507 2150 654 2182 eventibus,
678 2150 864 2183 dubietatibus,
889 2160 939 2184 que
957 2155 1097 2184 sequentur
1203 2150 1236 2176 72
1257 2150 1372 2184 meliora]
1392 2152 1408 2176 i.
1427 2160 1450 2176 e.
1468 2152 1644 2184 prosperiora,
1670 2151 1771 2176 scilicet
1789 2159 1869 2184 quam

217 2202 350 2226 speramus
448 2193 459 2225 Η
481 2192 494 2219 l
519 2192 581 2226 qua]
602 2193 619 2218 i.
638 2201 659 2218 e.
680 2194 726 2218 ubi
778 2194 905 2228 exporgit]
930 2204 975 2228 pro
998 2195 1149 2228 exporrigit,
1172 2195 1189 2221 i.
1214 2203 1236 2220 e.
1259 2195 1375 2220 extendit
1398 2195 1439 2220 vel
1464 2195 1557 2220 educit.
1583 2208 1616 2212 —-
1643 2195 1726 2219 Iulius
1743 2195 1824 2220 Cesar
1842 2195 1869 2220 in

217 2237 298 2269 primo
317 2237 376 2262 belli
394 2237 486 2262 Gallici
505 2235 673 2269 (neyleqenter
690 2237 753 2262 llaec
771 2246 801 2262 ex
820 2237 950 2270 Anonymi
968 2238 1033 2263 libro
1052 2238 1084 2264 de
1102 2238 1152 2263 situ
1169 2238 1237 2263 orbis
1255 2238 1294 2263 ed.
1314 2238 1439 2263 Manium
1464 2247 1524 2270 paq.
1543 2239 1585 2269 48,
1598 2240 1630 2262 17
1652 2237 1780 2270 descripta
1798 2241 1866 2270 emit,

216 2280 259 2304 ubi
272 2284 332 2312 post
349 2280 416 2305 hume
435 2280 517 2305 locum
535 2279 567 2304 ab
586 2279 721 2312 Anonymo
740 2289 752 2305 e
771 2281 912 2314 Pomponio
931 2281 1004 2307 Mela
1026 2281 1076 2306 III
1087 2283 1121 2307 20
1141 2281 1286 2314 eoeoerptum
1305 2281 1426 2314 pergitur
1444 2282 1504 2306 item
1523 2281 1605 2306 Gaius
1622 2281 1719 2306 Caesar
1742 2282 1769 2306 in
1793 2281 1868 2307 libris

218 2322 278 2347 belli
296 2323 387 2348 Gallici
405 2323 442 2348 ita
460 2331 567 2348 exorsus
585 2326 637 2348 est:
661 2323 748 2348 Gallia
765 2328 804 2349 est
821 2325 903 2349 omnis
922 2325 1005 2350 divisa
1023 2323 1096 2357 eqs.):
1118 2323 1286 2358 ‘populorum
1305 2325 1406 2350 Galliae
1430 2325 1480 2350 tria
1499 2328 1559 2350 sunt
1577 2332 1679 2350 summa
1696 2325 1800 2349 nomina
1818 2327 1870 2350 ter-

218 2366 364 2398 minataque
383 2365 429 2398 (eie
447 2365 606 2399 Anonymue,
624 2375 723 2391 summa
741 2368 845 2392 nomina
862 2371 923 2393 sunt
940 2368 1163 2400 terminanturque
1181 2367 1264 2400 Mela)
1284 2368 1370 2393 fluviis
1388 2368 1545 2400 ingentibus.
1575 2368 1694 2400 Namque
1711 2376 1728 2392 a
1746 2368 1865 2401 Pyreneo

218 2409 251 2433 ad
269 2411 415 2434 Geronnam
433 2409 573 2442 Aquitania
591 2409 636 2440 (sic
655 2409 814 2442 Anonymw,
831 2411 955 2443 Aquitani
973 2411 1066 2442 Mela),
1088 2412 1120 2436 ab
1139 2420 1168 2436 eo
1186 2411 1220 2437 ad
1233 2412 1384 2444 ,Sequanam
1402 2411 1481 2437 Celte.
1518 2411 1580 2436 Inde
1599 2411 1631 2436 ad
1648 2412 1750 2436 Renum
1770 2411 1867 2444 Belgae

219 2451 358 2484 (pertinent
375 2452 470 2485 Belgae
493 2460 550 2477 cum
567 2452 640 2477 Mela
658 2451 822 2485 Anonymus,
843 2454 886 2486 qui
908 2454 948 2479 hic
965 2453 1045 2487 finit).
1081 2455 1119 2479 Ibi
1142 2455 1201 2480 finis
1223 2454 1339 2480 Galliae?
1444 2453 1462 2480 4
1483 2454 1622 2480 laudabilis
1645 2455 1706 2480 vino
1733 2454 1808 2487 (uina
1830 2453 1866 2484 P)

218 2493 234 2519 5
258 2493 440 2527 praelabentis]
459 2495 630 2528 procurrentis
735 2495 751 2521 6
773 2495 933 2530 componere]
953 2498 1068 2522 conferre
1173 2496 1206 2524 10
1229 2496 1413 2530 augmentatis]
1438 2498 1616 2531 multiplicatis
1669 2496 1831 2530 cognomine]
1850 2506 1867 2522 a

218 2538 299 2562 doctis
317 2537 359 2569 (il).
383 2551 416 2556 --
439 2538 536 2563 Ferunt
558 2539 626 2563 enim
644 2539 835 2564 Autisioderum
853 2539 895 2564 vel
914 2540 1077 2565 Alcioderum
1101 2540 1135 2565 ab
1153 2541 1362 2574 augmentatione
1380 2549 1512 2566 murorum
1530 2540 1627 2566 dictum
1733 2539 1865 2573 llsequax

218 2580 289 2613 usus]
306 2585 344 2606 est
361 2589 470 2613 sequens
482 2590 559 2606 usum
630 2581 662 2607 12
680 2583 799 2608 mutilare
818 2583 833 2607 i.
846 2591 868 2607 e.
888 2583 1002 2608 minuere
1021 2583 1062 2608 vel
1081 2587 1178 2609 mutare
1250 2583 1282 2610 16
1300 2582 1398 2617 multis]
1417 2591 1452 2609 sc.
1467 2584 1552 2609 verbis
1623 2582 1655 2608 17
1674 2583 1732 2608 dote
1744 2582 1866 2616 gemella]

218 2624 355 2649 donatione
366 2624 475 2657 gemina,
488 2625 619 2658 duplicata
697 2624 730 2650 18
747 2624 901 2659 opibusque]
916 2627 954 2652 bis
967 2627 1033 2652 idem
1046 2627 1142 2652 dictum
1160 2630 1199 2652 est
1278 2625 1311 2652 19
1329 2625 1375 2659 rei]
1390 2635 1425 2652 sc.
1438 2626 1579 2652 nobilitatis
1597 2629 1623 2652 et
1640 2626 1789 2652 divitiarum
1807 2627 1863 2652 eius

324 2700 358 2726 70
375 2702 485 2727 discesse
504 2711 571 2728 corr.
589 2711 622 2728 m.
641 2705 657 2727 2
675 2703 700 2727 Ρ
797 2703 807 2734 ΙΙ
829 2703 846 2729 5
867 2704 967 2729 visibus
985 2712 997 2729 e
1015 2704 1071 2729 cod.
1091 2704 1124 2736 (2)
1142 2704 1267 2730 Bar-thius
1374 2703 1404 2729 11
1425 2712 1517 2736 sequar
1535 2712 1602 2729 corr.
1621 2702 1646 2728 P

324 2777 357 2804 72
377 2777 435 2811 cfr.
455 2777 524 2804 Aen.
547 2778 615 2812 er
631 2779 689 2805 153.
