2060 3074
729 230 776 258 DE
794 230 1024 258 SOBRIETATE
1043 230 1153 258 LIBER
1165 231 1186 258 Ι.
1720 234 1782 264 617

501 316 567 349 Sed
590 320 710 358 tamen,
733 320 769 349 ut
791 320 943 360 coeptum
967 320 1115 360 repetam
1137 318 1202 350 iam
1226 318 1367 350 carmine
1390 318 1565 360 planctum,

501 368 656 411 Gaptivus
679 370 818 412 populus
841 379 897 401 cur
918 370 1055 409 fleverit,
1079 370 1222 412 explicet
1245 369 1334 402 ordo.

555 429 598 461 ΙΙ.
621 429 715 471 Rege
738 429 798 461 sub
821 429 952 461 infando
975 429 1257 472 Nabugodonosor
1277 430 1502 471 Nabuzardan,

500 480 595 512 Miles
618 481 687 513 sive
710 491 832 524 coquus
855 481 909 523 qui
931 482 1070 522 nomine,
1094 482 1218 524 turpior
1240 485 1314 513 actu

429 545 455 564 w
497 531 615 564 Extitit
639 535 672 564 et
694 535 814 575 raptor,
837 542 900 574 quo
924 543 989 564 non
1012 533 1200 565 sceleratior
1222 534 1314 566 alter.

500 584 564 615 Hic
587 584 708 616 domini
730 584 888 627 templum
912 587 980 616 toto
1003 585 1191 616 venerabile
1215 585 1322 617 saeclo

500 635 576 668 Iure
599 636 768 668 ministerii
791 636 942 678 spoliavit
965 639 999 667 et
1021 636 1149 678 ignibus
1172 637 1258 669 arsit.

501 687 613 719 Aurea
635 698 714 719 vasa
737 687 791 719 dei
813 687 967 719 ferventis
990 687 1032 719 ab
1054 688 1131 730 igne
1154 689 1280 720 culinae

501 738 679 770 Immundis
702 739 850 770 manibus
872 739 1043 780 tractabat,
1066 750 1200 782 spurcus
1222 743 1258 772 ut
1281 741 1371 781 ollas,

432 802 457 822 ιε
500 789 553 822 Ex
577 790 692 832 quibus
715 790 867 822 ardentes
890 791 1040 833 rapiebat
1062 791 1193 823 furcifer
1216 802 1315 824 escas.

502 841 636 874 Partem
658 852 807 874 vasorum
830 852 890 874 rex
913 842 1063 880 abstulit;
1088 843 1150 875 iste
1173 843 1302 886 reliquit

502 893 673 936 Improbus
694 894 849 925 intactum
872 894 916 925 nil
940 897 974 926 et
994 894 1074 926 nihil
1095 894 1293 927 inviolatum.

503 945 715 988 Principibus·
729 945 830 977 fretus
852 946 996 987 septenis
1019 956 1078 977 rex
1100 946 1188 988 prius
1210 947 1324 979 urbem

503 997 642 1030 Obsedit
664 997 778 1029 clausit
802 997 958 1039 patefecit
981 997 1078 1029 diruit
1101 998 1192 1035 arsit;

430 1062 457 1081 ω
499 1049 567 1081 Iste
589 1059 704 1081 manus
726 1048 835 1080 audax
858 1059 919 1080 nec
941 1049 982 1081 ab
1005 1050 1076 1091 ipso
1099 1050 1202 1081 altare
1225 1051 1372 1083 removit.

503 1101 567 1134 Hic
590 1101 750 1144 capitella,
773 1101 870 1133 bases
894 1101 1053 1144 confregit
1075 1101 1116 1133 ad
1139 1113 1241 1145 usque
1265 1103 1445 1140 columnas;

503 1153 570 1186 Iste
593 1154 692 1185 etiam
717 1153 855 1185 vitreum
878 1163 967 1186 mare
990 1154 1152 1186 transtulit
1173 1154 1206 1186 in
1227 1154 1430 1198 Babylonem

503 1205 547 1237 Et
568 1205 695 1237 labrum
719 1215 757 1237 ac
781 1205 893 1245 ciatos,
917 1205 1009 1237 fialas
1032 1205 1223 1248 lebetesque
1247 1217 1407 1249 creagras.

504 1257 572 1289 Iste
594 1256 782 1289 sacerdotes
805 1260 839 1288 et
861 1260 988 1299 septem
1011 1258 1196 1290 consiliares

432 1321 458 1340 es
502 1308 718 1351 Bellacesque
741 1309 826 1340 viros
849 1311 884 1340 et
905 1308 1028 1341 scribas
1050 1312 1148 1352 atque
1173 1310 1337 1342 eunuchos

504 1360 716 1403 Tyronesque
739 1360 860 1403 probos
882 1361 1041 1402 iugulavit
1062 1361 1146 1393 fudit
1168 1361 1289 1403 abegit,

503 1412 579 1444 Rex
601 1411 717 1454 quibus
738 1411 887 1444 infandus
911 1412 985 1454 (sed
1006 1412 1080 1444 huic
1102 1413 1232 1445 feritate
1255 1413 1428 1455 secundus)

506 1463 658 1496 Clemens
681 1467 757 1495 ante
780 1463 854 1501 fuit;
877 1464 966 1496 nulla
988 1464 1040 1496 hic
1062 1465 1186 1507 pietate
1209 1465 1356 1507 pepercit

505 1515 654 1547 Crudelis
677 1515 810 1556 cunctis,
834 1516 904 1547 solo
927 1516 990 1547 hoc
1012 1516 1184 1548 laudabilis
1207 1519 1295 1548 actu:

433 1581 460 1600 w
502 1567 705 1610 Pauperibus
727 1566 822 1599 nudis
844 1578 947 1599 vacua
967 1568 1000 1599 in
1023 1568 1139 1599 tellure
1162 1568 1292 1600 relictis.

548 1627 609 1659 ΠΙ.
631 1627 769 1670 Mystica
791 1630 906 1659 cuncta
929 1627 987 1659 tibi
1010 1628 1124 1660 lectori
1146 1628 1228 1660 haec
1250 1628 1347 1660 lectio
1371 1628 1485 1670 signat.

505 1679 581 1712 Rex
603 1679 691 1711 ferus
713 1682 764 1711 est
785 1679 928 1719 zabulus,
952 1680 1041 1711 cuius
1065 1690 1186 1722 coquus
1208 1680 1384 1722 impietatis

506 1731 592 1763 Illud
614 1731 675 1762 erit
698 1731 821 1771 vitium,
845 1731 932 1773 quod
955 1732 1182 1773 gastrimargia
1205 1731 1317 1770 fertur,

505 1782 675 1815 Ecclesiae
698 1783 730 1814 in
753 1783 892 1824 populos
915 1793 998 1825 quae
1022 1787 1132 1815 vastos
1154 1783 1287 1815 suscitat
1309 1784 1412 1826 ignes.

246 1912 280 1938 73
297 1913 478 1946 castrimargia
495 1917 519 1938 et
536 1913 572 1938 sie
589 1912 711 1949 deinceps
726 1911 750 1936 A

245 1989 350 2016 48—70
366 1988 457 2023 412051.
475 1988 518 2020 24,
532 1989 563 2015 11
587 1988 667 2015 venit
684 1988 944 2015 Nabuchodonosor
961 1996 1008 2015 rex
1030 1987 1181 2020 Babylonis
1199 1987 1236 2014 ad
1254 1988 1398 2015 civitatem
1417 1988 1595 2023 (Jerusalem).
1632 1989 1665 2015 13
1683 1989 1713 2015 et
1730 1997 1792 2022 pro-

143 2040 212 2068 tulit
229 2040 294 2067 inde
313 2049 408 2068 omues
427 2041 572 2068 thesauros
590 2041 688 2067 domus
707 2041 812 2068 domini
833 2062 839 2068 .
850 2062 856 2068 .
876 2042 905 2067 et
923 2039 1045 2067 concidit
1057 2039 1188 2066 universa
1200 2048 1267 2066 vasa
1285 2048 1370 2066 aurea
1389 2060 1414 2067 ..
1435 2041 1468 2066 14
1486 2042 1514 2067 et
1526 2040 1673 2067 transtulit
1684 2048 1793 2067 omnem

143 2091 295 2120 Ierusalem
313 2112 320 2119 .
331 2113 338 2119 .
357 2092 485 2127 nihilque
503 2092 631 2119 relictum
651 2093 694 2119 est
712 2091 836 2126 exceptis
854 2091 1025 2127 pauperibus
1044 2091 1142 2126 populi
1163 2092 1269 2122 terrae3
1289 2091 1385 2118 Ierem.
1403 2092 1446 2124 52,
1459 2092 1492 2118 12
1510 2091 1589 2118 venit
1606 2091 1793 2118 Nabuzardan

143 2132 274 2180 princeps
291 2144 412 2172 militiae
429 2142 642 2180 (ἅρχιμάγειρος
661 2143 761 2178 LXX,
779 2144 810 2177 cll
830 2144 977 2178 Auyustin.
997 2145 1096 2177 quaest.
1110 2142 1160 2169 127
1184 2143 1215 2169 in
1237 2151 1321 2177 qenes.
1346 2143 1448 2170 nolunt
1470 2143 1583 2177 quidam
1604 2143 1794 2178 praepositum

144 2203 296 2231 eoquorum
310 2195 500 2231 interpretari,
518 2196 567 2230 qui
580 2197 685 2224 Graece
697 2194 897 2231 ἅρχιμιὶγειρος
909 2195 1020 2227 dieitur,
1040 2194 1296 2230 sedppraepositum
1310 2195 1430 2223 militiae
1449 2215 1455 2221 .
1467 2215 1474 2222 .
1493 2203 1558 2222 nam
1576 2194 1616 2222 sic
1634 2195 1794 2229 appellatus

144 2249 188 2276 at
203 2247 264 2281 ille,
287 2257 370 2282 quem
389 2248 647 2276 Nabuchodonosor
664 2249 756 2280 misit,
775 2257 860 2283 penes
878 2256 960 2282 quem
980 2247 1074 2282 potius
1093 2246 1235 2273 invenitur
1258 2246 1395 2280 primatus
1413 2245 1498 2273 fuisse
1515 2246 1646 2280 militiae)
1665 2267 1672 2274 .
1684 2267 1691 2274 .
1715 2247 1748 2273 13
1765 2247 1795 2273 et

144 2299 271 2327 incendit
287 2299 399 2328 domum
416 2300 532 2328 domiui.
568 2300 601 2327 17
620 2298 763 2327 columnas
781 2308 888 2331 aereas.
913 2307 985 2334 quae
1004 2300 1086 2326 erant
1103 2298 1133 2324 in
1151 2298 1233 2325 domo
1252 2297 1371 2329 domini,
1395 2298 1424 2324 et
1443 2297 1523 2324 bases
1541 2299 1570 2324 et
1588 2306 1664 2324 mare
1681 2306 1792 2324 aereum

145 2350 277 2384 ‹viti-omn
294 2351 367 2378 unde
384 2351 455 2379 ils-10
479 2341 632 2386 suma-it.
657 2352 770 2386 ignoro),
795 2351 870 2385 quod
897 2352 958 2378 erat
982 2350 1010 2377 in
1034 2350 1117 2377 domo
1140 2349 1262 2381 domini,
1285 2349 1482 2384 confregerunt
1505 2350 1638 2377 Chaldaei
1663 2370 1686 2377 ..
1710 2351 1744 2377 18
1766 2351 1795 2376 et

145 2402 251 2430 lebetes
268 2405 298 2430 et
315 2411 444 2438 creagras
462 2405 492 2431 et
509 2404 644 2439 psalteria
662 2406 692 2431 et
710 2404 821 2438 phialas
847 2405 876 2430 et
893 2403 1056 2430 mortariola
1075 2404 1104 2428 et
1125 2402 1220 2428 omnia
1239 2410 1316 2434 vasa,
1340 2409 1413 2435 quae
1437 2401 1467 2427 in
1491 2401 1648 2428 ministerio
1670 2401 1792 2434 fueraut,

145 2454 284 2487 morum
310 2456 339 2482 et
361 2455 475 2489 hydrias
498 2457 528 2482 et
551 2455 783 2489 thymiamateria
807 2457 837 2482 et
859 2464 955 2482 urceos
979 2457 1009 2482 et
1032 2455 1126 2489 pelves
1152 2456 1181 2481 et
1204 2454 1372 2481 candelabra
1389 2455 1418 2481 et
1436 2447 1571 2481 mortaria
1589 2455 1618 2480 et
1636 2454 1752 2488 cyathos
1772 2475 1795 2482 ..

146 2505 215 2534 tulit
232 2506 366 2541 magister
384 2506 503 2534 militiae
537 2507 573 2534 20
596 2509 626 2534 et
650 2507 794 2534 columnas
818 2508 859 2540 (et
881 2507 961 2534 bases
978 2508 995 2533 4
1009 2506 1074 2540 Ray.
1092 2506 1191 2539 24,16)
1215 2525 1239 2533 ..
1264 2506 1298 2532 22
1322 2507 1351 2532 et
1373 2505 1507 2540 capitella
1531 2526 1554 2532 ..
1577 2505 1611 2532 24
1635 2507 1666 2532 et
1683 2506 1752 2532 tulit
1770 2526 1776 2533 .
1789 2527 1795 2533 .

147 2557 317 2585 sacerdotem
344 2558 465 2593 primum
493 2579 516 2585 ..
539 2560 569 2585 et
595 2559 746 2586 secundum
789 2559 824 2586 25
849 2560 879 2585 et
903 2580 928 2586 ..
950 2559 1120 2591 eunuchum,
1143 2558 1191 2592 qni
1214 2559 1275 2585 erat
1301 2558 1476 2592 praepositus
1502 2566 1585 2592 super
1611 2557 1684 2584 viros
1710 2557 1797 2585 bella-

146 2610 234 2642 tom,
259 2611 288 2638 et
310 2611 416 2645 septem
435 2610 522 2643 viros,
545 2611 593 2645 qui
619 2611 754 2638 videbant
777 2611 875 2638 faciem
899 2611 986 2645 regis,
1013 2631 1036 2638 ..
1059 2611 1088 2637 et
1110 2610 1227 2637 scribam
1254 2609 1407 2644 principem
1432 2609 1567 2640 militum,
1591 2609 1639 2643 qui
1658 2609 1797 2643 probabat

146 2660 260 2694 tirones,
279 2682 285 2689 .
296 2682 303 2689 .
321 2662 355 2689 27
374 2663 404 2690 et
419 2662 558 2697 percussit
574 2671 621 2690 eos
633 2671 681 2690 rex
695 2662 855 2696 Babylonis.
926 2663 960 2689 58
979 2662 1119 2696 principes
1131 2661 1249 2696 septeni,
1268 2661 1334 2694 quia
1347 2663 1456 2694 praeter
1464 2660 1682 2695 qasuimarqimn
1699 2663 1797 2694 septem

147 2715 210 2740 m
225 2713 289 2740 vitia
303 2713 472 2748 municipalia
559 2714 659 2742 72-81
679 2713 776 2741 Iaidor.
795 2714 908 2748 Alleqor.
924 2714 972 2740 127
990 2713 1098 2748 (Miym
1114 2714 1156 2745 83.
1171 2714 1231 2745 116)
1249 2712 1505 2739 Nabuchodonosor
1523 2720 1569 2738 rex
1589 2713 1672 2746 typus
1690 2711 1796 2738 diaboli

147 2762 211 2797 fnit,
228 2764 277 2799 qui
296 2765 497 2792 baereticorum
517 2765 628 2801 plebem
646 2766 745 2792 erroris
764 2765 931 2800 captivitate
950 2765 1089 2792 devictam
1109 2764 1143 2791 de
1157 2764 1314 2796 Ierusalem,
1333 2763 1399 2790 1.(10
1418 2763 1543 2795 ecclesia,
1562 2763 1591 2790 111
1605 2763 1797 2797 Babyloniam,

149 2813 168 2842 i.
185 2814 216 2842 in
232 2810 411 2850 ignorantiae
428 2817 626 2849 confusionem,
645 2817 771 2844 abduxit.
809 2818 858 2844 128
882 2817 1010 2852 princeps
1028 2825 1193 2850 coquorum.
1216 2816 1265 2850 qui
1288 2823 1382 2842 muros
1404 2815 1553 2842 Ierusalem
1572 2815 1723 2847 subvertit,
1746 2815 1798 2841 hoe

149 2864 297 2901 siguificat,
315 2868 389 2901 quod
409 2877 511 2900 omnes.
529 2868 578 2903 qui
598 2868 703 2895 ventris
721 2868 858 2895 desiderio
877 2869 1011 2900 serviunt,
1030 2868 1148 2895 virtutes
1167 2868 1278 2894 animae
1296 2867 1454 2894 destruunt.
