2060 3074
771 124 882 151 VITAE
901 125 926 152 S.
945 125 1113 152 GERMANI
1132 126 1240 153 LIBER
1259 127 1278 153 I.
1781 132 1843 162 443

489 222 526 241 ηε
563 209 714 242 Iustitiae
736 211 859 249 doctor,
884 212 962 243 iuris
987 223 1115 255 quoque
1140 224 1253 245 norma
1276 214 1402 245 futurus

564 261 639 293 Iure
661 262 750 294 dedit
773 263 916 294 studium
939 264 1094 296 discendo
1120 276 1161 297 ex
1185 269 1332 308 tempore
1355 267 1431 300 iuri:

564 312 692 356 Quique
716 314 892 357 pudicitiae
916 316 1043 358 populis
1068 317 1260 349 documenta
1283 317 1418 349 daturus

564 365 606 396 Et
630 366 711 397 casti
735 369 888 398 cauturus
913 371 982 398 erat
1005 367 1139 400 decreta
1163 369 1290 401 cubilis.

564 416 686 448 Ordine
711 418 886 460 praecipuo
910 418 1026 460 legalis
1051 419 1185 451 foedera
1209 421 1286 452 lecti

489 481 526 500 uo
565 468 707 512 Suscipit
729 473 762 500 et
784 473 873 501 casta
897 471 996 502 vitam
1020 481 1092 502 eum
1117 472 1255 514 coniuge
1279 472 1401 504 ducens

563 521 639 552 Iura
662 522 820 563 voluptati
844 522 993 564 permisit
1017 523 1105 554 nulla
1129 524 1291 555 nefandae

564 572 755 614 Gignendae
778 577 904 605 tantum
929 578 1101 606 contentus
1127 576 1236 606 vivere
1260 576 1353 618 proli.

606 623 751 667 Cumque
775 626 875 657 virum
900 626 965 657 late
989 627 1131 668 parentis
1155 627 1195 658 ad
1219 629 1327 659 omnia
1350 631 1457 659 terrae
1606 639 1679 669 Quod
1697 639 1824 664 territorio

564 676 668 708 Multa
690 677 843 719 fatigaret
865 678 1015 720 privatim
1039 682 1072 710 et
1095 679 1224 721 publice
1248 690 1335 714 ‹mi-aq
1601 683 1706 714 genitali
1719 683 1824 714 speciali

490 740 525 759 ιω
564 728 698 760 Pronior
722 729 754 760 in
778 729 899 771 patrias
923 730 1065 761 animum
1090 730 1250 762 defixerat
1274 742 1346 762 oras
1642 726 1791 750 assiduitate

564 780 711 812 Affectus
734 781 885 822 genitalis
910 781 1007 820 humi,
1031 792 1126 824 quam
1151 783 1284 814 mitibus
1309 793 1412 825 usque
1626 769 1796 801 ‘'ra‘'‘i‘stbm'

563 830 738 873 Temperat
761 831 877 863 officiis
902 835 935 863 et
959 833 1047 864 molli
1072 833 1172 864 flectit
1197 834 1323 865 habena

564 882 725 914 Praesens
749 886 957 925 praesentem
980 885 1145 926 praesenti
1170 886 1300 917 numine
1324 886 1466 917 firmans.

564 934 655 966 Haec
679 934 803 971 domus,
828 935 908 967 haec
931 936 1071 978 requies,
1095 936 1176 968 haec
1200 936 1374 968 oblectatio
1399 938 1500 969 vitae:

489 999 526 1017 ιω
563 986 626 1018 Vel
648 987 725 1029 quia
747 986 920 1019 fundorum
943 998 1007 1019 non
1032 989 1294 1031 contempnenda
1317 990 1455 1020 facultas

563 1038 626 1070 Hic
649 1038 697 1070 illi
720 1039 836 1077 fuerat,
861 1039 939 1071 iuris
964 1044 1174 1072 monumenta
1196 1042 1334 1083 paterni,

564 1090 624 1122 Vel
648 1091 733 1133 quia,
756 1091 927 1133 terrigenis
951 1095 1001 1123 est
1025 1091 1111 1134 quod
1135 1102 1198 1123 non
1223 1093 1312 1124 nulla
1336 1093 1497 1136 voluptas,

563 1141 665 1184 Copia
687 1142 861 1174 multarum
884 1143 994 1175 iuveni
1017 1153 1196 1185 permagna
1218 1143 1358 1175 ferarum

563 1193 736 1225 silvestres
761 1194 942 1236 praebebat
964 1205 1058 1236 opes:
1084 1195 1256 1226 venatibus
1279 1196 1335 1227 ille

487 1257 524 1277 15⁵
562 1245 700 1277 Deditus
724 1250 757 1278 et
780 1246 899 1278 levium
922 1247 1084 1278 meditans
1109 1248 1298 1289 spectacula
1321 1258 1429 1279 rerum

562 1297 708 1329 Lascivis
731 1298 874 1329 animum
899 1298 1015 1330 studiis
1038 1298 1197 1340 pascebat
1220 1299 1370 1331 inertem.

563 1348 710 1391 Cumque
733 1349 818 1381 foret
841 1350 922 1381 sacri
946 1349 1070 1381 dilutus
1092 1351 1180 1381 fonte
1205 1350 1345 1392 liquoris,

561 1399 657 1432 Nudo
681 1411 717 1432 se
740 1404 864 1433 tantum
889 1401 1053 1443 gaudebat
1078 1402 1207 1433 nomine
1231 1402 1294 1434 diei

561 1451 799 1490 Christicolum,
824 1453 947 1485 luteum
972 1453 1144 1496 sapiebant
1168 1457 1278 1486 cetera
1302 1454 1455 1486 saeclum.

487 1516 524 1535 rso
602 1503 746 1547 Altoque
770 1508 804 1536 et
826 1505 891 1536 lato
916 1505 1025 1537 stabat
1047 1506 1232 1547 gratissima
1255 1506 1415 1548 quondam
1585 1516 1691 1548 Dppyrn
1700 1517 1841 1541 venationis

562 1555 650 1588 Urbe
671 1566 772 1598 pyrus
795 1556 911 1590 media.
934 1557 1052 1599 populo
1075 1557 1264 1600 spectabilis
1288 1558 1385 1596 omni,
1628 1560 1680 1583 ‘5¹¹⁸
1696 1560 1796 1591 gemla.

562 1606 636 1639 Non
658 1608 735 1649 quia
756 1607 956 1650 pendentum
979 1608 1268 1641 flavebatbonore
1292 1619 1445 1651 pyrorum

559 1658 629 1691 Nec
653 1659 730 1701 quia
751 1662 929 1701 perpetuae
953 1660 1112 1692 vernabat
1135 1671 1270 1692 munere
1294 1660 1428 1697 frondis,

563 1709 630 1742 Sed
653 1709 930 1753 deprehensarum
954 1712 1074 1753 passim
1099 1713 1208 1754 capita
1231 1712 1297 1744 alta
1321 1712 1461 1744 ferarum

487 1774 524 1794 ιεε,
561 1762 699 1794 Arboris
723 1761 886 1794 obscenae
911 1763 1029 1805 patulis
1054 1764 1223 1796 haerentia
1247 1765 1344 1796 ramis

562 1813 772 1846 Praebebant
795 1824 878 1846 vano
902 1814 1050 1857 plausum
1075 1819 1108 1847 et
1131 1816 1318 1857 spectacula
1342 1815 1448 1857 vulgo.

564 1865 751 1898 Horrebant
775 1865 841 1897 illic
866 1866 985 1909 trepidi
1009 1867 1143 1899 ramalia
1167 1868 1256 1899 cervi

561 1917 605 1949 Et
627 1917 731 1949 dirum
754 1917 934 1949 frendentis
958 1918 1027 1960 apri
1051 1919 1122 1950 sera
1145 1919 1271 1961 spicula
1294 1918 1408 1950 dentes

562 1969 702 2002 Acribus
727 1969 863 2002 exitium
888 1969 1085 2002 meditantes
1109 1970 1191 2002 forte
1216 1970 1359 2002 molosis.

489 2034 525 2053 170
562 2021 653 2053 Tunc
677 2031 804 2064 quoque
828 2021 873 2053 sie
895 2021 991 2053 variis
1015 2022 1111 2054 arbos
1135 2022 1248 2054 induta
1271 2022 1413 2064 tropaeis

562 2071 736 2104 Fundebat
759 2072 894 2104 rudibus
918 2073 1032 2105 lascivi
1057 2073 1182 2104 semina
1207 2073 1302 2105 risus.

302 2202 408 2228 Scholia
426 2217 457 2220 —
479 2203 528 2229 135
547 2203 622 2228 luris:
641 2203 757 2229 doctriua
775 2204 887 2228 iustitiae
977 2202 1025 2228 1:35
1043 2202 1175 2236 cauturus}
1194 2204 1352 2229 (lucraturus.
1391 2205 1483 2229 Uxoris
1502 2206 1608 2230 societas
1627 2209 1652 2229 et
1670 2205 1843 2230 testimonium

198 2246 324 2271 castitatis
429 2245 478 2271 ¹39
500 2245 599 2279 legalis]
618 2246 725 2279 legitimi
833 2245 880 2271 143
905 2245 996 2280 terrae]
1017 2247 1203 2280 provintiarum
1222 2247 1317 2279 quibus
1336 2251 1452 2279 praeerat
1558 2247 1608 2273 146
1626 2246 1716 2280 usque]
1737 2248 1842 2280 inguen

200 2289 323 2322 Virgilius
345 2289 412 2317 (Eat.
437 2292 460 2319 9,
471 2291 526 2319 60:
554 2286 697 2315 ‘cantitantes'
717 2290 776 2315 licet
801 2298 883 2322 nsque
907 2288 1014 2322 (minus)
1040 2290 1082 2314 viu.
1108 2290 1190 2315 laedet
1219 2290 1258 2320 (ut
1280 2290 1340 2314 libri
1363 2289 1499 2321 Kar-oliui,
1526 2291 1604 2316 laedit
1632 2290 1715 2323 Very.)
1745 2290 1843 2316 eainus'

200 2330 250 2357 149
269 2331 349 2366 Haec]
367 2340 401 2358 sc.
416 2333 497 2366 patria
533 2331 678 2366 oblectatio]
698 2333 830 2358 delectatio
903 2332 953 2358 150
971 2331 1117 2365 fundorum]
1138 2333 1347 2365 patrimoniorum
1384 2342 1409 2358 n.
1430 2332 1643 2366 contempnenda]
1662 2331 1844 2366 aest(i)manda

199 2373 322 2408 facultas]
339 2375 494 2408 possibilitas
591 2375 637 2401 151
658 2374 730 2407 iuris}
749 2374 916 2409 effex(ei>esis
934 2381 972 2401 est
1075 2375 1123 2401 155
1140 2374 1248 2411 levium]
1268 2376 1400 2401 sinistrum
1506 2376 1552 2401 157
1571 2375 1678 2409 dilutus]
1698 2377 1844 2410 baptizatus

200 2416 250 2443 159
268 2417 376 2451 luteum]
395 2424 532 2444 terrenum.
569 2417 694 2452 1¹(ersius)
715 2418 819 2450 (Horat.
839 2418 899 2451 Epi.
922 2419 971 2450 12,
987 2419 1044 2449 216):
1064 2419 1097 2444 ‘et
1115 2419 1199 2444 amica
1217 2418 1276 2450 (--0
1297 2418 1330 2450 P)
1350 2419 1404 2444 luto
1422 2420 1474 2444 sus'
1552 2418 1600 2444 164
1618 2419 1842 2452 deprehensarum]

198 2468 215 2485 a
231 2462 360 2487 Germano
378 2461 475 2487 scilieet
526 2461 629 2495 passim]
649 2462 804 2494 ubicumque
894 2461 943 2486 165
961 2460 1097 2494 obscenae]
1115 2462 1197 2494 turpis
1245 2461 1346 2494 patulis]
1366 2463 1459 2495 apertis
1548 2462 1597 2488 166
1615 2461 1744 2495 plausum]
1764 2463 1843 2487 risum

200 2501 248 2529 167
267 2503 384 2538 ranulis]
402 2512 498 2530 ooniua
604 2504 652 2530 169
671 2504 782 2537 molosia]
800 2505 915 2530 canibus.
940 2519 974 2523 —
993 2505 1115 2537 Virgilius
1134 2504 1231 2535 (Gom-y
1253 2505 1286 2529 II
1289 2505 1304 2529 Ῑ
1313 2503 1391 2535 405);
1416 2505 1568 2538 ‘Aeromque
1594 2505 1718 2530 inolosum
1738 2513 1844 2538 pascere

201 2546 288 2579 (pasce
305 2555 362 2573 sero
382 2546 461 2580 Vir-q.)
479 2547 577 2580 piugni'

303 2630 352 2657 152
370 2631 477 2665 nollunt
494 2632 520 2657 P

303 2716 352 2742 139
374 2715 485 2743 foedera.
507 2716 572 2743 lecti
604 2717 693 2743 Amat.
717 2716 768 2742 111
783 2718 841 2743 593.
948 2718 996 2744 155
1027 2717 1073 2744 Ge.
1099 2717 1175 2744 11'3
1198 2718 1297 2744 levium
1321 2718 1481 2752 spectacula
1510 2726 1607 2745 rerum.
1713 2718 1762 2745 164
1787 2717 1844 2750 (Vr.

200 2767 267 2794 Aen.
287 2767 371 2796 1189.
477 2769 526 2795 165
545 2767 598 2801 (lsr.
618 2768 685 2795 Met.
706 2768 766 2795 VII
774 2770 824 2795 6⁴22

1582 2821 1634 2848 56*
