2092 3094
706 191 857 219 MICONIS
876 193 1066 221 PROSODIA.
1102 195 1235 222 TITULI.
1735 199 1797 230 295

842 280 1103 313 NOVEMBER.

301 341 376 378 post
398 340 439 370 99
463 339 532 380 (23)
599 339 754 371 Felicitas
778 340 858 382 ipsis
883 341 1034 382 migravit
1058 346 1170 373 sancta
1193 342 1351 374 Kalendis

604 390 816 433 Asbanioque
841 392 935 423 simul
959 395 1134 424 veneratur
1156 394 1241 425 festa
1265 394 1436 426 Trudonis.

845 485 1101 519 DECEMBER.

300 547 375 584 post
400 546 460 576 109
484 544 553 585 (31)
599 545 700 587 Virgo
725 545 885 578 Columba
909 547 1004 578 simul
1030 547 1170 578 Senonis
1195 552 1367 579 veneratur
1398 549 1430 579 in
1460 549 1539 580 urbe

602 595 672 627 Nec
696 607 759 628 non
782 597 926 629 Basilius
950 609 1086 640 magnus
1110 598 1294 630 celebratur
1316 600 1349 630 in
1372 599 1460 631 orbe.

945 786 1006 818 III.

252 845 322 877 Iam
351 846 425 888 quia
454 851 540 878 retro
570 847 691 889 aliquid
720 847 812 889 tetigi
836 847 969 879 metrice
999 847 1038 879 de
1063 849 1267 890 correptione
1293 852 1325 880 et
1348 848 1561 890 productione
1589 848 1798 890 syllabarum,

149 897 268 933 lector.
305 897 379 928 volo
410 908 495 929 nunc
527 899 625 930 etiam
657 899 799 930 breviter
826 899 975 941 prosaice
1006 909 1179 941 parumper
1208 899 1345 939 addere,
1377 900 1494 942 partim
1524 900 1616 931 iuxta
1640 900 1798 931 Prisciani

149 947 237 980 dicta
259 949 472 990 grammatici,
497 951 614 992 partim
639 950 737 985 etiam
759 950 859 982 veluti
882 960 902 981 a
924 950 1087 982 modernis
1111 951 1314 993 philosophis
1338 962 1397 993 per
1420 951 1548 983 diversa
1565 952 1693 993 repperi
1717 952 1799 990 loca,

148 1003 198 1039 ut,
228 1000 254 1031 si
285 1000 381 1031 alicui
405 1000 642 1043 fastidiosi(ori)
667 1002 782 1034 lectori
806 1002 888 1033 forte
912 1012 1011 1033 unum
1040 1002 1257 1044 displicuerit,
1288 1002 1402 1034 saltem
1427 1013 1470 1034 ex
1493 1002 1595 1034 altero
1619 1002 1801 1034 delectetur

111 1061 123 1080 ³
153 1051 294 1093 legendo
310 1052 433 1085 ludere.
479 1054 524 1084 At
550 1054 576 1084 si
600 1057 751 1085 neutrum
768 1054 925 1095 profuerit
948 1054 1006 1092 illi,
1031 1058 1154 1096 parcat,
1178 1065 1243 1093 oro,
1268 1055 1347 1086 talia
1370 1054 1519 1086 craxanti
1535 1053 1655 1085 Miconi
1670 1054 1800 1096 pusillo,

149 1104 203 1144 qui
226 1103 308 1135 haec
331 1108 466 1146 propter
480 1105 654 1146 suffugium
670 1105 913 1137 iuvenculorum
931 1105 1076 1148 arripere
1101 1105 1209 1137 studui
1226 1109 1324 1148 atque
1347 1106 1379 1137 in
1395 1116 1496 1137 unum
1513 1115 1648 1148 parvum
1666 1115 1798 1147 corpus-

150 1155 257 1186 culum
286 1155 480 1188 coadunare.
534 1156 608 1192 Qua
635 1156 676 1188 de
708 1167 760 1195 re,
790 1157 844 1199 qui
868 1157 928 1188 has
952 1157 1106 1199 insipidas
1129 1157 1240 1198 legere
1264 1157 1403 1188 voluerit
1426 1157 1586 1188 litterulas
1611 1156 1728 1188 divinis
1750 1157 1800 1187 in-

150 1209 292 1238 structus
317 1207 447 1239 iustitiis
471 1208 566 1240 simul
590 1212 623 1240 et
646 1208 806 1245 humanis,
831 1219 895 1240 non
918 1208 1043 1240 dubitet
1063 1208 1171 1240 dicere
1197 1208 1369 1240 suffocat
1392 1208 1571 1250 penultima
1594 1208 1702 1250 longa,
1726 1208 1801 1250 quia

149 1259 353 1300 componitur
382 1270 424 1291 ex
453 1259 524 1291 sub
556 1262 589 1292 et
616 1260 735 1292 fauce
765 1264 798 1292 et
822 1260 902 1292 illud
926 1271 973 1292 au
996 1260 1186 1303 dyptongon
1211 1261 1411 1291 convertitur
1433 1260 1465 1291 in
1489 1270 1508 1291 o
1532 1260 1679 1301 longum,
1708 1259 1801 1290 iuxta

98 1320 124 1339 ιο
153 1310 340 1352 exemplum
364 1310 489 1342 Paulini
515 1311 631 1342 summi
655 1312 784 1343 filosofi:

539 1382 672 1414 corpore
697 1383 791 1414 quem
817 1372 913 1403 nullis
939 1372 1074 1403 suffocat
1091 1372 1256 1403 amoribus
1282 1372 1356 1403 ilex.

151 1428 217 1460 Sed
240 1428 389 1461 Euticius
412 1432 490 1471 vult,
514 1436 550 1463 ut
573 1443 592 1463 a
616 1432 685 1463 sub
709 1435 742 1463 et
765 1431 849 1463 foco
873 1435 1091 1474 componatur,
1115 1431 1201 1473 quod
1223 1431 1370 1474 plurimis
1393 1430 1550 1472 displicet.
1567 1433 1621 1462 etc.
1636 1441 1735 1470 usque
1757 1430 1801 1462 ad

150 1481 228 1512 nulli
251 1481 452 1514 dubietatem
475 1487 630 1525 praestat.
675 1483 897 1515 EXPLICIT.

541 1560 648 1599 Hunc,
672 1561 766 1602 pueri
789 1560 892 1602 parvi,
917 1563 1062 1591 nostrum
1086 1563 1219 1591 craxate
1243 1560 1399 1591 libellum.

546 1611 676 1643 Imbuat
700 1615 733 1643 et
755 1615 883 1643 mentes
906 1611 1071 1643 discentes
1095 1611 1166 1643 iura
1189 1614 1376 1643 metrorum.

541 1663 730 1706 Octingenti
753 1664 829 1695 anni
854 1663 967 1705 viginti
991 1667 1024 1695 et
1047 1661 1188 1705 quinque
1213 1663 1366 1704 leguntur

545 1714 716 1758 Conceptu
739 1715 861 1747 domini
885 1715 968 1747 caeli
991 1715 1117 1746 telluris
1141 1715 1262 1757 abyssi.

495 1776 506 1792 ³
543 1768 639 1800 Hunc
663 1780 724 1811 ego
747 1769 930 1801 codiculum
954 1779 1052 1800 causa
1076 1769 1230 1800 iuvenum
1254 1767 1414 1810 perat-avi,

584 1821 736 1863 Denegat
758 1824 794 1852 ut
817 1820 901 1863 quod
926 1832 1030 1859 mens,
1055 1821 1136 1852 scire
1161 1820 1297 1862 graphia
1321 1819 1419 1850 iuvet.

947 2005 1005 2037 IV.

538 2065 610 2097 Hac
634 2066 755 2098 renitet
778 2066 906 2108 species
930 2065 1032 2107 geniti
1056 2064 1223 2106 genitricis
1247 2064 1280 2094 in
1304 2062 1383 2094 aede

538 2117 689 2160 Undique
714 2117 887 2148 missorum
912 2117 1009 2148 variis
1033 2116 1186 2147 distincta
1209 2115 1331 2157 figuris.

583 2168 744 2212 [Zonatim
769 2169 847 2211 picti
872 2168 1088 2210 discipulique
1113 2166 1186 2209 sui]

250 2299 316 2333 [HL]
330 2300 438 2325 Miconis
456 2308 519 2332 opus
526 2308 610 2332 prona
622 2299 751 2331 scripum»,
768 2306 799 2323 mc
811 2307 859 2330 quo
872 2306 962 2330 snpra,
982 2302 1009 2322 ut
1027 2301 1098 2322 tenor
1116 2296 1209 2321 codicis
1220 2299 1374 2325 servaretur,
1390 2293 1489 2318 initium
1502 2296 1524 2317 et
1530 2293 1610 2325 finem
1623 2290 1795 2322 excripsimua,

146 2343 293 2376 propediem
311 2343 412 2368 edemus
430 2343 563 2375 integrum.
668 2340 685 2366 4
702 2340 840 2366 *fastidiosi
857 2341 860 2371 Ι
877 2340 902 2364 Β
1005 2339 1022 2364 8
1040 2340 1171 2364 dubitetur
1188 2346 1254 2363 corr.
1274 2337 1298 2361 B

249 2393 313 2427 [1v.]
333 2394 350 2419 3
368 2394 543 2427 diuam-aphia
560 2397 596 2419 est
613 2402 700 2419 verme
718 2392 735 2417 2

251 2478 307 2513 [ΙΙ.]
330 2479 378 2506 109
395 2479 445 2510 cfr.
463 2477 643 2504 Wandallmt.
662 2479 772 2510 martyr.
791 2476 842 2502 866
861 2475 919 2507 (rol.
939 2474 978 2507 II,
991 2474 1052 2503 602)
1073 2472 1159 2506 Virgo
1177 2470 1311 2498 Columba
1329 2469 1419 2496 simul.

252 2539 321 2574 [HL]
342 2538 436 2565 Nescio
454 2538 525 2572 quod
543 2537 674 2572 Eutychis
692 2539 841 2570 emptum
858 2535 935 2562 usliit.
1006 2535 1020 2560 1
1034 2535 1107 2560 retro
1126 2532 1173 2564 cfr.
1186 2538 1270 2564 supra
1283 2529 1305 2557 Ι.
1377 2529 1410 2555 10
1422 2528 1534 2555 Paulini
1550 2528 1599 2560 cfr.
1611 2536 1693 2562 supra
1702 2536 1731 2561 p.
1744 2527 1794 2554 292

148 2591 167 2617 Ι
179 2599 201 2617 υ.
219 2591 278 2618 3ῒ1.
382 2591 391 2623 Η
410 2591 423 2616 1
444 2589 523 2624 pueri
549 2589 643 2624 parvi:
671 2589 698 2615 S.
716 2588 854 2615 Benedicti
874 2587 988 2621 Reyzelae
1014 2593 1154 2612 sermonem
1172 2583 1291 2610 imitatur
1306 2590 1364 2615 cap.
1387 2581 1489 2614 LXX,
1515 2581 1563 2613 cfr.
1587 2580 1716 2606 Holsumv'i
1740 2579 1794 2606 cod.

149 2643 272 2676 Refflalar.
291 2642 330 2669 ed.
351 2642 435 2676 Μέρη,
458 2642 558 2668 Patml.
579 2641 656 2674 0111,
671 2641 745 2667 1329.
849 2639 866 2666 4
884 2639 1003 2665 similiter
1022 2637 1118 2664 Dimcil.
1138 2636 1169 2662 in
1187 2637 1309 2668 computo
1326 2632 1432 2659 inedito.

249 2702 428 2738 [1v.-xv.]
456 2702 561 2728 Tituli
588 2701 808 2728 Centulenses.
861 2698 931 2733 [1V.]
962 2697 1104 2731 Anyilbert.
1127 2695 1157 2722 de
1183 2695 1267 2721 eccles.
1297 2693 1397 2720 Cevaeul.
1414 2700 1434 2718 c.
1456 2693 1468 2719 l
1489 2691 1549 2724 (SS.
1570 2691 1635 2724 XV,
1646 2691 1705 2723 174)
1731 2691 1794 2717 Alia

151 2764 195 2790 (sc.
208 2755 325 2783 ecelesia
337 2755 449 2783 centuli
461 2755 631 2785 constructa)
651 2753 679 2779 in
698 2752 802 2778 honore
815 2752 928 2777 sanctae
947 2749 991 2775 dei
1004 2747 1148 2782 genitricis
1166 2753 1328 2780 semperque
1346 2743 1462 2778 virginis
1474 2743 1578 2770 Mariae
1597 2745 1625 2770 et
1637 2744 1795 2770 sanctorum

147 2808 344 2843 apostolorum.
