2138 3106
303 205 364 235 354

301 342 324 357 a..
345 334 401 357 866.

902 199 1069 226 CARMINA
1089 198 1350 225 CENTULENSIA.

1064 327 1193 360 CXLV.

868 391 1168 428 lMPLORATIO
1195 390 1261 427 AN
1265 390 1384 427 GELI.

669 466 696 497 O
720 467 783 508 pie,
809 470 898 498 sorte
922 469 979 498 tua
1002 465 1203 497 Ruodulfum
1228 465 1369 508 suscipe,
1393 465 1535 497 Christe.

893 559 1146 592 RESPONSIO
1171 559 1364 592 CHRISTI.

668 618 884 662 ‘Suscipiam'‚
910 622 1025 651 contra
1048 619 1192 651 clemens
1216 619 1335 651 affatur
1358 619 1462 651 Iesus.

1054 809 1203 842 CXLVI.

989 873 1277 911 EPYTAFIVM.

666 950 740 982 Hoc
765 950 847 981 cinis
873 950 1013 991 exiguus
1038 949 1164 981 tumulo
1188 948 1366 990 requiescit
1389 948 1542 979 humatus

690 1002 855 1034 'Cultoris
880 1002 1003 1034 Christi
1027 1001 1202 1042 Flodegeri
1226 1000 1347 1039 eximii,

666 1055 806 1086 Iustitiis
831 1054 927 1086 nituit
950 1053 1068 1085 divinis
1092 1054 1147 1096 qui
1170 1053 1250 1084 satis
1273 1053 1339 1084 alte

712 1107 782 1138 Nec
806 1107 912 1138 minus
936 1106 1089 1137 humanis
1113 1105 1221 1137 floruit
1245 1104 1396 1146 eloquiis.

620 1172 631 1190 5
670 1159 735 1190 Hic
761 1159 848 1191 senis
872 1158 1071 1200 decimisque
1094 1157 1300 1195 Novembris,
1324 1157 1419 1196 alme,
1443 1155 1603 1188 Kalendis

713 1211 868 1253 Spiravit:
894 1210 1000 1242 tribue
1023 1210 1074 1242 cui
1097 1209 1254 1252 requiem,
1278 1208 1417 1240 domine.

1048 1398 1216 1431 CXLVII.

974 1463 1023 1499 IN
1050 1462 1290 1499 LATERNA.

674 1538 838 1571 Cornibus
862 1550 904 1570 ex
930 1537 1092 1580 pecudum
1116 1537 1195 1569 sisto
1219 1537 1381 1569 fabricata
1403 1537 1540 1576 laterna,

714 1591 764 1623 Ne
790 1590 896 1622 subito
919 1591 1015 1632 lapsa
1038 1593 1190 1621 conterar
1212 1589 1254 1621 ad
1277 1589 1428 1632 lapidem.

672 1643 710 1674 In
734 1642 880 1675 tenebris
905 1642 1007 1682 valeo,
1031 1641 1165 1674 Phoebo
1191 1644 1346 1683 surgente
1369 1641 1518 1683 quiesco;

712 1694 784 1727 Nec
807 1695 942 1726 mirum:
967 1704 1101 1726 caecam
1123 1693 1204 1736 phos
1228 1693 1331 1735 abigit
1354 1693 1508 1736 speciem.

1039 1901 1224 1934 CXLVIII.

835 1966 900 2002 AD
931 1965 1163 2011 QVENDAM
1190 1964 1432 2001 NOSTRVM.

672 2041 742 2074 Iam
766 2041 893 2084 pridem
916 2041 1050 2073 nimium
1075 2041 1198 2080 risorie,
1220 2051 1328 2079 nosco,
1352 2039 1474 2082 petisti,

673 2093 744 2129 Quo
768 2093 827 2125 tibi
851 2093 1033 2136 pinxissem
1056 2093 1200 2126 breviter
1222 2092 1282 2124 sub
1306 2092 1380 2134 lege
1403 2091 1513 2134 pedali

675 2145 847 2182 Quoddam
871 2157 952 2188 opus
976 2145 1153 2186 adnexum,
1176 2145 1300 2188 pariter
1323 2153 1475 2176 sermone
1498 2143 1643 2185 politum,

674 2198 756 2230 Cum
779 2209 831 2230 me
857 2199 1052 2241 participem
1076 2197 1177 2229 scires
1199 2197 1333 2228 minime
1358 2205 1487 2238 quoque
1511 2195 1608 2227 huius

624 2263 636 2282 5
675 2250 877 2291 Structurae,
901 2250 1010 2293 potius
1035 2252 1219 2293 torpentem
1243 2248 1302 2281 sed
1325 2247 1470 2280 residere

675 2302 767 2334 Inter
788 2302 964 2334 metrificos
988 2302 1149 2334 callentes
1168 2311 1262 2344 >more
1287 2302 1456 2332 carentum

411 2447 570 2481 [CXLVHIJ
591 2448 603 2474 1
623 2449 710 2482 nosco]
729 2458 776 2475 nos
794 2450 821 2475 in
840 2450 857 2475 l.
875 2459 897 2475 r.
917 2449 942 2475 Β

413 2533 554 2568 [CXLVI]
575 2535 587 2559 1
607 2533 655 2566 cfr.
675 2533 757 2567 LIX,
773 2535 795 2561 1.
901 2535 917 2561 3
935 2534 983 2567 cfr.
1002 2541 1066 2568 app.
1086 2533 1144 2560 crit.
1162 2532 1199 2559 ad
1218 2532 1315 2566 CXII,
1328 2533 1353 2560 3.
1457 2532 1474 2558 4
1492 2532 1539 2564 cfr.
1559 2530 1654 2564 XCII,
1667 2530 1710 2557 20.

414 2585 568 2620 [CXLVII]
587 2585 636 2618 cfr.
656 2585 771 2612 LXXI.

415 2637 581 2672 [CXLVHL]
600 2638 649 2670 cfr.
667 2646 688 2664 c.
708 2637 853 2664 LXXIX.
976 2638 992 2664 5
1011 2637 1173 2667 Sti-acturae
1196 2636 1278 2663 huius
1304 2636 1362 2670 (cfr.
1383 2635 1446 2662 XX
1454 2635 1533 2669 VIH,
1546 2636 1603 2668 20):
1627 2642 1725 2662 errores
1749 2633 1812 2660 dicit
1830 2632 1963 2659 verborum

311 2689 502 2716 inextricabiles
519 2691 541 2715 et
559 2689 737 2716 contmtioms
745 2689 943 2723 perturbantes,
961 2697 1042 2723 quam
1059 2691 1124 2715 twnc
1141 2688 1264 2722 temporis
1272 2687 1406 2722 putabant
1423 2695 1475 2714 esse
1493 2689 1575 2713 artem
1592 2687 1641 2720 cfr.
1657 2686 1784 2713 Milonem
1800 2684 1832 2712 de
1843 2683 1964 2711 Anumdi

311 2741 376 2767 vita.-
403 2740 530 2774 quamvis
550 2740 751 2768 difficilioribus
771 2741 812 2768 uti
834 2741 973 2776 potuerim
991 2740 1131 2774 aliquibus
1155 2740 1184 2767 in
1207 2739 1276 2767 locis
1294 2739 1440 2766 verborum
1459 2738 1637 2773 ambagibus,
1661 2747 1696 2766 ne
1714 2738 1743 2764 id
1764 2738 1883 2765 facerem
1901 2745 1962 2764 sum

312 2792 469 2827 prohibitus
496 2792 562 2826 quia
589 2792 674 2819 ctiam
704 2792 808 2819 credidi
835 2793 959 2819 futurum
987 2801 1056 2827 opus
1083 2791 1159 2819 istud
1184 2791 1292 2826 gratius
1322 2790 1345 2818 si
1373 2790 1495 2818 omnium
1522 2791 1640 2818 fratrum
1670 2791 1780 2824 pateret
1811 2789 1962 2817 auditibus.

312 2846 328 2871 6
346 2844 396 2877 cfr.
418 2843 563 2877 XXXIV,
577 2845 601 2871 2.

2123 2494 2138 2595 ⁴21³...—
