2092 3094
437 2499 461 2517 10

775 248 825 278 AD
844 248 1023 279 KAROLUM
1041 249 1200 279 CALVUM.

955 349 1020 372 vm.

528 392 668 436 Fulgida
692 394 831 426 sacratis
854 394 978 437 pollent
1000 395 1142 426 tentoria
1163 395 1246 427 velis

528 445 572 477 Et
594 449 706 477 vestes
729 446 839 477 Aaron
863 446 963 488 prolis
987 456 1045 478 seu
1067 446 1154 478 linea
1177 447 1332 487 candens,

527 497 665 529 Balteus
689 508 727 529 ac
751 497 879 538 cidaris,
902 497 1030 540 lapides
1054 501 1088 530 et
1107 499 1304 540 chrysmatis
1328 502 1455 539 unctus,

527 549 669 580 Victima
693 560 791 581 caesa
813 550 911 581 boum
934 560 995 581 nec
1018 560 1082 581 non
1105 551 1273 582 olocausta
1294 551 1463 583 bidentum

528 600 571 632 Et
593 603 683 632 totus
706 601 830 643 passim
853 601 981 644 typicus
1004 601 1193 633 Laeviticus
1217 602 1295 634 ordo

526 652 676 684 Dulciter
699 653 841 696 asspirat
864 653 1022 685 caelestia
1046 654 1130 685 dona
1152 654 1300 687 ferendo.

963 758 1004 780 1x.

524 802 575 834 En
598 802 761 834 Numerus
784 802 886 834 fortes
910 803 1026 835 recitat
1049 803 1193 846 bellique
1217 805 1342 837 feroces

526 853 698 896 Cordaque
718 854 799 885 dura
815 853 944 886 Chorae
961 855 1178 898 comitumque
1200 860 1344 888 cremata
1364 869 1424 900 per
1444 858 1552 900 ignem

525 905 805 948 contemptusque
829 906 966 947 Abiron,
990 906 1123 938 Dathan
1146 908 1263 940 tellure
1287 912 1430 948 vorante,

524 957 579 989 Ira
602 958 723 1000 quippe
739 957 801 1002 ‘dei
824 958 980 1000 populum
1005 959 1130 990 cervice
1154 970 1357 1002 repressum;

526 1009 676 1046 Qualiter
699 1013 732 1041 et
755 1009 890 1041 Balaam
914 1011 1034 1042 missus
1059 1012 1211 1043 caelestis
1235 1012 1276 1043 ab
1300 1013 1375 1044 aula

524 1061 646 1093 Obviat
669 1073 748 1094 ense
771 1063 899 1094 minans
923 1073 961 1094 ac
984 1063 1142 1096 mandans
1166 1064 1268 1096 verba
1291 1064 1416 1096 salutis.

965 1167 996 1190 x.

522 1211 586 1243 Hic
610 1212 746 1254 replicat
768 1212 901 1254 Moyses
924 1213 1032 1254 legem
1058 1213 1239 1256 suadetque
1263 1214 1448 1252 tenendam,

522 1263 616 1300 Quae
639 1268 777 1295 ventura
799 1264 914 1303 forent,
940 1265 1131 1308 praedicens
1156 1266 1259 1307 signa,
1284 1277 1344 1308 per
1367 1267 1491 1298 orbem.

522 1316 675 1347 Carmina
699 1316 829 1359 prefigit
851 1316 961 1348 docuit
986 1318 1183 1359 refugasque
1207 1322 1371 1360 parentes,

521 1367 608 1399 Hinc
632 1368 770 1410 propriis
795 1368 912 1400 fratres
936 1369 1060 1400 meritis
1084 1370 1271 1401 corroborat
1294 1381 1418 1402 omnes.

522 1418 820 1461 Conscendensque
845 1420 981 1452 Abarim
1004 1421 1140 1452 miratur
1163 1432 1265 1463 regna
1287 1422 1439 1464 superba,

522 1470 664 1513 Corpore
689 1471 736 1502 sic
761 1473 897 1503 moritur
920 1483 1016 1504 verus
1041 1476 1238 1515 sanctusque
1262 1474 1431 1516 propheta.

960 1576 1002 1598 x1.

522 1621 602 1653 Post
625 1622 749 1654 obitum
773 1622 898 1664 Moysis
922 1623 1026 1664 surgit
1047 1622 1192 1655 Naveius
1218 1624 1322 1663 heros,

520 1673 654 1705 Transit
676 1673 863 1709 Iordanem
888 1674 1014 1716 lapides
1039 1674 1079 1706 ad
1105 1679 1212 1706 castra
1235 1676 1372 1707 ministri

520 1724 678 1757 Laevitae
702 1736 720 1756 e
743 1725 850 1757 medio
874 1725 1021 1756 Iordanis
1045 1727 1174 1768 gurgite
1197 1730 1340 1768 portant.

519 1777 607 1808 Urbs
631 1777 758 1819 capitur
779 1776 952 1808 Hiericho:
975 1777 1118 1809 salvator
1141 1778 1264 1809 dividid
1288 1789 1366 1811 arva

520 1829 586 1861 Per
610 1829 708 1867 vicos,
732 1829 842 1868 urbes,
866 1833 993 1861 montes
1018 1833 1050 1861 et
1073 1831 1205 1862 flumina
1228 1834 1327 1868 certe,

519 1880 681 1923 Designat
703 1881 799 1912 nobis
823 1881 909 1913 vitae
934 1882 1091 1913 caelestia
1113 1892 1215 1924 regna

950 1981 1002 2003 ΧΙΙ.

518 2027 690 2070 Templum
713 2027 816 2058 tristis
839 2026 916 2065 adit,
939 2026 1037 2058 rediit
1061 2027 1119 2058 sed
1142 2027 1229 2059 laeta
1252 2027 1432 2070 prophetae

518 2079 640 2115 Mater;
664 2078 743 2110 Heli
767 2078 885 2110 cecidit
908 2078 1020 2109 fractis
1045 2078 1240 2110 cervicibus:
1265 2079 1337 2110 eius

517 2130 654 2162 Interitu
677 2131 805 2172 priscae
829 2130 979 2172 signatur
1002 2130 1168 2172 ademptio
1192 2131 1284 2172 legis.

516 2182 658 2224 Ungitur
681 2182 711 2213 in
737 2192 849 2223 regem
872 2183 1004 2224 proprio
1028 2181 1236 2224 perimendus
1259 2182 1300 2214 ab
1325 2193 1419 2220 ense:

516 2233 559 2265 Et
580 2233 707 2272 merito,
731 2233 884 2275 quoniam
908 2236 1019 2265 servat
1046 2243 1109 2264 non
1133 2233 1283 2275 chrysma
1306 2234 1431 2266 salutis.

516 2285 674 2317 Membris
699 2285 863 2328 pauxillus
887 2284 1004 2323 David,
1029 2284 1087 2316 sed
1111 2284 1224 2316 robore
1247 2285 1340 2316 fortis

516 2336 717 2378 Aggreditur
740 2336 878 2374 Goliam,
902 2337 988 2367 iactu
1012 2335 1176 2378 fundaque
1201 2336 1354 2378 peremit;

516 2387 631 2419 Victor
653 2388 723 2419 abit
746 2388 879 2430 predam
903 2388 1049 2419 referens
1074 2387 1283 2430 trepidosque
1307 2387 1485 2420 refirmans.

517 2439 708 2471 Caeduntur
730 2440 831 2471 fortes
855 2440 988 2471 nimium
1013 2450 1072 2481 per
1095 2439 1222 2471 Gelboe
1247 2442 1374 2470 montes

517 2490 659 2533 Duxque
684 2491 762 2522 Saul
787 2491 903 2523 cecidit
927 2491 1055 2533 proprio
1078 2491 1119 2522 de
1144 2490 1279 2533 cuspide
1302 2491 1419 2522 fossus.

943 2591 1007 2613 xm.

516 2637 567 2668 En
584 2637 688 2668 victor
711 2636 829 2677 David,
853 2636 996 2679 prudens
1021 2639 1054 2667 et
1077 2636 1244 2678 praescius
1269 2636 1363 2678 aequi

513 2688 663 2720 Abscidit
687 2688 858 2720 clamidem
883 2688 1005 2730 chrysti
1029 2687 1178 2719 diadema
1201 2687 1348 2727 serentis,

250 2784 323 2819 [vm]
357 2785 374 2810 4
405 2784 579 2811 *BIENDVM
615 2784 640 2809 Ρ
775 2783 831 2817 [x1.]
861 2784 874 2808 l
902 2783 1023 2808 *MOYSI
1052 2783 1077 2807 P
1212 2780 1276 2814 [xm]
1305 2782 1321 2807 2
1348 2782 1434 2815 [EIVS
1459 2783 1483 2807 Ρ

147 2829 309 2860 FVNDAEQ
317 2838 323 2854 z
342 2838 410 2854 corr.
429 2828 455 2854 P

250 2895 308 2931 [xm]
328 2897 341 2922 1
365 2895 504 2929 Theoduls.
518 2895 636 2922 biblioth.
656 2896 689 2922 13
708 2896 777 2928 (tom.
799 2895 823 2927 Ι,
845 2895 907 2927 533)
926 2893 1069 2927 Nave-gius
1087 2893 1175 2920 heros.

1744 275 1748 279 -
1755 255 1814 288 261

1583 2782 1598 2808 7
1626 2782 1755 2815 eonsAM
1778 2782 1804 2807 P
