2138 3106
304 172 365 202 298
910 167 1078 194 CARMINA
1097 167 1360 194 CENTULENSIA.

1094 271 1168 302 XV.

720 333 900 364 Scribentis
925 332 1016 363 labor
1039 332 1162 374 ignaris
1186 331 1321 362 nimium
1344 331 1425 363 levis
1450 335 1550 371 extat,

762 384 827 416 Sed
852 383 951 415 durus
977 385 1062 415 notis
1088 387 1138 415 sat
1161 386 1272 415 manet
1295 387 1393 425 atque
1418 383 1537 425 gravis.

1091 539 1182 571 XVI.

408 602 472 633 Oro
503 601 534 632 in
564 602 669 643 prima
700 601 804 632 fronte
835 603 966 632 nostrae
997 600 1209 643 inceptionis,
1246 600 1289 631 mi
1319 603 1412 642 pater
1443 603 1541 642 atque
1574 610 1728 641 germane
1762 599 1884 638 adeffe,
1920 610 1960 631 ne

305 653 437 685 cuilibet
469 652 661 684 coi-nicatori
693 657 837 683 nostram
862 652 1038 694 propaletis
1061 652 1208 687 neniam„
1239 654 1275 682 ut
1299 662 1341 683 cx
1365 651 1426 682 hoc
1451 651 1583 683 minime
1607 652 1716 682 valcat
1739 651 1825 693 pelle
1850 651 1962 682 inflata

304 716 341 736 ac
373 705 479 736 fronte
511 708 627 746 rugata
656 704 800 746 crispare
825 704 1012 737 cacinnumz
1045 704 1120 745 quin
1145 704 1248 745 magis
1273 703 1437 735 humiliter
1459 704 1585 745 flagito,
1615 714 1677 746 quo
1710 703 1793 734 clam
1817 707 1960 735 nostram

306 757 475 799 corrigatis
493 756 655 796 inertiam⁷
680 758 778 798 atque
795 755 970 797 subpresso
988 755 1145 797 plurimas
1163 755 1236 786 stilo
1255 755 1445 796 calamoque
1463 755 1618 787 denotato
1634 754 1781 792 mendas,
1799 755 1961 796 quoniam,

306 809 427 847 fatcor,
463 819 527 839 non
557 807 639 839 adeo
669 807 710 839 de
734 807 794 838 hoc
825 807 964 849 insipido
990 808 1101 838 curavi
1126 807 1267 849 scripto,
1302 807 1364 838 nisi
1388 809 1515 838 tantum
1546 810 1582 838 ut
1605 810 1735 849 tempus
1759 806 1962 838 redimissem

307 871 453 892 vacuum.

674 902 779 941 Musa,
803 913 901 933 manu
926 902 958 933 in
983 902 1062 934 celsi
1086 905 1120 933 tu
1146 902 1237 933 basia
1259 902 1323 943 fige
1348 902 1495 943 magistri

716 954 758 985 Et
781 965 855 986 mea
879 953 920 985 da
944 953 1038 985 docto
1065 954 1209 985 carmina
1233 953 1329 985 valde
1354 953 1433 985 viro.

674 1006 782 1048 Ipsius
806 1009 882 1037 ante
906 1005 1006 1047 pedes
1030 1005 1242 1047 revolutaque
1266 1005 1346 1043 fare,
1370 1015 1445 1047 age:
1471 1005 1636 1037 *Nostrum

714 1057 896 1100 Insipidum
921 1067 1051 1088 carmen
1074 1057 1185 1099 accipe
1210 1060 1320 1099 tuque,
1345 1056 1459 1100 pater'.

627 1118 638 1136 ⁵
676 1109 756 1141 Post
779 1113 878 1151 caput
901 1110 1057 1140 inflexum
1082 1109 1206 1140 habeas
1231 1113 1320 1141 terra
1343 1113 1449 1148 tenus7
1473 1119 1546 1140 ora:

719 1161 865 1202 ‘Corrige
889 1161 973 1192 hanc
997 1161 1139 1197 neniam,
1164 1161 1205 1192 da
1225 1161 1303 1192 mihi
1327 1164 1402 1203 post
1425 1160 1578 1193 veniam’.

676 1213 789 1255 Incipe
814 1216 890 1244 tunc
914 1223 1031 1255 parvos
1058 1213 1177 1244 cursim
1201 1213 1421 1255 perstringere
1445 1223 1574 1244 versus:

720 1265 792 1302 Quo
817 1265 913 1297 modo
937 1265 1113 1308 prostravit
1137 1266 1221 1297 alter
1244 1265 1352 1297 Adam
1377 1265 1543 1296 zabulum:

676 1317 742 1349 Seu
765 1317 888 1348 domini
913 1317 952 1348 de
971 1327 1113 1359 corpore
1138 1328 1214 1349 vero
1237 1327 1275 1348 ac
1300 1317 1461 1359 sanguine
1487 1316 1624 1348 Christi:

614 1377 638 1395 1⁰
718 1369 868 1405 Qualiter
891 1380 929 1401 ac
954 1372 1085 1400 sanctus
1109 1372 1233 1411 martyr
1257 1370 1343 1401 enim
1369 1369 1572 1411 Stephanus:

676 1421 746 1453 Nec
770 1432 834 1452 non
858 1420 1012 1453 Iohannis
1037 1422 1166 1460 festam,
1192 1432 1279 1463 rogo⁷
1304 1421 1430 1463 corripe
1455 1421 1591 1453 sensim:

719 1473 769 1505 Ac
794 1474 890 1505 simul
914 1473 1057 1505 Herodis
1080 1473 1146 1505 heu
1169 1474 1303 1505 nimium
1326 1473 1463 1505 facinus.
1490 1491 1527 1496 ——

676 1525 790 1557 ‘Pareo
815 1524 1010 1568 praeceptis'
1036 1528 1232 1557 veneranter
1255 1525 1301 1557 ait
1324 1536 1452 1567 quoque
1476 1525 1579 1557 Musa.

913 1682 973 1714 DE
998 1682 1169 1714 NATALI
1191 1682 1370 1715 DOMINI.

676 1742 838 1774 Nativitas
862 1743 958 1775 hodie
983 1743 1074 1774 cuius
1098 1743 1284 1775 celebratur
1306 1743 1338 1774 in
1363 1743 1442 1775 orbe

616 1802 641 1820 15
723 1814 761 1817 —
787 1794 892 1826 Isaias
917 1795 1057 1836 ‘genitus
1080 1805 1156 1828 ecce
1179 1794 1272 1838 puer'
1299 1795 1418 1827 cecinit

679 1846 729 1878 Ac
752 1847 874 1889 pariter
896 1847 988 1879 nobis
1012 1850 1145 1879 resonat
1169 1847 1310 1879 clamore
1333 1846 1477 1889 benigno

722 1898 821 1930 Celsa
845 1909 919 1930 cum
941 1909 1037 1931 voce:
1063 1899 1157 1931 ‘filius
1180 1901 1277 1941 atque
1301 1898 1420 1935 datus';

679 1950 820 1982 Sedibus
844 1962 864 1982 a
888 1951 1023 1983 summis
1048 1951 1138 1983 venit
1161 1951 1303 1993 religare
1326 1951 1515 1993 malignum,

723 2002 804 2044 (Qui
826 2013 930 2045 genus
954 2003 1132 2040 humanum
1156 2003 1298 2035 laeserat
1321 2003 1386 2035 heu
1408 2003 1554 2042 nimium,

616 2061 641 2080 20
677 2054 805 2087 Afforet
827 2057 863 2086 ut
887 2054 1038 2087 Christus
1063 2059 1268 2098 compactum
1292 2058 1368 2098 post
1391 2054 1497 2097 capud
1520 2055 1602 2097 ipse,

720 2107 868 2139 Membra
891 2107 986 2149 probi
1008 2108 1095 2139 illius
1118 2108 1181 2139 iam
1205 2117 1333 2149 quoque
1357 2106 1523 2148 catholici)
1550 2125 1600 2145 —-‚

679 2159 780 2191 Cuius
804 2162 837 2190 et
860 2159 1033 2201 imperium
1057 2171 1095 2191 ac
1119 2170 1249 2202 semper
1273 2160 1342 2192 sine
1366 2159 1430 2191 fine
1455 2161 1600 2201 potestas

722 2230 761 2234 —
785 2210 934 2253 Ambigit
957 2212 1018 2244 hoc
1041 2212 1150 2244 nullus
1175 2211 1215 2244 dc
1240 2212 1381 2243 minimis
1404 2211 1556 2243 minimus
1581 2222 1636 2242 -;

678 2262 758 2294 Eius
782 2263 815 2294 in
840 2266 957 2295 exortu
980 2264 1128 2296 iubilatio
1154 2274 1273 2306 magna
1297 2263 1449 2299 resultet3

618 2321 642 2340 25
724 2313 896 2346 Dicemus:
922 2314 1087 2357 ‘Salve(s),
1112 2318 1199 2355 nate,
1223 2318 1296 2347 tuos
1319 2315 1469 2354 famulos,

679 2365 768 2402 Quos
792 2369 906 2398 auctor
929 2367 1035 2399 tenuit
1059 2360 1195 2399 zabulus
1220 2378 1293 2399 cum
1316 2367 1431 2399 fraude
1455 2367 1609 2409 maligna,

723 2417 867 2450 Cludere
891 2429 932 2450 ne
957 2419 1066 2451 valeat
1089 2430 1219 2452 carcere
1243 2419 1326 2451 forte
1349 2417 1444 2451 tuos'.

415 2548 490 2582 [XV.]
509 2548 526 2574 2
545 2549 615 2574 duris
633 2552 710 2574 notus
727 2558 794 2574 corr.
813 2549 838 2574 B

417 2591 508 2625 [XVI]
527 2592 544 2617 2
562 2595 662 2618 nostras
681 2593 771 2617 nenias
788 2593 816 2617 in
834 2602 914 2626 marq.
930 2593 956 2618 B
1025 2592 1041 2618 3
1064 2597 1158 2627 rugats
1176 2602 1242 2619 corr.
1255 2593 1281 2618 B
1315 2593 1469 2618 nuncianum
1483 2592 1508 2616 B
1526 2592 1575 2622 cfr.
1596 2591 1685 2616 Sedul.
1699 2591 1722 2623 J,
1733 2592 1782 2616 332
1851 2588 1868 2615 4
1885 2588 1966 2622 pater]

310 2636 432 2668 magister
449 2644 517 2660 corr.
536 2635 561 2659 B
656 2635 672 2660 6
690 2636 758 2660 HAS
777 2637 901 2662 NENIAS
921 2637 949 2662 in
967 2646 1050 2669 marq.
1069 2637 1094 2661 R
1196 2636 1226 2662 11
1246 2637 1340 2662 sensim
1358 2645 1389 2661 ex
1407 2645 1474 2661 corr.
1493 2635 1519 2660 B
1616 2633 1648 2659 12
1665 2635 1722 2659 Hac
1740 2633 1766 2659 B
1783 2642 1850 2659 corr.
1870 2632 1967 2658 Bethm.

310 2678 319 2711 ΙΙ
338 2678 372 2703 20
389 2678 499 2703 *christo
517 2677 543 2702 B
647 2678 679 2703 21
699 2679 800 2704 l'ROBI
817 2679 845 2704 in
863 2688 944 2712 mary.
964 2680 990 2704 B
1093 2679 1128 2705 25
1145 2679 1234 2706 *salve
1252 2680 1277 2704 B
1316 2709 1320 2713 Ι

415 2763 650 2797 [XVI.—XXVI.]
671 2763 785 2790 Micon
808 2763 842 2790 dc
861 2763 973 2790 Fastis
995 2771 1050 2797 per
1072 2763 1151 2789 dies.
1267 2762 1276 2796 Η
1295 2762 1327 2789 15
1345 2770 1398 2796 sqq.
1418 2761 1481 2788 lsai.
1500 2762 1551 2793 9,ss
1570 2759 1705 2788 Parvulus
1723 2758 1797 2787 enim
1820 2760 1903 2788 natus
1926 2759 1969 2787 est

311 2816 400 2849 nobis,
420 2818 448 2843 et
466 2815 538 2842 filius
558 2815 639 2842 datus
658 2817 700 2842 est
718 2814 807 2842 nobis,
