2040 2996
385 1697 409 1716 lu

384 1957 407 1975 15

380 2475 405 2494 25

202 2630 233 2656 17
257 2632 307 2663 Qui
320 2632 345 2657 Ρ
366 2641 433 2658 corr.
452 2633 540 2659 Maius
626 2633 658 2659 21
683 2635 803 2661 habescat
815 2635 840 2660 1’
855 2644 922 2661 corr.
942 2635 1029 2660 Maius
1115 2634 1150 2660 29
1168 2635 1272 2660 dextera
1285 2635 1310 2659 P
1326 2643 1393 2660 corr.
1412 2636 1501 2661 Maian

99 2679 166 2698 corr.
178 2672 204 2698 P
217 2682 341 2700 coronans
357 2675 446 2701 Mai-u
453 2677 520 2710 sort.
535 2681 601 2702 reae
705 2676 796 2711 [v11.]2
806 2677 849 2704 *et
859 2687 908 2704 om.
919 2678 945 2702 P
1021 2677 1036 2702 4
1047 2676 1169 2703 *honesta
1178 2677 1204 2702 P
1280 2677 1311 2703 17
1322 2678 1423 2703 Inuidia
1431 2687 1498 2703 corr.
1509 2678 1534 2703 P

653 144 700 173 DE
720 145 948 174 RECTORIBUS
967 147 1207 176 CHRISTIANIS.

577 233 661 270 Quid
685 234 773 265 valet
796 234 872 266 flavi
896 234 984 266 nitor
1006 235 1109 267 omnis
1133 236 1228 269 auri?

576 284 674 316 Ostra
697 284 774 327 quid
797 289 934 328 prosunt
956 287 1044 318 rosei
1067 286 1219 319 decoris?

578 335 711 369 Gloriae
734 337 812 379 quid
835 340 910 370 sunt
934 337 1165 381 Scithicaeque
1188 344 1361 381 gemmae?

492 395 518 414 ²⁰
761 389 848 426 Quid
871 389 1052 430 diadema?,
1098 431 1100 433 v

574 457 664 490 Orba
686 459 714 490 si
736 459 855 491 mentis
878 458 966 490 acies
988 458 1155 498 hebescat,

573 509 700 542 Lumen
723 512 760 541 ut
782 521 896 542 verum
919 514 1063 553 nequeat
1085 512 1182 551 tueri,

574 561 671 593 Unde
694 561 860 594 discernat
881 561 968 594 bona
991 573 1091 604 prava
1113 563 1199 595 iusta

757 613 888 656 Fasque
910 614 1079 656 nefasque.
1097 633 1139 638 -

492 688 516 707 25
573 681 660 724 Ergo
680 682 800 714 rectori
823 682 923 715 decus
947 685 998 714 est
1019 693 1130 714 amare

573 733 621 765 Te
644 734 745 777 patris
766 733 900 766 verbum
925 734 1122 777 sapiensque
1145 735 1265 775 lumen,

573 785 713 826 Christe,
737 786 792 828 qni
815 786 952 829 sceptris
975 785 1151 818 dominaris
1175 788 1285 820 orbem

759 837 923 880 Celsaque
947 848 1066 880 regna;

573 905 674 938 Cuius
696 907 737 938 in>
751 906 868 938 dextra
889 906 1019 950 requies
1044 907 1143 940 beata

490 964 515 983 ³⁰
572 957 719 998 Constat,
742 958 775 990 in
798 958 873 990 leva
894 958 1109 1001 locuplesque
1133 970 1228 1002 gaza:

572 1009 706 1042 Gloriae
730 1010 882 1053 princeps
906 1010 1047 1043 humiles
1072 1022 1219 1047 coronas,

755 1061 858 1094 'l'ollis
882 1062 1019 1105 opimos.

905 1177 956 1199 vn.

468 1220 542 1253 Rex
563 1221 636 1264 pius
660 1225 694 1254 et
716 1222 846 1265 sapiens
870 1226 964 1255 terno
988 1224 1210 1257 moderamine
1235 1229 1351 1268 regnat

515 1272 628 1305 semet
651 1284 794 1316 suosque
819 1274 877 1317 (et)
903 1275 1060 1308 subditos.

468 1323 580 1356 Gloria
603 1325 772 1368 regnantis
794 1326 898 1369 proba
919 1327 1061 1359 moribus
1085 1329 1207 1361 eminet
1230 1339 1313 1361 uxor

515 1376 606 1408 Sicut
629 1376 772 1410 honusta
794 1378 907 1411 vinea:

466 1427 560 1460 Illam
584 1428 737 1461 nobilitas
760 1429 880 1473 triplici
904 1431 1024 1463 virtute
1049 1436 1201 1464 venustet

512 1479 607 1513 Rosis
631 1481 743 1524 pudici
766 1483 925 1525 pectoris;

466 1532 590 1565 Lactea
612 1532 755 1566 formoso
777 1534 903 1567 niteant
927 1536 954 1568 si
979 1536 1062 1568 colla
1085 1536 1213 1577 decore,

515 1583 623 1627 Magis
646 1586 788 1619 nitescat
809 1587 962 1625 castita„

467 1635 615 1669 Christus
638 1640 676 1670 ut
698 1638 874 1671 ecclesiam
897 1639 960 1672 sibi
984 1643 1073 1672 casto
1098 1641 1205 1673 iunxit
1227 1652 1348 1681 amore,

512 1689 604 1722 Uxor
627 1690 698 1724 viro
721 1691 768 1724 sic
791 1691 943 1730 haereat;

466 1742 555 1774 Mitis
579 1742 770 1785 simplicitas
792 1744 826 1775 in
851 1744 944 1776 cuius
967 1748 1077 1777 mente
1101 1744 1262 1778 redundet

511 1794 614 1827 Velut
636 1795 808 1828 columbae
831 1796 952 1838 gratim

466 1845 571 1883 Quam
595 1846 728 1880 decoret
750 1847 856 1890 pietas
878 1848 1052 1891 prudentia
1075 1859 1169 1881 sacra
1192 1852 1348 1892 potestas,

512 1897 619 1930 Esder
641 1902 678 1931 ut
700 1899 787 1931 alma
809 1900 926 1932 floruit.

466 1949 608 1982 Vincula
630 1950 720 1994 pacis
743 1954 853 1983 ament
876 1962 934 1984 rex
958 1956 992 1984 et
1014 1953 1142 1994 regina:
1167 1952 1294 1985 duobus

513 2001 564 2034 Sit
585 2002 700 2035 foedus
724 2006 758 2035 et
781 2004 972 2039 concordia:

464 2052 579 2086 Invida
601 2064 667 2086 non
690 2053 821 2087 dirimat
844 2056 991 2098 geminos
1014 2056 1176 2089 discordia
1199 2058 1299 2100 pacis,

511 2104 603 2142 Quos
625 2106 682 2138 lex
706 2117 849 2150 superna
872 2107 1035 2140 iunxerat.

465 2156 646 2200 Disciplina
668 2162 762 2201 regat
784 2169 919 2202 quorum
945 2160 1132 2203 praenobile
1154 2171 1306 2202 germen:

512 2211 607 2243 Rami
630 2211 739 2244 decori
762 2212 910 2245 floreant.

463 2261 586 2305 Aridus
609 2262 695 2295 haut'
711 2263 806 2295 viridi
829 2264 915 2296 bene
939 2264 1055 2296 crescit
1078 2264 1109 2296 in
1133 2264 1251 2296 arbore
1275 2265 1410 2307 palmes,

513 2313 626 2346 Cultor
647 2315 752 2347 bonus
775 2315 835 2347 hoc
859 2315 1022 2358 providet:

464 2364 622 2408 Princeps
646 2369 680 2399 et
703 2367 825 2398 rectrix
847 2367 1004 2410 populum
1027 2367 1054 2398 si
1078 2367 1138 2398 rite
1162 2367 1356 2408 gubernant,

511 2417 611 2450 Suam
635 2422 752 2461 regant
775 2419 970 2462 prosapiam,

462 2468 616 2501 Abrahae
639 2469 741 2502 veluti
763 2481 925 2512 generosa
948 2470 1049 2512 stirpe
1073 2470 1192 2502 creatis

510 2520 637 2553 Omont
660 2521 753 2564 polos
776 2522 959 2565 nepotibus.

1697 156 1758 186 157

1587 2635 1620 2662 31
1644 2640 1748 2662 coronat

1609 2679 1642 2705 21
1652 2678 1713 2705 *aut
1725 2679 1751 2704 P

0 2759 3 2768 2
201 2740 267 2775 [vm]
284 2742 302 2769 4
321 2741 411 2769 Sedul.
430 2742 462 2770 dc
477 2751 529 2778 req.
544 2744 631 2778 princ.
649 2752 669 2771 c.
689 2744 738 2771 IX
754 2745 883 2780 princeps
902 2745 1032 2779 pacificus
1051 2746 1194 2778 tamquam
1214 2744 1326 2771 floridus
1345 2746 1374 2771 et
1392 2745 1492 2772 fertilis
1511 2747 1553 2772 est
1572 2766 1578 2772 .
1593 2766 1599 2773 .
1618 2747 1647 2772 et
1666 2746 1746 2780 quasi

0 2786 36 2996 ἰ
99 2788 180 2817 vinea
204 2790 322 2820 honesta
341 2794 395 2828 (leq.
414 2794 545 2838 honusta)
564 2795 676 2830 copioso
694 2795 841 2823 abundans
859 2796 958 2823 fructu.
1052 2797 1086 2823 25
1104 2796 1170 2823 Met.
1190 2796 1272 2828 XIV,
1285 2796 1336 2823 699
1354 2797 1453 2823 humili
1472 2797 1507 2823 de
1524 2797 1611 2832 stirpe
1629 2798 1746 2824 creatus.
