2040 2996
408 370 444 389 1⁴35

375 616 445 650 „¹70

139 731 165 753 C.
178 731 252 752 Vffll.

408 889 444 908 175

406 1149 445 1168 iso

406 1407 443 1427 185

405 1667 444 1686 19⁰

409 1924 446 1944 1⁹5

403 2184 442 2203 ²⁰0

576 41 597 61 ,-

467 121 675 148 PASSIONUM
693 121 747 148 ΒΒ.
766 121 909 148 IULIANI
926 121 972 148 ΕΤ
992 121 1177 149 SOCIORUM
1197 122 1279 150 EIUS
1299 123 1406 150 LIBER
1418 124 1464 151 IV.

502 208 545 240 Et
567 210 699 240 sanctus
721 208 868 240 Iulianus
891 209 950 240 ait:
975 208 1101 249 ‘Quem,
1126 210 1268 251 praesul,
1293 210 1413 243 honore

502 259 675 303 Excipiam
697 270 824 292 summo
847 271 886 292 ac
908 261 1012 303 primo
1037 261 1088 292 cui
1112 261 1208 293 thura
1231 263 1384 295 cremabo

503 311 772 355 sanguineasque
795 313 905 355 legam
928 312 1075 344 recolens
1098 324 1158 355 per
1179 314 1304 346 viscera
1327 315 1423 347 fibras

501 363 571 395 Aut
593 364 645 395 cuj
667 362 708 396 de
732 364 843 396 multis
866 364 1005 407 primum
1027 365 1177 397 mactabo
1200 365 1417 399 columbam?'

502 415 642 448 Praeses
665 415 728 447 ait:
752 414 891 455 ‘Ouncti‚
914 426 995 458 quos
1019 416 1188 459 conspicis,
1212 418 1400 450 inmortales

502 467 613 510 Atque
637 478 734 510 pares
756 467 877 499 virtute
899 470 1043 507 manent,
1068 469 1215 510 aequalis
1241 472 1275 501 et
1298 480 1412 502 omnes

502 519 614 551 Gloria
637 518 847 551 condecorat:
870 529 932 551 nec
956 519 1044 551 enim
1066 519 1190 551 invidet
1213 521 1296 552 alter
1318 521 1432 554 honori

501 571 648 604 Alterius
670 571 863 614 nullumque
886 574 995 603 movet
1017 571 1181 603 discordia
1204 572 1260 604 lite

501 623 611 665 thue
635 632 730 654 suum
755 641 794 646 —
817 622 913 665 parili
936 622 1093 654 cultorem
1116 622 1226 654 fratris
1250 634 1361 656 amore

502 674 621 717 Diligit
643 675 870 716 alternumque
892 674 994 707 decus
1017 674 1126 717 placet
1150 676 1299 708 omnibus
1323 676 1450 719 aeque'.

566 726 719 759 Dixerat:
744 729 779 759 et
801 726 907 758 sancti
929 726 1108 759 deflectunt
1131 737 1266 770 corpora
1288 731 1395 761 terrae

503 779 548 811 Et
569 779 709 822 genibus
730 778 806 810 fixis
829 781 924 810 orant
946 778 1007 810 hac
1032 788 1110 810 voce
1133 781 1316 811 tonantem:

503 831 578 868 ‘Qui
602 831 671 863 sine
693 830 851 873 principio
875 830 947 862 sine
970 833 1118 873 tempore
1141 831 1193 862 vel
1218 831 1289 863 sine
1313 831 1377 863 fine

504 882 550 914 Es
573 882 676 925 patris
700 881 826 923 aeterni
849 892 1020 925 possessor
1042 881 1180 913 nominis
1205 885 1239 914 et
1261 886 1294 914 te

502 934 674 966 Sustentas
697 934 827 977 plenam
850 933 962 965 mundi
985 933 1056 966 sine
1079 933 1225 976 pondere
1248 934 1379 974 molem,

503 985 569 1018 Sed
593 988 718 1018 tautum
740 986 773 1018 in
797 985 919 1017 sanctis
942 985 1072 1017 habitas
1096 985 1290 1028 templisque
1314 986 1442 1027 dicatis,

502 1037 639 1070 Munere
662 1037 804 1080 gratuito
826 1037 928 1080 geniti
951 1047 1034 1079 quae
1058 1037 1164 1079 gratia
1186 1036 1287 1077 dotat,

502 1088 589 1132 (Quo
612 1090 682 1122 sine
705 1099 769 1122 non
793 1089 896 1129 caelo,
920 1099 985 1121 non
1009 1089 1103 1121 terris
1126 1089 1263 1131 quisque
1288 1090 1424 1122 salutem

502 1141 653 1185 Concipit
676 1145 732 1174 aut
754 1141 859 1174 solum
882 1141 967 1174 velle
991 1144 1048 1173 aut
1071 1141 1131 1173 fari
1155 1144 1212 1173 aut
1236 1142 1365 1184 operari

500 1191 643 1236 Dignum
666 1193 788 1236 aliquid
810 1193 923 1232 valuit,
947 1193 1034 1225 valet
1057 1196 1114 1224 aut
1137 1192 1229 1224 finire
1252 1193 1390 1230 valebit;

500 1244 607 1282 Quem
629 1245 690 1277 tibi
711 1244 914 1277 consimilem
936 1245 1079 1287 genuisti
1103 1247 1136 1276 et
1158 1244 1283 1287 virgine
1307 1248 1420 1277 natum

500 1296 618 1329 Misisti
640 1297 674 1328 in
696 1296 852 1328 mundum
876 1299 919 1336 et,
942 1297 1090 1339 quamvis
1113 1295 1271 1339 procedat
1293 1297 1415 1340 ubique

503 1347 643 1391 Spiritus
665 1358 686 1380 a
707 1351 741 1381 te
764 1348 816 1380 vel
840 1348 938 1380 verbo
961 1348 1116 1391 aequalis,
1141 1351 1250 1380 tamen
1274 1349 1330 1380 illo

500 1399 648 1432 Inradias
671 1400 796 1434 nullum
818 1400 882 1432 nisi
905 1400 1078 1432 salvatoris
1102 1400 1143 1432 ab
1166 1411 1237 1437 ore;

502 1451 567 1488 Qui
589 1455 699 1484 tecum
722 1451 848 1484 sedet'
839 1463 873 1484 m
896 1452 1012 1484 dextra
1036 1462 1135 1510 super
1157 1463 1252 1484 omne
1276 1455 1421 1485 creatum

501 1503 679 1547 Imperium
702 1504 787 1536 caeli
809 1507 982 1546 terraeque
1006 1504 1169 1546 marisque
1192 1504 1378 1546 gubernans

501 1555 546 1588 Et
568 1556 660 1588 caelo
681 1556 784 1598 gratis
807 1555 986 1598 meritoque
1009 1560 1144 1588 coronat
1167 1556 1290 1588 amicos

501 1606 551 1639 Ac
573 1609 699 1639 tantum
721 1607 836 1639 merito
860 1607 975 1650 Stygio
999 1601 1216 1650 condempnat
1237 1608 1374 1651 iniquos,

502 1658 554 1692 De
577 1662 690 1692 centro
713 1659 765 1691 his
787 1659 896 1692 medio
919 1660 1074 1698 clemens,
1098 1669 1199 1691 verax
1223 1662 1256 1692 et
1278 1663 1433 1702 utrosque

499 1710 635 1754 Aequus
657 1711 817 1744 discretor
838 1711 930 1754 virga
952 1711 1154 1743 discriminat
1176 1722 1241 1743 una

499 1761 645 1794 Humani
666 1762 797 1805 generis
820 1762 861 1794 de
885 1773 992 1795 massa
1014 1762 1214 1805 degenerata
1237 1781 1277 1786 -

501 1814 612 1857 Atque
634 1814 709 1846 ideo
731 1815 908 1847 flectuntur
930 1815 960 1846 ei
984 1815 1139 1847 caelestia
1163 1818 1282 1847 cuncta

501 1865 647 1898 Terrena
669 1869 703 1898 et
725 1877 844 1909 genua,
867 1866 1040 1898 infernalia
1063 1877 1196 1909 prorsus
1219 1870 1252 1899 et
1274 1867 1347 1909 ipsa
1371 1885 1409 1890 —-

503 1917 566 1954 Qui
589 1917 700 1950 docuit
721 1928 781 1950 nos
803 1917 878 1950 huic
901 1918 977 1950 fidei
1001 1919 1202 1951 committere
1226 1917 1324 1950 corda

501 1969 722 2012 Personisque
745 1970 842 2003 deum
866 1981 1024 2013 praesens
1047 1970 1079 2002 in
1104 1980 1202 2002 carne
1225 1969 1414 2012 redemptor

503 2020 639 2064 Semper
660 2021 788 2054 adorari
810 2022 940 2062 trinum,
965 2022 1087 2054 deitate
1111 2021 1171 2054 sed
1193 2021 1308 2063 unum)

501 2071 607 2109 Quem
629 2083 695 2105 non
719 2074 906 2116 sculpturae
931 2074 1072 2117 capiunt,
1097 2073 1270 2105 simulacra
1295 2074 1346 2105 vel
1370 2083 1472 2106 urnae

500 2124 571 2158 Nec
595 2128 724 2158 statuae
745 2125 894 2158 manibus
917 2129 1055 2168 possunt
1077 2125 1274 2158 concludere
1298 2125 1419 2160 factae:

499 2177 600 2210 Cuius
623 2188 684 2210 nec
706 2177 795 2220 digni
817 2178 1048 2221 conspectibus
1071 2188 1146 2210 esse
1169 2177 1320 2209 videntur

501 2228 591 2261 Caeli
613 2229 786 2266 necssclare
809 2229 970 2262 radientia
993 2229 1115 2265 sidera;
1139 2239 1235 2271 quem
1259 2229 1314 2260 vix

1728 126 1788 156 113

135 2314 220 2339 crucis
243 2319 343 2340 armant
364 2316 482 2341 frontem.
523 2317 599 2341 Tunc
616 2317 645 2341 B.
665 2317 684 2341 1.
707 2317 744 2342 ait
765 2317 797 2341 ad
820 2317 975 2350 praesidem:
999 2315 1075 2348 ‘Quid
1094 2316 1231 2349 praecipis,
1255 2317 1372 2348 praeses?
1394 2318 1424 2340 ut
1444 2315 1564 2340 omnibus
1583 2315 1631 2340 diis
1649 2316 1785 2341 offeramus

135 2357 312 2383 aedficium‘oe'
348 2358 455 2384 Praeees
472 2359 549 2384 dixit:
575 2357 691 2391 ‘Omnes‚
714 2368 779 2392 qnos
796 2360 935 2393 conspicis,
959 2359 1106 2385 inmortales
1123 2362 1197 2388 sunt,
1221 2366 1294 2391 pares
1312 2362 1373 2383 sunt
1391 2358 1501 2388 virtute,
1524 2358 1642 2390 aequales
1659 2358 1686 2383 in
1704 2359 1785 2392 gloria

135 2407 184 2426 nec
201 2400 317 2426 invident
334 2401 383 2426 sibi
400 2402 428 2426 in
445 2401 588 2427 cultoribus
605 2402 667 2434 nnis,
686 2403 822 2436 praecipue
840 2403 866 2428 in
885 2403 967 2431 vobis.
985 2403 1029 2435 qui
1048 2411 1091 2427 eos
1109 2402 1179 2427 tarde
1197 2401 1361 2434 cognovistis.

238 2441 280 2468 57.
304 2445 360 2470 Hec
381 2444 481 2470 dicente
503 2445 618 2478 praeside
643 2445 702 2470 fixis
723 2446 834 2479 genibus
856 2446 881 2471 S.
900 2446 1028 2471 Antonius
1052 2445 1185 2478 presbyter
1209 2448 1235 2469 et
1259 2444 1288 2468 B.
1307 2443 1424 2469 lulianus
1445 2452 1504 2469 eum
1528 2444 1603 2469 sociis
1630 2444 1684 2469 suis
1709 2445 1784 2471 dixit:

136 2484 227 2518 Ἦοιιι,
253 2486 299 2519 qui
324 2495 352 2512 ea
376 2487 433 2513 sine
458 2487 532 2513 initio
558 2488 613 2513 sine
640 2489 691 2514 fine
716 2489 772 2514 sine
796 2493 910 2522 tempore
940 2493 964 2514 et
990 2492 1121 2514 aeternum
1146 2487 1258 2520 possides
1280 2495 1388 2518 nomem
1420 2487 1465 2520 qui
1487 2496 1538 2512 non
1561 2488 1588 2512 in
1610 2496 1689 2514 manu
1711 2489 1785 2514 factis

240 2588 290 2615 164
317 2588 375 2615 *red
392 2590 416 2615 le

136 2631 185 2658 201
204 2632 325 2658 radiantia
344 2590 555 2660 corz-‚mm
566 2633 592 2659 P
608 2634 655 2666 (an
667 2634 698 2659 1²¹
712 2634 748 2666 ,ὓς
767 2636 815 2667 cfr.
831 2644 858 2667 p.
874 2637 902 2660 73
920 2635 982 2659 adn.
1000 2638 1023 2659 et
1041 2634 1078 2658 ad
1096 2633 1195 2658 Aedilv.
1215 2641 1275 2665 app.
1294 2633 1349 2657 crit.
1367 2637 1383 2658 t.
1403 2633 1427 2664 J,
1439 2634 1490 2658 583
1507 2642 1558 2665 sqq.

592 2599 692 2617 vertum
718 2590 768 2617 192
793 2596 821 2617 ut
842 2596 902 2624 post
928 2591 974 2616 191
1000 2591 1177 2616 conlocaretur
1197 2599 1258 2614 man
1281 2599 1301 2615 e.
1321 2590 1372 2615 XI.
1390 2598 1428 2615 ex.
1448 2590 1549 2615 addidit
1568 2591 1595 2615 in
1613 2590 1665 2615 ima
1683 2590 1785 2623 pagina

240 2708 289 2735 168
306 2708 354 2741 cfr.
372 2708 439 2736 Aen.
457 2708 488 2743 V,
506 2709 556 2736 541
575 2709 679 2736 invidit
696 2709 804 2737 honori.
896 2710 945 2736 172
964 2709 1032 2735 Aen.
1053 2708 1107 2741 XL
1126 2709 1160 2734 22
1179 2716 1293 2742 corpora
1312 2708 1409 2735 terrae.

137 2759 188 2786 196
199 2762 274 2794 patet
292 2759 417 2794 personis
435 2767 496 2787 cum
512 2760 616 2788 trinum
636 2769 689 2787 esse
705 2761 928 2796 conirmyendum.

239 2809 343 2834 Pom:
361 2811 445 2834 um!
463 2810 661 2838 maciacum
679 2810 724 2835 111.

1500 2709 1549 2736 175
1568 2710 1596 2735 te
1612 2717 1647 2736 sc.
1661 2708 1783 2742 plenam.
