2040 2996
240 127 296 156 154
801 117 944 144 SEDULII
963 115 1092 143 SCO'I'TI
1110 114 1279 142 CARMINA
1298 113 1318 140 I.

235 211 317 242 enim
347 219 368 240 α
391 207 566 240 Seduliana
594 216 657 236 mm
684 204 766 236 nihil
788 204 911 235 dissitat.
961 203 1124 243 Lcyuntur
1145 201 1181 231 in
1203 200 1267 231 cod.
1291 199 1452 231 Rev-mensi
1473 199 1538 229 363
1563 197 1636 238 (cfr.
1659 196 1773 237 Hayen
1793 194 1887 227 catal.

235 262 321 293 codd.
345 260 443 292 Rern.
467 260 531 289 347
545 258 625 297 sqq.)
646 268 671 288 s.
687 257 751 288 IX.
769 256 901 288 Scottice
916 255 1032 294 scripto
1048 254 1072 285 I
1083 253 1125 284 II
1136 253 1199 283 III
1208 252 1232 293 f.
1246 253 1318 284 194¹
1335 250 1393 284 IV
1412 250 1440 283 V
1455 250 1526 283 196¹
1550 249 1598 282 Vl
1617 248 1688 281 VII
1704 247 1794 281 VIII
1804 248 1887 286 197¹,

235 324 316 355 quae
338 313 403 354 ipse
427 310 510 342 1885
533 309 662 342 Rornae
684 309 798 342 iterum
821 307 982 349 exscripsi.

1050 480 1076 513 I.

1052 561 1071 582 1.

600 605 705 636 Omne
729 603 956 642 ministerium,
982 602 1089 633 trifido
1114 600 1201 643 quod
1224 600 1405 643 praeminet
1428 599 1516 637 orbe,

600 658 682 688 Arte
707 655 967 698 gubernandum,
992 659 1068 686 sunt
1091 654 1168 685 artis
1193 653 1332 695 plurima
1355 652 1454 683 dona:

600 709 814 740 Omnicreans
838 707 988 739 dominus
1012 709 1115 737 terras
1138 715 1228 737 mare
1254 704 1362 736 sidera
1385 704 1494 735 caelos

601 761 681 792 Arte
706 764 806 800 creat,
830 762 932 790 totum
957 759 1127 801 pulchrum
1150 757 1235 799 regit
1259 760 1394 798 arteque
1419 754 1585 793 mundum,

538 821 548 838 ἱ»
602 813 738 844 Artibus
763 812 905 854 egregiis
930 811 1090 853 sapientia
1113 808 1341 842 celsitonantis

602 865 798 907 Praeposuit
823 863 988 895 hominem
1013 862 1138 894 cunctis
1163 860 1359 893 animalibus
1384 860 1480 896 orbis,

605 917 667 948 Ars
692 927 819 948 currum
846 916 974 958 regitat,
997 924 1097 946 naves
1121 924 1172 945 ars
1196 913 1256 944 rite
1280 912 1443 954 gubernat

603 970 712 1011 Atque
734 969 940 1012 triumphalis
964 979 1016 1000 res
1040 971 1144 999 artem
1167 967 1287 999 bellica
1310 968 1436 1008 spectat
1460 983 1499 988 —

603 1021 734 1063 Indiget
758 1021 837 1052 artis
862 1021 931 1062 opis
956 1021 1001 1051 sic
1025 1023 1058 1051 et
1082 1030 1134 1051 res
1158 1019 1301 1062 publica,
1325 1018 1405 1049 felix

531 1081 554 1099 ¹0
607 1074 688 1105 Esse
713 1077 811 1116 queat
833 1077 958 1104 rectore
982 1072 1068 1104 bono
1093 1072 1280 1114 populoque
1307 1071 1415 1103 beato.

606 1125 657 1156 Ob
682 1125 744 1156 hoc
767 1125 947 1156 caelestum
971 1128 1197 1155 transcurrens
1222 1126 1315 1165 prata
1339 1123 1497 1154 librorum

606 1176 740 1208 Florida
763 1177 913 1218 congessi
937 1176 1040 1216 vobis,
1064 1186 1123 1207 rex
1146 1175 1268 1212 inclite,
1293 1178 1388 1213 serta,

607 1229 700 1265 Quae
724 1229 841 1271 capitis
865 1231 996 1260 vestrae
1019 1227 1138 1259 mentis
1162 1226 1312 1258 diadema
1335 1229 1510 1269 perornent

608 1281 810 1323 Sceptraque
833 1276 1017 1322 glorificent
1042 1279 1162 1310 Christi
1185 1278 1384 1310 dominantia
1407 1281 1497 1315 nutu,

531 1341 554 1358 ¹⁵
611 1333 721 1374 Atque
746 1332 934 1363 salutiferas
958 1331 1057 1362 divini
1082 1330 1245 1372 dogmatis
1268 1330 1387 1362 herbas

609 1384 732 1415 Pollice
756 1383 906 1426 decerpsi
929 1382 1029 1414 nardo
1054 1382 1222 1414 redolente
1247 1382 1396 1413 calathis.

611 1436 737 1467 Sumite
762 1435 802 1467 de
826 1434 958 1477 liquidis
980 1434 1108 1466 Israhel
1131 1434 1277 1466 fontibus
1299 1434 1413 1473 undas,

609 1487 701 1523 Quae
726 1488 847 1519 satient
870 1487 1019 1518 bibulum
1043 1486 1211 1528 praedulci
1235 1496 1308 1517 rore
1331 1486 1491 1528 palatum:

608 1540 722 1571 Gloria
745 1549 819 1570 nam
843 1549 968 1580 regum,
993 1538 1105 1569 nitidis
1130 1541 1163 1570 et
1187 1540 1361 1569 stemmata
1384 1537 1520 1579 sceptris

533 1599 557 1617 20
610 1591 776 1633 Dogmata
800 1594 875 1622 sunt
898 1590 1018 1621 domini
1042 1600 1102 1621 nec
1125 1600 1189 1621 non
1214 1589 1368 1631 exempla
1390 1589 1533 1631 priorum

612 1643 778 1684 Gestaque
803 1642 961 1673 nobilium
985 1652 1158 1684 procerum
1182 1641 1309 1673 famosa
1331 1651 1390 1683 per
1413 1640 1533 1672 orbem.
1558 1658 1601 1662 —

616 1694 751 1726 Artibus
775 1694 824 1725 his
848 1694 959 1735 vigeat
981 1693 1083 1725 vestri
1105 1703 1157 1725 res
1182 1693 1314 1735 publica
1336 1692 1456 1723 victrix

613 1747 721 1788 Atque
745 1746 949 1788 gubernetur
971 1745 1082 1777 multis
1106 1746 1247 1777 feliciter
1270 1745 1373 1785 annis,

612 1799 726 1830 Donec
750 1797 912 1829 sideream
935 1808 994 1829 vos
1018 1797 1202 1829 ascendatis
1226 1791 1400 1835 maulam,

536 1858 559 1877 25¹
614 1851 705 1882 Iuste
729 1853 923 1892 regnantum
947 1860 1011 1891 qua
1033 1859 1152 1892 perpes
1181 1850 1285 1892 gloria
1308 1849 1420 1892 pollet.

1067 1973 1098 1994 ll.

614 2026 736 2057 Tecum
760 2024 965 2067 principium,
990 2024 1062 2055 finis
1085 2033 1144 2054 rex
1168 2022 1359 2064 Christeque
1383 2024 1508 2053 tecum:

667 2076 776 2119 Alpha
800 2076 907 2118 operis
930 2075 1044 2106 famuli
1069 2075 1124 2113 sis,
1150 2074 1240 2110 deus,
1266 2084 1356 2116 mque
1380 2074 1438 2105 tui.

361 2209 401 2243 [1.]
423 2209 461 2243 [1.]
482 2209 493 2234 1
509 2210 634 2242 preminet
645 2212 669 2233 et
680 2208 716 2233 aie
729 2215 827 2239 semper
840 2215 884 2239 pre
891 2215 943 2238 pro
957 2214 1017 2239 prae
1029 2209 1052 2230 et
1064 2214 1078 2230 e
1085 2214 1137 2238 pro
1150 2213 1181 2230 ae
1194 2209 1217 2229 et
1229 2213 1259 2230 oe
1272 2204 1297 2229 P
1381 2203 1397 2229 3
1410 2204 1501 2237 sydera
1508 2204 1608 2236 pan-'m
1617 2204 1642 2228 P
1725 2202 1742 2228 4
1754 2202 1908 2237 pulcrumB

253 2253 270 2278 ἵ)
293 2254 384 2287 egreiis
401 2253 426 2277 B
495 2252 623 2285 sapiencia
645 2256 667 2276 et
690 2251 756 2275 talia
776 2250 873 2282 passim
892 2248 917 2274 P
1019 2248 1035 2273 6
1057 2249 1194 2282 Preposuit
1211 2247 1236 2272 Β
1253 2256 1349 2280 quoque
1453 2246 1470 2271 9
1493 2255 1554 2280 opes
1572 2247 1597 2272 P
1619 2241 1626 2248 ⁰
1701 2246 1731 2272 11
1755 2253 1908 2280 percurrens

254 2305 322 2321 corr.
335 2295 360 2320 B
448 2294 480 2320 12
498 2295 586 2320 inclita
598 2294 623 2319 P
715 2292 748 2318 13
766 2293 845 2318 uestri
860 2301 926 2317 corr.
938 2292 963 2316 B
1016 2292 1141 2324 dyadema
1156 2290 1289 2323 semperP
1379 2289 1412 2315 15
1429 2291 1552 2315 docmatis
1567 2290 1700 2322 semperP
1790 2289 1824 2315 16
1839 2289 1908 2315 mla-

253 2340 305 2364 this
323 2338 385 2368 BR·
419 2347 481 2363 nam
504 2338 669 2370 quantitatem
695 2337 816 2362 Seduliue
840 2336 955 2361 nondum
978 2339 1139 2368 perspectam
1162 2335 1280 2359 habeasne
1305 2334 1413 2364 videtur,
1445 2333 1490 2358 sed
1517 2334 1591 2366 infra
1618 2337 1684 2358 reete
1709 2332 1747 2357 II
1763 2339 1859 2359 LXXX!
1873 2330 1908 2356 49

255 2381 288 2407 18
308 2383 415 2407 satiante
429 2381 453 2406 P
520 2381 652 2414 palathum
665 2379 690 2405 P
810 2377 856 2411 [lh]
875 2378 891 2404 2
909 2379 932 2404 si
944 2378 969 2403 P
985 2387 1051 2403 corr.
1065 2378 1171 2403 Areval.
1185 2378 1286 2410 proleg.
1305 2377 1333 2402 in
1352 2376 1441 2402 Sedul.
1461 2376 1499 2401 ed.
1515 2385 1543 2409 p.
1557 2375 1599 2402 38.

359 2457 400 2492 [L]
421 2457 461 2491 [1.]
481 2458 495 2483 1
514 2456 687 2491 praeminere
705 2455 780 2489 apud
794 2454 973 2481 Rudentium
990 2453 1048 2487 leyit
1065 2462 1084 2480 e.
1095 2462 1120 2487 9.
1133 2453 1198 2479 cam.
1213 2453 1266 2486 XI,
1281 2453 1340 2483 109ς
1359 2453 1407 2485 cfr.
1421 2453 1540 2486 inscript.
1555 2452 1654 2479 Christ.
1668 2460 1689 2479 e.
1699 2460 1724 2486 9.
1742 2459 1784 2485 ap.
1801 2450 1911 2477 alaim

254 2508 343 2542 script.
366 2511 412 2535 vet.
431 2509 461 2542 V,
485 2509 547 2539 178,
570 2509 598 2539 2,
625 2509 635 2534 1
663 2515 757 2534 sacrae
785 2515 858 2541 quae
887 2506 1045 2541 praeminet
1069 2514 1142 2532 arae.
1249 2506 1280 2531 16
1305 2504 1381 2531 Fast.
1403 2504 1432 2538 V,
1456 2504 1507 2531 255
1530 2504 1653 2539 decerpsi
1679 2503 1781 2539 pollice
1805 2502 1909 2529 florem.

256 2559 304 2593 [11.]
324 2561 372 2585 ΑΩ
390 2560 496 2592 siynum
517 2559 683 2593 symbolicam
705 2567 737 2585 ατ
758 2558 910 2592 apocalypsi
932 2560 1024 2584 notwm
1042 2557 1072 2583 de
1091 2565 1144 2590 quo
1161 2556 1208 2589 cfr.
1223 2556 1257 2583 F.
1272 2556 1308 2582 X.
1322 2556 1418 2582 Kraus
1437 2556 1638 2591 Realemyklaem.
1657 2556 1682 2582 d.
1701 2555 1797 2582 chri-stt.
1816 2554 1909 2581 Alton.

256 2611 279 2644 Ι,
296 2611 331 2637 60
342 2619 395 2644 sqq.
413 2611 619 2644 frequentissime
637 2611 714 2636 etiam
733 2610 807 2644 apud
824 2610 972 2637 Koa-olims
989 2609 1084 2643 legitur
1100 2609 1198 2641 itaque,
1217 2610 1248 2634 ut
1260 2608 1287 2634 A
1296 2608 1506 2642 pronuntianda
1523 2608 1558 2634 sit
1575 2608 1656 2642 alpha
1669 2609 1692 2634 Ω
1704 2615 1800 2633 sonum
1817 2606 1911 2632 habent

256 2670 322 2688 mere
339 2662 458 2688 vocalem.
491 2662 536 2688 Sic
553 2662 731 2688 Prudentium
751 2662 902 2688 Pauliacum
920 2661 984 2688 Nol.
999 2660 1148 2688 Orien-tiam
1168 2659 1306 2686 Sedulimn
1323 2659 1406 2686 secuti
1423 2660 1567 2686 maluerunt
1584 2667 1603 2686 e.
1614 2668 1639 2693 9.
1659 2658 1786 2692 Iosephus
1806 2657 1911 2684 Scottus

256 2714 376 2740 Albwrus
394 2714 464 2739 Milo
485 2713 516 2739 de
539 2714 676 2740 sobrietate
695 2714 820 2741 Sedulius
842 2714 918 2746 infra
938 2721 1048 2747 quoque.
1084 2712 1158 2739 Unde
1176 2711 1254 2738 Flor.
1272 2711 1400 2745 Luqdun.
1415 2714 1484 2744 poet.
1504 2711 1600 2738 Karol.
1618 2711 1658 2747 11,
1676 2710 1735 2744 534,
1754 2710 1804 2738 181
1827 2716 1911 2735 amt-

257 2764 366 2792 dandus
384 2765 421 2794 vel
437 2768 504 2794 certe
518 2765 742 2802 pronuntiandus
760 2766 853 2804 Alpha
870 2765 947 2804 prior
964 2764 1080 2797 cunctis,
1099 2767 1123 2792 Ω
1141 2764 1250 2794 cunctis
1269 2763 1385 2795 ultimus
1405 2765 1491 2794 extat,

1868 2813 1891 2843 *ἶ
