2060 3074
747 155 835 182 VITA
853 155 880 183 S.
894 156 1047 183 AMANDl.
1078 157 1186 184 LIBER
1204 157 1239 184 11.
1755 161 1816 191 587

0 235 8 285 ἦ
532 240 702 280 Possibile,
726 241 866 283 ignifluis
889 242 1082 274 concludere
1106 244 1243 275 carceris
1266 244 1374 284 antris,

0 288 4 298 ³
531 292 676 332 Sanctae,
702 296 745 333 tu,
769 294 918 326 lacrimas
942 293 1089 334 fundens,
1114 295 1167 337 pia
1190 299 1267 327 vota
1289 306 1478 338 precesque,

533 343 766 386 Belligerando
790 345 892 377 boans
915 346 1019 385 bellis,
1043 345 1226 387 benedicte,
1250 347 1354 379 beatis

533 393 672 426 Salvasti
696 397 729 426 et
751 396 822 437 regi
843 406 967 428 summo
990 399 1046 428 tua
1069 396 1154 428 dona
1177 397 1303 429 dedisti.

449 458 487 477 ³⁶⁵
532 446 628 482 Quod
650 447 774 489 loquor,
798 449 955 490 agnoscis,
980 449 1131 491 quoniam
1154 452 1210 480 tua
1232 452 1326 491 gesta
1349 452 1519 481 canuntur:

532 497 663 529 Scilicet
684 498 739 530 ille
763 499 864 530 hostis
887 510 959 531 cum
983 500 1084 531 telum
1107 500 1226 532 missile
1249 500 1378 532 vibrans

532 549 722 592 Impositum
745 551 888 592 plaustro
911 551 998 592 iecit,
1021 552 1195 594 prostravit
1217 555 1251 583 et
1272 563 1370 584 unum

531 601 583 633 Ex
606 601 733 633 famulis
755 602 952 645 canibusque
976 603 1053 635 feris
1076 604 1204 635 venatio
1228 604 1314 636 sacta
1337 607 1400 639 est:

534 653 600 684 Sed
623 656 732 685 tamen
755 654 914 686 incassum
938 665 996 686 sua
1018 658 1093 687 tunc
1116 656 1328 698 temptamina
1350 656 1446 690 fudit:

450 717 489 736 ³⁷0
532 704 676 736 Tramite
699 715 774 736 nam
797 705 908 737 reduci
931 706 1006 748 quia
1028 709 1103 748 post
1127 706 1248 738 orando
1271 707 1440 738 reductum

532 754 563 786 A
585 756 698 787 mortis
720 756 863 788 tenebris
885 758 1047 788 revocasti
1067 758 1101 789 in
1122 758 1195 789 luce
1220 758 1404 799 bubulcum,

532 807 730 839 Multimodis
751 808 822 839 aliis
845 819 917 840 cum
941 809 1060 840 sanctis
1082 809 1205 841 artibus
1228 820 1303 841 usus

532 860 607 892 Hoc
628 870 691 891 uno
715 859 827 892 didicit
848 860 1040 892 vincendum
1064 864 1096 893 te
1120 861 1189 893 fore
1212 872 1396 904 numquam.

533 911 561 944 O
585 922 682 954 quam
706 913 895 954 magnificus
918 913 1024 944 fuerat
1046 913 1114 953 tibi,
1138 917 1258 953 sancte,
1281 914 1444 956 magister,
1486 908 1489 911 ’

450 975 488 994 επ»
532 962 690 998 Qualibus
713 973 751 994 ac
773 963 873 1004 signis
896 966 1090 1006 praeceptor
1112 964 1200 995 fulsit
1222 963 1390 996 Amandus

531 1013 592 1046 Ille
617 1017 699 1054 tuus,
724 1024 807 1056 quae
831 1017 863 1046 te
888 1015 987 1046 talem
1010 1015 1117 1047 fecere
1141 1015 1328 1047 ministrum.

531 1065 680 1108 Namque
703 1066 765 1098 tuis
788 1066 888 1108 gestis
912 1066 1078 1098 doctorem
1102 1067 1262 1098 cernimus
1285 1067 1404 1099 almum

531 1117 708 1159 Egregium
730 1117 899 1160 pulchrum
922 1117 1102 1149 mirandum
1125 1118 1378 1160 glorificandum.

531 1169 590 1201 Est
611 1169 689 1201 mihi
712 1168 806 1201 dulce
830 1172 906 1201 tuae
930 1172 1056 1201 textum
1080 1180 1268 1212 percurrere
1292 1171 1388 1209 vitae,

449 1234 488 1254 ιω
533 1220 600 1253 Sed
622 1221 758 1253 retrahit
781 1221 974 1264 complenda
995 1231 1104 1253 meum
1128 1222 1306 1254 modulatio
1329 1233 1485 1264 gressum.

532 1273 582 1305 Ne
606 1276 715 1305 tamen
736 1273 770 1304 hi
793 1283 904 1305 versus
927 1273 986 1305 tibi
1009 1273 1071 1305 sint
1095 1274 1163 1305 sine
1187 1274 1319 1306 foenere
1343 1275 1415 1314 fusi,

532 1324 648 1357 Redde
672 1325 776 1357 vicem
798 1324 1012 1367 precibusque
1037 1325 1099 1357 tuis
1122 1335 1192 1366 me,
1217 1336 1348 1368 quaeso,
1372 1326 1557 1368 gubernans

533 1376 690 1409 Obtineas
712 1377 841 1408 veniam
863 1376 1011 1408 mihimet
1033 1376 1216 1409 miserando
1240 1381 1349 1410 reatus

532 1427 643 1470 Atque
666 1430 722 1460 tuo
746 1428 816 1470 regi
838 1428 964 1460 iunctus
987 1439 1047 1471 per
1069 1429 1178 1461 saecla
1198 1430 1318 1462 valeto.

450 1501 488 1520 ωε
575 1487 670 1520 XIII.
693 1488 820 1531 Tuque,
843 1489 934 1520 locus
955 1489 1044 1529 felix,
1068 1490 1159 1532 regio
1183 1489 1359 1532 fulgentior
1381 1501 1470 1531 auro,

534 1540 698 1572 Illustrata
719 1540 774 1583 pio
797 1540 954 1572 iustorum
976 1541 1108 1582 lumine,
1132 1541 1230 1573 salve.
1408 1583 1410 1585 v

533 1592 697 1635 Plebsque
721 1591 851 1632 decora,
874 1593 952 1624 satis
974 1592 1076 1624 multo
1100 1593 1237 1627 collecta
1259 1592 1371 1625 labore

532 1643 685 1676 Patribus
707 1654 728 1675 a
749 1644 898 1686 geminis,
922 1643 1055 1686 dignum
1079 1647 1140 1685 est,
1162 1647 1199 1676 ut
1221 1644 1359 1676 amando
1382 1645 1536 1687 sequaris,

533 1695 623 1732 Quos
645 1695 706 1728 tibi
728 1695 951 1738 cunctipotens
974 1695 1085 1728 dulces
1107 1696 1230 1739 pietate
1253 1699 1406 1739 patronos

450 1760 490 1779 :m
532 1747 691 1779 Attribuit
714 1747 862 1790 talesque
886 1747 976 1780 dedit
998 1748 1169 1780 miseratus
1192 1748 1323 1780 amicos.

532 1799 576 1831 Et
598 1799 625 1831 si
646 1803 680 1831 te
703 1803 815 1831 noster
837 1799 980 1842 migrans
1002 1799 1065 1831 huc
1087 1809 1222 1842 corpore
1245 1799 1412 1832 Amandus

532 1850 696 1892 Deseruit,
718 1851 851 1891 meritis,
875 1851 903 1883 si
926 1850 1040 1891 credis,
1063 1850 1184 1893 ubique
1207 1851 1383 1894 gubernat;

532 1901 602 1934 Nos
625 1913 754 1946 quoque
778 1902 855 1934 dum
878 1902 1028 1945 precibus
1051 1903 1150 1934 sacris
1172 1903 1359 1945 meritisque
1382 1906 1501 1943 tuetur,

533 1953 582 1986 Te
605 1963 788 1986 memorans
811 1955 909 1986 etiam
931 1957 1042 1996 portas
1065 1953 1123 1986 tibi
1146 1953 1258 1996 pandit
1281 1953 1421 1997 Olympi.

453 2017 492 2037 m
535 2004 687 2037 Plaudito
711 2005 892 2038 dulcisonos
916 2006 1013 2037 tantis
1036 2005 1220 2048 pastoribus
1242 2005 1389 2048 hymnos,

533 2056 585 2089 Ne
608 2057 770 2099 ingratum
793 2057 925 2100 reliquis
948 2057 1102 2100 gregibus
1125 2057 1264 2089 videaris
1287 2058 1382 2090 ovile.

533 2107 685 2140 Carmina
708 2109 919 2141 commiscens
941 2110 1037 2141 cartis
1060 2112 1208 2141 currente
1232 2108 1377 2141 Camena

533 2160 711 2192 Vobiscum
734 2161 877 2193 recinam
900 2161 1062 2204 praebens
1084 2161 1222 2203 insignia
1245 2161 1363 2192 amoris

533 2211 623 2254 Erga
645 2212 718 2244 illos
741 2213 941 2245 monimenta
963 2213 1028 2245 mei
1051 2213 1120 2245 sine
1142 2213 1205 2244 fine
1228 2212 1399 2244 manentis.

451 2275 492 2295 wo
536 2262 624 2300 Quos
649 2263 725 2306 quia
748 2264 936 2306 conspicuos
958 2264 1111 2296 virtutum
1134 2273 1241 2306 penna
1262 2263 1383 2295 levavit

535 2313 705 2346 Sidereum
729 2314 772 2347 ad
793 2325 939 2358 regnum,
963 2315 1055 2347 vobis
1078 2314 1325 2358 properantibus
1348 2315 1422 2346 illuc

533 2366 637 2398 Posse
661 2370 775 2409 patere
798 2367 872 2410 piae
896 2369 1114 2399 monstrarunt
1137 2367 1220 2398 ostia
1242 2367 1343 2402 vitae;

532 2418 594 2450 Ast
617 2428 680 2460 ego
705 2417 829 2450 delictis
852 2421 888 2450 ut
910 2419 1008 2451 saetis
1030 2418 1178 2450 horridus
1202 2418 1318 2458 hircus,

533 2469 700 2512 Tegminis
724 2473 758 2501 et
779 2469 873 2502 nitidi
896 2469 1047 2502 candenti
1069 2470 1191 2502 vellere
1214 2469 1318 2501 nudus

450 2533 490 2553 ⁴⁰0
534 2521 642 2553 Saeva
664 2521 774 2553 trahor
795 2522 932 2553 miserae
955 2521 1157 2553 miserandus
1183 2521 1225 2552 ad
1247 2521 1330 2552 atria
1353 2521 1472 2554 mortis.

273 2668 310 2694 ad
326 2667 379 2695 368
396 2668 525 2702 quendam
542 2668 696 2694 suscitatum
715 2669 749 2694 ab
773 2669 828 2702 ipso
847 2672 970 2694 memorat
985 2669 1014 2693 in
1031 2677 1112 2701 nmq-
1126 2667 1155 2693 Κ
1222 2666 1272 2692 371
1292 2667 1431 2693 bobulcum
1447 2666 1472 2691 V
1535 2666 1588 2693 392
1604 2667 1692 2693 credas
1710 2676 1776 2692 corr.
1791 2666 1821 2692 K

169 2709 221 2737 89⁷
238 2712 317 2738 castis
337 2711 362 2737 V
442 2710 495 2738 898
512 2711 620 2736 retinam
633 2711 658 2736 A

273 2796 411 2825 365-373
430 2795 490 2830 C'fr.
507 2795 551 2821 vit.
570 2794 691 2823 Batonis
708 2795 747 2823 ΙΙ
758 2795 858 2823 15-17
877 2795 923 2828 (Α.
942 2795 990 2823 SS.
1010 2794 1063 2822 Od.
1083 2794 1180 2829 1232).
