2060 3074
470 694 1080 776 HINCMARI
1146 691 1712 775 CARMINA.

373 863 444 909 Dc
456 874 627 906 Hincmari
642 874 867 915 archiepiscopi
883 873 1048 905 Remensis
1063 872 1129 904 vita
1143 871 1183 903 ab
1198 871 1294 903 aliis²
1312 871 1484 903 luculenter
1499 872 1542 902 cst
1557 871 1748 910 czpositum;
1762 871 1918 912 reliquum

269 930 321 966 est,
346 930 379 959 at
402 926 581 959 accuratius
603 926 729 958 dicatur
751 925 788 957 de
811 925 878 957 cius
900 925 1102 957 carminibus.

374 981 401 1011 1.
438 979 548 1018 Periit,
571 981 606 1011 ut
628 989 727 1020 supra
739 979 751 998 ²
773 979 818 1010 est
839 978 1013 1018 (impositum
1028 986 1153 1009 carmen
1169 975 1323 1008 Audrado
1338 975 1465 1007 Modico
1480 976 1552 1006 ante
1567 984 1687 1006 annum
1703 975 1767 1006 845
1782 975 1919 1015 inscrip-

271 1033 345 1069 tum,
368 1031 451 1070 quod
472 1033 540 1063 crat
562 1031 610 1063 De
634 1031 723 1063 fonte
748 1031 845 1062 vitae.

371 1084 401 1114 2.
427 1083 568 1124 Lonyius
590 1082 789 1123 repetendum
811 1083 864 1121 est,
888 1081 965 1121 quid
988 1081 1064 1112 mihi
1085 1080 1122 1112 de
1145 1091 1178 1112 eo
1200 1080 1352 1119 videatur,
1377 1079 1459 1119 quod
1479 1078 1612 1111 secundo
1635 1078 1697 1110 loco
1719 1078 1831 1112 editur.
1876 1079 1920 1111 In

270 1134 370 1166 tribus
385 1135 467 1166 enim
483 1135 674 1166 homiliariis
693 1133 918 1167 Oasinensibus
934 1152 973 1156 —
993 1133 1026 1164 in
1041 1132 1140 1164 codice
1155 1141 1234 1164 saec.
1252 1131 1293 1163 X.
1309 1141 1395 1163 nunc
1409 1131 1596 1162 Matritensi
1605 1130 1618 1150 ³
1639 1130 1673 1162 B
1688 1132 1710 1162 3
1731 1131 1800 1171 (fol.
1820 1131 1921 1170 1799,

270 1187 305 1218 iri
334 1186 433 1218 codice
461 1196 537 1218 saec.
570 1186 676 1227 XJXI.
704 1185 895 1219 Gasinensi4
928 1185 1012 1217 CIX
1039 1184 1123 1225 (pay.
1147 1185 1236 1225 260),
1264 1184 1300 1215 in
1327 1183 1425 1215 codice
1453 1192 1531 1214 saec.
1554 1182 1616 1214 XI.
1643 1182 1831 1215 Gasinensi⁵
1857 1183 1927 1215 ΟΠ

271 1242 353 1279 (paq.
377 1240 456 1279 421)
481 1256 520 1262 —-
543 1241 572 1270 et
594 1239 630 1269 in
651 1238 751 1270 codice
773 1247 850 1269 saec.
875 1237 918 1269 X.
942 1236 1152 1268 Vercellensi⁶
1174 1237 1218 1267 47
1240 1236 1354 1276 legitur
1375 1235 1574 1267 subiunctum
1598 1233 1922 1276 Pseudo-Hieronymi

270 1291 306 1322 cle
321 1291 532 1330 assumptione
547 1291 677 1322 Mariae
691 1289 839 1321 homiliae
851 1290 863 1308 “¹
888 1298 1013 1320 carmen
1028 1288 1208 1326 Hinc-mari,
1231 1297 1291 1328 quo
1308 1287 1385 1319 dicit
1407 1296 1438 1319 se
1461 1287 1618 1318 dedicasse
1633 1286 1763 1319 Mariae
1786 1297 1922 1330 parvum

271 1343 426 1382 libellum,
451 1343 506 1382 qui
527 1343 595 1374 cius
618 1345 746 1374 teneret
769 1344 871 1383 gesta.
910 1340 1034 1373 Similis
1056 1341 1102 1371 est
1123 1339 1217 1371 codex
1238 1349 1315 1371 saec.
1334 1339 1376 1371 X.
1398 1338 1605 1373 Casincnsis³
1631 1339 1665 1378 O,
1689 1339 1744 1379 qui
1765 1339 1923 1380 deficiente

271 1395 399 1426 homilia
419 1405 491 1435 pay.
512 1395 576 1426 205
599 1403 706 1426 versus
728 1393 772 1425 ad
793 1404 820 1425 v.
846 1394 888 1424 72
909 1394 939 1424 et
955 1402 1030 1433 pay.
1053 1393 1117 1424 201
1141 1392 1381 1424 subnexioncm
1404 1391 1555 1429 continet,
1585 1393 1614 1422 ct
1636 1390 1729 1422 codem
1752 1389 1922 1432 ‘antiquus’

278 1446 449 1478 Vaticanus
472 1448 604 1478 ceterum
627 1456 691 1477 non
719 1447 824 1483 notus,
858 1455 896 1476 ez
924 1455 984 1485 quo
1006 1444 1046 1476 A.
1070 1443 1184 1476 Maius
1206 1444 1242 1475 in
1264 1443 1437 1475 Auctorurn
1460 1443 1659 1475 classicorum
1682 1442 1784 1475 V452
1799 1443 1924 1489 'Romae

273 1500 357 1529 1833
388 1499 512 1538 primus
550 1499 645 1529 totum
683 1507 808 1529 carmen
845 1496 951 1528 edidit.
1010 1495 1072 1536 Qui
1104 1495 1220 1527 codices
1253 1495 1296 1527 ad
1328 1495 1410 1526 idem
1442 1504 1546 1526 ornnes
1579 1494 1708 1526 redeunt
1742 1495 1924 1536 exemplum,

273 1551 387 1582 scilicet
409 1550 579 1582 Hincmari
602 1559 679 1591 opus
701 1549 798 1587 illud,
827 1548 864 1580 de
886 1558 946 1588 quo
968 1547 1191 1580 Flodoardus⁹
1213 1557 1356 1579 narrans
1378 1546 1573 1586 resectionem
1596 1546 1739 1578 ecclesiae
1761 1546 1925 1579 Remensis

274 1603 313 1634 ab
340 1603 516 1634 Hincmaro
544 1612 573 1633 a.
602 1603 664 1633 845
693 1603 827 1641 coeptam
855 1600 949 1632 dicit:
984 1599 1131 1632 libellum
1167 1610 1297 1642 quoque
1326 1599 1366 1631 de
1395 1601 1468 1630 ortu
1502 1602 1635 1630 sanctae
1669 1598 1722 1630 dei
1756 1599 1924 1640 genitricis

277 1654 419 1693 Mariae,
451 1654 509 1686 sed
539 1657 572 1685 et
602 1663 787 1685 sermonem
816 1652 904 1684 beati
927 1651 1082 1684 Ieronimi
1111 1651 1152 1683 de
1175 1652 1278 1694 ipsius
1302 1651 1452 1683 dominae
1476 1650 1699 1693 assumptione
1724 1650 1822 1682 scribi
1843 1649 1926 1684 fecit

276 1711 308 1738 et
331 1706 449 1738 tabulis
474 1706 627 1737 eburneis
651 1715 796 1747 auroque
821 1704 947 1736 vestitis
971 1704 1117 1735 munivit.
1162 1703 1212 1735 De
1241 1703 1343 1735 eodem
1373 1712 1462 1742 opere
1484 1712 1570 1734 anno
1591 1703 1655 1734 868
1666 1702 1695 1722 ²⁰
1718 1704 1926 1735 controversui

275 1761 357 1790 mota
372 1760 424 1797 cst,
447 1768 541 1798 quain
555 1767 619 1789 rem
634 1756 838 1789 Flodoardus
850 1756 877 1775 ²¹
900 1756 950 1787 his
965 1755 1068 1787 verbis
1078 1755 1294 1796 persequitur.-
1316 1754 1444 1794 scripsit
1458 1754 1654 1794 Hincmarus
1671 1753 1773 1786 Odoni
1787 1755 1926 1795 episcopo

380 1880 405 1911 1)
426 1878 480 1912 Qui
497 1877 650 1911 nuperrime
668 1877 701 1903 dc
719 1877 869 1903 Hirwmaro
887 1876 995 1903 doctum
1013 1876 1109 1903 libram
1127 1875 1211 1902 edidit
1230 1875 1377 1902 Heinricus
1397 1875 1524 1902 Sehroers
1541 1874 1687 1909 (Frz'buryi
1705 1877 1780 1906 1884)
1800 1890 1831 1895 -
1849 1883 1926 1910 quem

275 1931 312 1957 acl
330 1931 424 1956 librum
442 1930 484 1956 hic
502 1930 580 1956 semel
597 1929 728 1964 deleqasse
745 1929 879 1962 suffecerit
899 1944 939 1963 —‚
958 1929 989 1955 in
1008 1937 1037 1955 eo
1054 1928 1077 1954 is
1094 1929 1181 1962 capite
1199 1929 1270 1962 (pay.
1289 1931 1337 1955 466
1346 1929 1418 1962 sqq),
1437 1935 1489 1961 quo
1507 1935 1576 1961 qaae
1593 1930 1709 1954 'veteram
1726 1927 1828 1961 scripta
1842 1928 1926 1954 ΕΜ·-

276 1990 368 2008 nuti-us
386 1982 470 2016 legerit
482 1984 626 2015 percenset,
647 1983 709 2015 quot
727 1981 804 2007 rerba
823 1983 859 2007 tot
876 1981 930 2013 fere
941 1988 1042 2007 errores
1056 1980 1156 2014 posuit.
1183 1979 1214 2006 E
1225 1980 1320 2013 quibus
1331 1979 1462 2013 quaedam
1479 1979 1622 2006 subicimus
1638 1979 1811 2006 correctiora:
1829 1980 1927 2014 leyerat

278 2035 445 2061 Hiucmarus
469 2043 538 2068 puer
555 2037 586 2060 ut
616 2033 654 2059 ait
683 2033 835 2060 scholarius
862 2032 947 2067 (Opp.
975 2033 1015 2059 ed.
1047 2031 1207 2059 Sirmondus
1231 2031 1349 2058 Parisiis
1373 2035 1434 2058 1645
1459 2031 1496 2057 H
1506 2033 1566 2065 481)
1593 2031 1783 2066 cynegeticon
1810 2031 1925 2058 Cartha-

276 2086 400 2121 ginensis
414 2086 519 2113 Aurelii
536 2086 554 2112 i.
574 2094 595 2112 e.
614 2085 770 2112 Nemesiani
787 2085 838 2118 (etl.
858 2085 995 2112 Baehrens
1013 2085 1083 2111 Poet.
1104 2085 1149 2111 lat.
1167 2084 1232 2111 miii.
1252 2084 1308 2110 III
1312 2087 1374 2117 190,·
1394 2083 1537 2110 Hincmari
1554 2083 1640 2110 locam
1655 2083 1763 2117 primus
1786 2082 1928 2110 adnotavit

279 2139 425 2172 Pithoeus),
445 2146 457 2164 e
474 2146 527 2171 quo
541 2138 644 2172 primos
661 2137 728 2164 duos
746 2145 834 2164 versus
852 2137 938 2170 affert,
953 2137 1073 2172 priorem
1091 2137 1211 2163 consulto
1227 2139 1259 2163 at
1271 2136 1336 2163 solet
1349 2136 1512 2162 inmutatum
1517 2142 1527 2168 ,·
1545 2135 1575 2161 ib.
1597 2135 1634 2162 H
1639 2139 1687 2162 476
1705 2135 1794 2162 utitur
1811 2135 1928 2162 versibus

278 2199 290 2216 c
314 2190 530 2216 monostichorum
554 2197 682 2224 synagyoqe
706 2189 866 2223 depromptis
888 2189 970 2222 iisque
996 2189 1030 2214 ab
1052 2189 1109 2222 ipso
1133 2188 1230 2215 Catoni
1258 2187 1401 2221 adscriptis
1423 2187 1472 2220 (ed.
1498 2187 1638 2214 Baehrens
1660 2188 1676 2213 l.
1700 2195 1721 2215 c.
1746 2187 1800 2214 ΙΙΙ
1814 2190 1862 2214 236
1874 2195 1927 2221 sqq.

280 2246 317 2268 10.
330 2246 368 2269 35.
381 2243 422 2275 59)
428 2252 437 2275 ‚-
455 2242 542 2268 locum
561 2241 594 2267 de
614 2241 734 2268 Leonide
752 2240 903 2267 Alexandri
921 2241 1020 2275 Mayni
1038 2241 1164 2275 mayistro
1182 2240 1262 2274 (ΟΜ).
1283 2240 1322 2266 ΙΙ
1330 2243 1385 2267 185.
1398 2241 1458 2273 201)
1475 2239 1544 2266 debet
1563 2239 1721 2274 Hieronymi
1739 2239 1864 2273 effistolae
1882 2243 1930 2267 107

277 2294 327 2327 (al.
354 2294 418 2321 Vall.
437 2294 529 2325 1682,·
552 2302 612 2320 cam
630 2293 774 2320 simonae
791 2293 992 2327 Schroersioque
1015 2293 1112 2320 erravit
1134 2293 1212 2319 etiami
1239 2292 1316 2319 Prvu
1337 2292 1368 2318 in
1391 2291 1536 2318 Hiowmari
1559 2291 1662 2318 Palatii
1684 2291 1788 2318 ordinis
1812 2291 1929 2319 editione

280 2346 396 2373 Parisiis
421 2347 512 2379 1884);
542 2345 708 2379 Quintiliani
732 2354 812 2380 quam
834 2346 919 2372 nescio
943 2354 981 2372 mn
1002 2353 1034 2371 ex
1058 2346 1219 2379 Hieronymo
1242 2344 1334 2371 laudet
1356 2344 1574 2377 controversiam,
1597 2343 1739 2377 personati
1762 2343 1930 2377 Quintiliani

279 2398 434 2423 declarantia
452 2397 538 2424 maior
550 2400 586 2423 est
601 2397 689 2424 XIII
690 2408 698 2431 ;
716 2398 844 2424 Senecam
861 2398 935 2424 noivit
951 2397 995 2424 sed
1008 2398 1071 2424 item
1080 2400 1254 2433 personatum
1269 2396 1335 2431 Opp.
1351 2397 1389 2423 II
1393 2400 1453 2429 476;
1470 2399 1577 2430 sumpta
1595 2405 1614 2422 a
1631 2404 1659 2422 se
1677 2399 1813 2429 tamquam
1825 2404 1838 2422 e
1850 2395 1928 2423 libris

279 2449 455 2484 physicorum
471 2449 538 2483 Opp.
552 2450 589 2476 II
596 2454 649 2484 154,
669 2458 702 2477 ex
721 2449 906 2477 arithmeticis
924 2449 991 2484 Opp.
1010 2450 1031 2476 I
1034 2453 1090 2483 462,
1109 2457 1122 2476 e
1134 2449 1252 2484 paganis
1271 2449 1303 2475 de
1319 2449 1409 2483 magia
1427 2447 1587 2475 doctoribus
1602 2447 1667 2481 Opp.
1682 2447 1752 2474 1655
1769 2447 1806 2474 ad
1824 2448 1929 2474 oerbum

279 2502 369 2527 omnia
382 2502 521 2527 transtulit
539 2509 570 2528 em
583 2501 681 2528 Isidori
694 2502 834 2537 Oriqinum
851 2502 920 2528 XII
926 2506 946 2535 7,
967 2502 1052 2535 1Π5,
1069 2502 1104 2528 ib.
1126 2505 1146 2535 7,
1166 2501 1244 2528 VHI
1250 2506 1271 2528 9.
1292 2516 1324 2520 —
1341 2501 1385 2527 De
1403 2501 1554 2527 carminum
1567 2499 1699 2527 codicibus
1711 2499 1759 2533 cfr.
1774 2499 1929 2527 Dnemmler

281 2553 316 2579 N.
337 2554 371 2580 A.
386 2553 432 2579 IV
441 2557 490 2580 536
499 2562 551 2587 sqq.
641 2554 668 2588 2)
688 2555 755 2588 Pay.
774 2558 805 2581 69
822 2554 885 2581 adm.
904 2557 926 2581 3.
1015 2554 1042 2588 3)
1067 2553 1220 2581 Baalwthec.
1236 2556 1309 2587 patr.
1329 2553 1391 2579 Lat.
1412 2552 1587 2586 Hispaniens.
1605 2551 1660 2578 edd.
1680 2551 1774 2578 Loewe
1790 2554 1814 2578 et
1831 2551 1930 2578 Παντεῖ

281 2605 353 2631 1367
359 2613 412 2638 sqq.
490 2606 518 2638 4)
538 2605 688 2633 Bibliothec.
703 2606 839 2633 Casinens.
854 2606 891 2632 II
897 2610 952 2633 476.
1032 2606 1060 2640 5)
1078 2605 1146 2633 Ibid.
1165 2606 1263 2632 11424.
1343 2606 1370 2638 6)
1393 2605 1510 2631 Gazzera
1525 2604 1649 2631 Memoria
1661 2603 1730 2630 dena
1742 2612 1764 2631 r.
1777 2603 1929 2631 accademia

280 2656 308 2681 di
325 2656 422 2682 Tin-ino
433 2664 482 2683 ser.
498 2657 537 2684 ΙΙ.
559 2660 617 2684 torn.
635 2657 685 2684 XI
693 2658 791 2684 scienee
802 2658 905 2691 morali,
925 2658 1033 2684 stoviche
1046 2666 1059 2685 e
1069 2658 1161 2692 filoloy.
1180 2658 1261 2685 Taur.
1275 2661 1334 2684 1851
1351 2665 1411 2691 paq.
1424 2660 1482 2683 256.
1554 2657 1581 2689 7)
1601 2655 1654 2682 Ed.
1674 2655 1820 2683 Vallarsius
1834 2655 1928 2682 X192.

281 2709 307 2739 8)
337 2708 484 2734 Ribliothec.
511 2709 648 2736 Casinam.
668 2710 704 2736 11
717 2713 767 2737 408
776 2718 812 2744 sq.
929 2711 957 2744 9)
980 2710 1083 2737 Hister.
1107 2710 1228 2737 Remens.
1253 2710 1306 2736 III
1312 2714 1327 2736 5
1351 2709 1406 2735 edd.
1432 2708 1521 2735 Hellen·
1545 2711 1568 2735 ct
1595 2708 1680 2735 Waitz
1702 2708 1748 2734 SS.
1776 2708 1859 2734 XIII
1872 2711 1928 2735 478.

283 2760 326 2792 10)
346 2760 401 2792 (Tr.
421 2760 540 2786 Schroers
554 2769 616 2794 pag).
637 2766 683 2789 168
701 2762 764 2788 adn.
779 2766 825 2788 103
842 2765 866 2788 ct
881 2770 942 2796 paq.
961 2766 1009 2788 575
1028 2762 1091 2789 adn.
1113 2766 1157 2795 93‚·
1175 2762 1267 2788 haeret
1285 2764 1372 2788 tannen
1389 2761 1541 2794 scrupulus,
1561 2761 1625 2794 quia-
1643 2760 1720 2794 ‹zymd
1738 2759 1928 2786 Flodoardum

281 2811 327 2837 hoc
345 2812 398 2837 Ioco
415 2814 570 2844 reacstorum
591 2815 668 2839 tenor
685 2814 808 2840 turbatus
827 2814 935 2840 ridetur.
1046 2815 1089 2847 11)
1108 2814 1141 2841 L.
1160 2822 1180 2840 c.
1200 2814 1292 2840 11123
1306 2822 1369 2847 pay.
1388 2816 1442 2840 530.

1919 2857 1942 2888 ’ἶ
