2060 3074
271 158 290 187 6
299 157 335 186 10
926 149 1079 177 MILONIS
1097 150 1274 177 CARMINA.

636 237 729 268 Haec
753 238 847 278 pater
870 238 903 266 et
926 235 1084 275 dominus,
1108 235 1306 267 Gameracae
1330 236 1433 277 gloria
1456 236 1572 278 plebis,

682 288 859 319 Teudricus
882 287 940 318 tali
962 287 1058 319 laude
1083 287 1194 319 beavit
1217 297 1332 320 ovans:

639 340 802 372 ‘Carmina
825 339 991 371 dulcisono
1014 339 1149 371 nimium
1171 340 1332 371 currentia
1354 340 1490 382 plectr0‚

679 391 789 433 Digna
810 394 941 423 manete
964 391 1051 433 polo,
1066 393 1183 435 'macta
1203 391 1311 423 valete
1334 391 1420 424 deo'.

566 457 589 475 ιε.
633 443 789 475 Praebuit
810 443 860 474 his
883 443 1035 486 stipulam
1057 443 1243 485 praeclarus
1266 444 1437 486 episcopus
1460 444 1588 484 13me

678 494 828 536 Affigens
851 494 960 536 digitis
983 495 1118 537 pulchra
1142 495 1305 527 elementa
1327 496 1402 527 suis.

637 546 730 578 Haec
752 550 846 589 pater
868 550 902 578 et
923 543 1034 589 pastor
1056 547 1143 578 clero
1167 547 1368 589 gratissimus
1392 548 1479 579 omni

680 598 769 630 Mitis
791 598 976 630 Adalardus
1000 599 1118 630 extulit
1141 609 1196 630 ore
1220 600 1284 642 pio.

636 650 730 682 Haec
752 654 826 682 tuus
847 651 995 693 haecque
1017 661 1109 682 meus
1131 650 1303 683 Haiminus
1325 652 1395 683 iure
1418 652 1583 694 magister,

565 715 590 734 20
678 702 752 739 Quo
776 702 869 744 duee,
893 703 1042 743 fimavit,
1067 702 1162 735 devia
1184 713 1281 735 nemo
1304 704 1397 746 petit.

639 754 783 797 Corpore
806 754 1043 797 praemodicus,
1066 754 1126 786 sed
1147 755 1264 786 mentis
1287 755 1436 787 acumine
1460 765 1596 797 magnus

682 806 870 849 Teudingus
895 806 1044 838 dextram
1066 806 1217 849 praebuit
1238 807 1309 848 ipse
1332 817 1434 840 suam.

638 858 730 895 Quae
755 859 879 900 domus,
903 869 971 900 oro,
994 861 1068 890 ruat
1090 859 1188 890 tantis
1211 858 1341 890 suffulta
1364 859 1544 891 columnis?

681 911 832 942 Flumina
853 911 942 942 nulla
963 913 1073 953 pavet,
1096 911 1227 942 flamina
1249 911 1338 942 nulla
1360 912 1463 943 timet.

567 975 592 995 25
637 962 703 994 Sed
727 965 837 994 tamen
859 965 896 994 ut
917 972 1070 994 numerus
1093 965 1247 1004 septenus
1271 963 1313 994 sit
1333 963 1507 1005 perfectus,

683 1015 830 1057 Septima
852 1025 923 1046 sum
945 1017 1043 1055 tecto,
1067 1014 1156 1053 Milo,
1182 1015 1331 1046 columna
1353 1018 1420 1047 tuo.

641 1066 723 1098 Sunt
745 1065 897 1108 equidem
918 1068 1028 1097 nostro
1051 1068 1108 1097 tua
1132 1066 1274 1097 carmina
1298 1066 1397 1108 digna
1419 1069 1557 1109 patrono

685 1118 810 1150 Iudicio
832 1120 954 1158 nostro,
979 1117 1068 1149 cuius
1091 1118 1215 1149 honore
1238 1118 1368 1150 micant.

639 1171 768 1212 Virgilii
790 1170 924 1212 pulchro
948 1180 1039 1201 suras
1061 1170 1127 1201 iam
1150 1170 1244 1212 cinge
1268 1173 1411 1210 coturno,

570 1236 595 1255 ao
683 1222 749 1254 Sed
773 1232 891 1265 supere¹
914 1222 1030 1254 falsum
1053 1232 1132 1254 vera
1155 1221 1301 1254 canendo
1325 1223 1437 1255 virum.

1082 1455 1126 1487 H.

641 1517 768 1548 Lumen
790 1516 823 1547 in
846 1517 1012 1557 aethereo,
1037 1526 1100 1558 quo
1124 1516 1228 1548 clarus
1250 1516 1391 1557 haberis,
1416 1516 1557 1559 Olympo

684 1568 873 1599 Monstrasti
895 1568 1074 1609 monachis,
1097 1568 1228 1610 praesul
1251 1567 1412 1609 Amande,
1437 1569 1509 1600 tuis.

642 1620 694 1652 Da
717 1620 844 1651 famulis
868 1620 992 1651 ambire
1016 1623 1092 1652 tuae
1116 1620 1277 1651 consortia
1299 1620 1397 1661 vitae,

684 1671 729 1703 Ut
751 1672 882 1704 valeant
905 1672 997 1703 donis
1020 1672 1215 1714 participare
1239 1672 1311 1705 tuis.

1079 1906 1140 1938 III.

1099 1977 1108 1998 1

551 2028 750 2065 KAROLO
777 2029 1080 2066 IMPERATORI
1109 2029 1335 2066 AUGUSTO
1362 2029 1664 2067 HUCBALDUS.

644 2104 755 2136 Aurea
777 2104 834 2135 lux
856 2104 978 2146 mundi,
1000 2104 1199 2137 Francorum
1222 2105 1325 2147 gloria
1347 2105 1450 2147 regni,

689 2156 805 2188 Inclite
829 2155 961 2198 Caesar,
985 2167 1056 2198 ave,
1081 2167 1155 2200 spes
1180 2159 1214 2189 et
1236 2157 1340 2189 honor
1362 2157 1498 2200 patriae.

585 2216 588 2218 ’
644 2208 675 2239 A
700 2209 829 2251 proavis
853 2219 972 2240 nomen
994 2209 1148 2250 retinens,
1171 2209 1294 2251 pariter
1317 2219 1446 2252 quoque
1470 2219 1590 2241 numen

690 2259 792 2292 Carus
815 2260 1005 2293 christicolis
1029 2260 1164 2293 Carolus
1188 2271 1223 2293 es
1245 2261 1385 2304 populis,

385 2406 415 2431 11
435 2415 584 2432 cameracae
603 2407 629 2431 V
712 2406 745 2432 15
762 2405 855 2440 emmo]
876 2407 928 2432 imo
943 2406 969 2432 A

385 2492 441 2526 [IL]
467 2493 538 2519 Milo
560 2492 592 2519 de
617 2493 706 2520 elevat.
726 2492 752 2519 S.
766 2492 889 2520 Amcmdi
905 2501 927 2520 c.
942 2496 959 2519 2
983 2492 1030 2527 (Δ.
1044 2492 1090 2520 SS.
1113 2492 1192 2520 Febr.
1212 2493 1296 2520 1893
1310 2504 1342 2516 =
1355 2493 1452 2528 Miqne
1470 2495 1600 2527 121‚982).·
1622 2493 1710 2520 finitis
1729 2493 1934 2520 matutinorum

281 2543 414 2570 solenniis
432 2552 465 2571 ac
483 2544 528 2571 die
547 2544 603 2571 iam
623 2545 794 2572 clarescente
818 2546 863 2579 (sc.
883 2549 923 2572 20.
939 2545 1011 2579 Sept.
1033 2547 1095 2580 855)
1113 2545 1232 2580 vulgata
1253 2545 1322 2572 facti
1347 2546 1422 2572 fama
1445 2547 1490 2579 (sc.
1509 2553 1597 2572 cereos
1613 2545 1650 2572 ad
1667 2545 1694 2572 S.
1707 2545 1831 2572 Amandi
1847 2545 1938 2579 sepul-

281 2602 355 2621 erum
379 2595 509 2622 divinitus
533 2603 586 2623 esse
605 2598 743 2631 accensos)
771 2605 853 2624 omne
876 2597 1076 2624 monachorum
1100 2605 1202 2632 agmen
1226 2597 1256 2624 in
1280 2597 1424 2624 basilicam
1452 2597 1531 2624 venit
1557 2598 1643 2631 atque
1670 2597 1792 2624 trinitati
1819 2596 1936 2623 excelsis

282 2646 411 2672 laudibus
436 2647 605 2680 vocibusque
633 2648 821 2676 iubilantibus
849 2649 995 2676 benedixit
1014 2670 1019 2676 .
1038 2649 1185 2676 missarum
1213 2649 1314 2676 deinde
1339 2649 1467 2676 solennia
1493 2658 1544 2684 pro
1567 2648 1691 2675 eiusdem
1715 2649 1820 2675 honore
1846 2648 1936 2683 patris

282 2698 356 2724 ultra
375 2699 487 2725 solitum
507 2699 685 2727 devotissime
703 2700 833 2735 implevit
851 2722 857 2728 .
880 2702 959 2728 cuius
985 2701 1194 2736 inexplicabilis
1217 2701 1354 2728 melodiae
1377 2701 1549 2728 cantilenam
1568 2700 1676 2727 diutius
1694 2700 1864 2735 protelatam
1883 2708 1936 2735 ego

282 2750 355 2784 ipse,
375 2751 423 2784 qui
443 2751 511 2778 haec
530 2751 668 2785 describo,
687 2762 779 2780 coram
798 2754 905 2788 positus
924 2755 953 2780 et
971 2754 1068 2781 audivi
1088 2754 1204 2781 auribus
1223 2755 1252 2781 et
1270 2754 1365 2788 ignem
1388 2754 1476 2781 oculis
1494 2753 1552 2780 vidi
1571 2754 1657 2787 atque
1675 2753 1725 2779 hos
1744 2751 1831 2779 etiam
1848 2753 1934 2780 versi-

281 2802 356 2829 culos
375 2803 402 2828 in
422 2803 489 2837 ipsis
508 2804 688 2832 concentibus
707 2807 787 2833 tanto
807 2806 933 2840 pontifici
953 2807 1027 2834 dixi:
1047 2807 1181 2834 Lumen
1199 2822 1234 2826 —
1252 2806 1333 2834 tuis.
1892 2843 1903 2852 ·

1880 2851 1901 2874 Ἰ
