2138 3106
734 161 873 188 NENIAE
891 162 915 188 A
933 163 1073 190 MICONE
1092 164 1313 192 CONLECTAE.
1783 171 1845 202 313

988 292 1060 326 XL.

920 354 994 390 ΙΤ
1021 356 1050 391 Ε
1077 356 1124 392 Μ.

559 425 715 458 Israhelis
739 427 860 469 tegitur
883 428 943 460 sub
968 432 1060 471 petra
1082 429 1142 462 hac
1167 441 1283 473 eorpus
1307 432 1489 465 humatum:

604 478 712 521 Ipsius
735 479 870 512 immota
893 491 977 521 ossa,
1001 492 1128 524 precor,
1152 488 1316 524 maneant,

562 529 678 562 Donec
702 531 840 563 exiliant
863 533 1030 564 concussis
1055 545 1190 576 corpora
1213 535 1327 575 bustis,

603 582 683 614 Cum
708 582 826 625 quibus
851 586 884 615 et
907 585 1029 626 pariter
1052 588 1129 617 tunc
1152 597 1290 629 propere
1315 589 1418 619 saliet.

510 641 525 659 ὁ
559 634 652 665 Nono
677 635 775 666 etiam
800 634 926 667 decimo
952 635 1164 679 Septembris,
1190 638 1329 679 Christe,
1354 639 1522 671 Kalendas

605 685 784 723 Occubuit;
809 687 914 719 tribue
938 688 1014 719 huie
1038 690 1168 721 veniam
1192 691 1323 723 famulo.

974 842 1065 876 XLI.

917 905 991 941 ΙΤ
1017 905 1046 941 Ε
1073 906 1120 942 Μ.

563 977 923 1020 Sarcofago'recubant
946 980 1072 1012 Sieheri
1095 980 1240 1012 membra
1264 982 1324 1013 sub
1348 983 1420 1022 isto,

602 1029 753 1072 Tempsit
775 1031 829 1074 qui
852 1032 963 1064 mundi
986 1032 1121 1064 delicias
1145 1033 1263 1075 cupidi,

561 1081 672 1113 Fieret
694 1085 731 1113 ut
754 1082 876 1114 Christi
899 1084 1076 1116 monachus
1099 1095 1157 1126 pro
1180 1085 1310 1117 nomine
1335 1097 1468 1128 pauper,

601 1132 787 1166 Caelestem
810 1135 931 1177 pariter
954 1139 1103 1178 carperet
1126 1146 1164 1167 ac
1187 1137 1336 1178 patriam.

512 1191 524 1209 ⁵
558 1184 643 1217 Nam
667 1185 802 1218 decimis
826 1187 907 1218 obiit
931 1187 1179 1230 Septembribus
1201 1188 1272 1230 ipse
1296 1188 1469 1225 Kalendis3

603 1237 665 1269 Cui
689 1237 843 1278 clemens,
868 1238 1008 1279 Christe,
1033 1242 1067 1271 tu
1091 1239 1220 1271 veniam
1243 1240 1359 1272 tribue.

965 1395 1071 1427 XLII.

920 1459 936 1495 I
962 1459 994 1495 T
1020 1459 1050 1495 E
1079 1459 1126 1495 M.

558 1530 632 1562 Hoc
654 1542 715 1574 per
737 1533 809 1572 iter,
833 1533 948 1575 rogito,
972 1533 1026 1575 qui
1049 1533 1157 1576 pergis
1180 1533 1251 1571 rite,
1274 1533 1391 1570 viator,

600 1582 775 1626 Paulisper
797 1585 885 1624 siste,
909 1585 996 1616 hunc
1020 1585 1214 1626 titulumque
1237 1584 1321 1625 lege.
1391 1627 1393 1629 η

558 1633 668 1676 Ipsum
690 1640 910 1679 perspectum,
930 1637 1072 1679 supplex
1095 1647 1276 1670 memorare
1301 1636 1432 1678 sepulti,

602 1686 876 1730 ‘Stainhardi’que
901 1689 974 1731 pius
998 1688 1048 1720 die
1073 1689 1249 1727 ‘miserere,
1273 1687 1364 1727 deus,

510 1744 522 1762 ⁵
559 1737 622 1774 Qui
646 1739 732 1771 iacet
754 1740 787 1771 in
812 1740 938 1772 tumulo
962 1740 1141 1772 tumulatus
1166 1749 1255 1771 more
1279 1743 1425 1781 paterno,

600 1790 708 1832 Ipsius
730 1802 768 1823 ae
791 1792 920 1824 animae
944 1791 986 1824 da
1009 1792 1148 1831 veniam,
1172 1789 1322 1823 domine.’

560 1841 694 1874 Oetonis
718 1842 862 1885 obiitque
886 1843 1083 1875 Novembris
1106 1853 1188 1885 pace
1211 1841 1385 1878 Kalendis;

603 1893 704 1926 Cuius
727 1898 887 1937 perpetua
909 1895 951 1926 sit
974 1895 1103 1937 requies
1127 1894 1266 1926 animae.

957 2057 1082 2090 XLIII.

919 2121 933 2156 Ι
961 2121 992 2156 T
1019 2120 1047 2156 E
1072 2120 1120 2156 M.

557 2195 630 2228 Hoc
654 2197 740 2228 iacet
765 2197 797 2228 in
822 2196 945 2227 tumulo
970 2195 1150 2227 tumulatus
1174 2194 1304 2226 nomine
1328 2194 1424 2233 Luto,

605 2247 778 2279 Veridicus
803 2247 928 2279 iuvenis
952 2247 1171 2289 pacificusque
1195 2247 1274 2278 suis.

559 2299 644 2331 Astu
668 2299 812 2342 pollebat
834 2299 934 2331 saecli
959 2299 1143 2341 populoque
1168 2297 1306 2330 sedebat

602 2351 729 2383 Nobilis
752 2362 790 2383 ao
813 2362 935 2393 genere
961 2349 1223 2392 splendidiorque
1248 2349 1321 2382 fide.

509 2410 520 2428 ⁵
557 2403 610 2435 Ad
634 2404 725 2435 cuius
751 2403 910 2436 tumulum
933 2403 1041 2434 luctus
1065 2402 1242 2434 resonabat
1265 2411 1393 2432 amarus

600 2455 834 2497 Lugentesque
859 2455 921 2494 sui,
946 2454 1041 2494 eheu,
1066 2464 1162 2496 quam
1187 2453 1330 2484 nimium.

298 2583 372 2618 [XL]
394 2586 404 2611 l
426 2587 522 2619 regitur
540 2587 566 2612 B
582 2596 649 2612 corr.
668 2587 768 2612 Bethm.

294 2626 382 2662 [XM]
403 2629 416 2654 l
435 2630 587 2655 recumbant
604 2630 630 2655 Β

294 2670 408 2704 [XLIII]
425 2672 442 2698 6
459 2673 515 2698 suis
532 2682 599 2699 corr.
619 2673 644 2699 B

293 2746 368 2781 [XL]
390 2748 489 2775 Israhel
503 2749 614 2782 formem
630 2749 698 2776 idem
715 2751 752 2776 est
770 2756 846 2782 quem
863 2747 935 2774 inter
952 2746 1065 2774 nomina
1078 2745 1198 2772 militum
1211 2744 1379 2771 monasterio
1392 2744 1546 2772 beatissimi
1565 2745 1689 2772 Richarii
1703 2745 1839 2772 famulan-

191 2797 261 2824 tium
280 2798 429 2831 Har-{ulfus
447 2807 480 2827 ex
496 2800 669 2835 descriptione
687 2801 793 2827 Centau
810 2801 857 2827 831
877 2799 953 2832 facta
971 2798 1059 2831 adfert
1078 2797 1175 2824 Chron.
1196 2797 1267 2823 Cent.
1288 2797 1345 2829 III,
1357 2798 1388 2830 3,·
1405 2797 1548 2823 monachus
1565 2800 1632 2824 certe
1649 2806 1704 2823 mm
1721 2797 1782 2830 fuit.

295 2846 398 2874 ΡοετΑε
417 2856 500 2874 numi
521 2857 579 2875 nzvi
597 2849 722 2876 cinnum
741 2848 825 2878 111.2.
1602 2845 1637 2872 40
