<?xml version="1.0" encoding="UTF-8"?>
<!DOCTYPE html PUBLIC "-//W3C//DTD XHTML 1.0 Transitional//EN"
    "http://www.w3.org/TR/xhtml1/DTD/xhtml1-transitional.dtd">
<html xmlns="http://www.w3.org/1999/xhtml" xml:lang="en" lang="en">
 <head>
  <title>
</title>
<meta http-equiv="Content-Type" content="text/html;charset=utf-8" />
  <meta name='ocr-system' content='tesseract 3.04.00' />
  <meta name='ocr-capabilities' content='ocr_page ocr_carea ocr_par ocr_line ocrx_word'/>
</head>
<body>
  <div class='ocr_page' id='page_1' title='image "./monumentagerma03geseuoft/monumentagerma03geseuoft_0450.png"; bbox 0 0 2060 3074; ppageno 0'>
   <div class='ocr_carea' id='block_1_1' title="bbox 242 145 1227 178">
    <p class='ocr_par' dir='ltr' id='par_1_1' title="bbox 242 145 1227 178">
     <span class='ocr_line' id='line_1_1' title="bbox 242 145 1227 178; baseline -0.007 0"><span class='ocrx_word' id='word_1_1' title='bbox 242 149 302 178; x_wconf 77' lang='lat'>434</span> <span class='ocrx_word' id='word_1_2' title='bbox 897 145 1034 172; x_wconf 80' lang='lat' dir='ltr'>HEIRIOI</span> <span class='ocrx_word' id='word_1_3' title='bbox 1053 145 1227 172; x_wconf 87' lang='lat' dir='ltr'>CARMINA.</span> 
     </span>
    </p>
   </div>
   <div class='ocr_carea' id='block_1_2' title="bbox 590 232 1410 327">
    <p class='ocr_par' dir='ltr' id='par_1_2' title="bbox 590 232 1410 327">
     <span class='ocr_line' id='line_1_2' title="bbox 657 232 1410 275; baseline 0.001 -12"><span class='ocrx_word' id='word_1_4' title='bbox 657 232 768 275; x_wconf 89' lang='lat' dir='ltr'>Ipsum</span> <span class='ocrx_word' id='word_1_5' title='bbox 792 232 1114 271; x_wconf 87' lang='lat' dir='ltr'>HPOTOTYHON,</span> <span class='ocrx_word' id='word_1_6' title='bbox 1140 232 1280 264; x_wconf 89' lang='lat' dir='ltr'>eundem</span> <span class='ocrx_word' id='word_1_7' title='bbox 1303 233 1410 275; x_wconf 90' lang='lat' dir='ltr'>ipsum</span> 
     </span>
     <span class='ocr_line' id='line_1_3' title="bbox 590 284 1375 327; baseline 0.001 -11"><span class='ocrx_word' id='word_1_8' title='bbox 590 297 615 316; x_wconf 80' lang='lat'>42</span> <span class='ocrx_word' id='word_1_9' title='bbox 654 285 828 316; x_wconf 86' lang='lat' dir='ltr'>Affirmant</span> <span class='ocrx_word' id='word_1_10' title='bbox 850 285 1015 323; x_wconf 78' lang='lat' dir='ltr'>nichilum,</span> <span class='ocrx_word' id='word_1_11' title='bbox 1039 284 1111 326; x_wconf 89' lang='lat' dir='ltr'>plus</span> <span class='ocrx_word' id='word_1_12' title='bbox 1134 287 1171 315; x_wconf 92' lang='lat' dir='ltr'>ut</span> <span class='ocrx_word' id='word_1_13' title='bbox 1195 288 1375 327; x_wconf 78' lang='lat' dir='ltr'><strong>stupescas.</strong></span> 
     </span>
    </p>
   </div>
   <div class='ocr_carea' id='block_1_3' title="bbox 593 361 1424 655">
    <p class='ocr_par' dir='ltr' id='par_1_3' title="bbox 656 361 1424 611">
     <span class='ocr_line' id='line_1_4' title="bbox 656 361 1337 404; baseline 0 -11"><span class='ocrx_word' id='word_1_14' title='bbox 656 361 1002 404; x_wconf 85' lang='lat' dir='ltr'>Incomprehensibilis</span> <span class='ocrx_word' id='word_1_15' title='bbox 1027 361 1113 404; x_wconf 93' lang='lat' dir='ltr'>quod</span> <span class='ocrx_word' id='word_1_16' title='bbox 1137 365 1228 394; x_wconf 84' lang='lat' dir='ltr'>extet</span> <span class='ocrx_word' id='word_1_17' title='bbox 1251 363 1337 394; x_wconf 87' lang='lat' dir='ltr'>omni</span> 
     </span>
     <span class='ocr_line' id='line_1_5' title="bbox 658 413 1424 459; baseline 0.003 -15"><span class='ocrx_word' id='word_1_18' title='bbox 658 413 804 445; x_wconf 80' lang='lat' dir='ltr'>Naturae</span> <span class='ocrx_word' id='word_1_19' title='bbox 830 424 989 456; x_wconf 87' lang='lat' dir='ltr'>superans</span> <span class='ocrx_word' id='word_1_20' title='bbox 1013 414 1192 459; x_wconf 84' lang='grc' dir='ltr'><em>ΝΟΕΡΟΣ</em></span> <span class='ocrx_word' id='word_1_21' title='bbox 1210 415 1392 446; x_wconf 81' lang='grc' dir='ltr'><em>ΛΟῙῸΣΤ</em></span> <span class='ocrx_word' id='word_1_22' title='bbox 1389 415 1424 446; x_wconf 88' lang='grc' dir='ltr'>Ε.</span> 
     </span>
     <span class='ocr_line' id='line_1_6' title="bbox 659 464 1371 508; baseline 0.001 -11"><span class='ocrx_word' id='word_1_23' title='bbox 659 464 722 501; x_wconf 88' lang='lat' dir='ltr'>Qui</span> <span class='ocrx_word' id='word_1_24' title='bbox 746 465 822 497; x_wconf 89' lang='lat' dir='ltr'>dum</span> <span class='ocrx_word' id='word_1_25' title='bbox 845 476 911 497; x_wconf 92' lang='lat' dir='ltr'>non</span> <span class='ocrx_word' id='word_1_26' title='bbox 935 466 1072 508; x_wconf 87' lang='lat' dir='ltr'>capitur,</span> <span class='ocrx_word' id='word_1_27' title='bbox 1095 465 1196 497; x_wconf 87' lang='lat' dir='ltr'><strong>nichil</strong></span> <span class='ocrx_word' id='word_1_28' title='bbox 1219 469 1371 502; x_wconf 58' lang='lat' dir='ltr'>vocatum</span> 
     </span>
     <span class='ocr_line' id='line_1_7' title="bbox 656 516 1250 560; baseline 0 -11"><span class='ocrx_word' id='word_1_29' title='bbox 656 516 806 559; x_wconf 82' lang='lat' dir='ltr'>Apparet</span> <span class='ocrx_word' id='word_1_30' title='bbox 829 518 957 560; x_wconf 88' lang='lat' dir='ltr'>quoties</span> <span class='ocrx_word' id='word_1_31' title='bbox 985 518 1250 556; x_wconf 80' lang='grc' dir='ltr'><em>ΘΕΩΦΛΝΙΙΣ,</em></span> 
     </span>
     <span class='ocr_line' id='line_1_8' title="bbox 657 569 1361 611; baseline 0.003 -11"><span class='ocrx_word' id='word_1_32' title='bbox 657 569 696 600; x_wconf 93' lang='lat' dir='ltr'>In</span> <span class='ocrx_word' id='word_1_33' title='bbox 720 569 874 611; x_wconf 83' lang='lat' dir='ltr'><strong>quiddam</strong></span> <span class='ocrx_word' id='word_1_34' title='bbox 898 580 940 601; x_wconf 88' lang='lat' dir='ltr'>ex</span> <span class='ocrx_word' id='word_1_35' title='bbox 963 570 1083 601; x_wconf 90' lang='lat' dir='ltr'>nichilo</span> <span class='ocrx_word' id='word_1_36' title='bbox 1106 570 1219 601; x_wconf 88' lang='lat' dir='ltr'>venire</span> <span class='ocrx_word' id='word_1_37' title='bbox 1243 570 1361 602; x_wconf 84' lang='lat' dir='ltr'>fertur:</span> 
     </span>
    </p>

    <p class='ocr_par' dir='ltr' id='par_1_4' title="bbox 593 620 1319 655">
     <span class='ocr_line' id='line_1_9' title="bbox 593 620 1319 655; baseline 0.003 -3"><span class='ocrx_word' id='word_1_38' title='bbox 593 633 618 652; x_wconf 79' lang='lat'>48</span> <span class='ocrx_word' id='word_1_39' title='bbox 658 620 812 653; x_wconf 78' lang='lat' dir='ltr'>Sci-ibunt</span> <span class='ocrx_word' id='word_1_40' title='bbox 834 621 895 653; x_wconf 91' lang='lat' dir='ltr'>hoc</span> <span class='ocrx_word' id='word_1_41' title='bbox 917 621 1039 653; x_wconf 90' lang='lat' dir='ltr'>nichilo</span> <span class='ocrx_word' id='word_1_42' title='bbox 1063 624 1172 653; x_wconf 86' lang='lat' dir='ltr'>creata</span> <span class='ocrx_word' id='word_1_43' title='bbox 1195 624 1319 655; x_wconf 85' lang='lat' dir='ltr'>cuncta.</span> 
     </span>
    </p>
   </div>
   <div class='ocr_carea' id='block_1_4' title="bbox 593 698 1422 1002">
    <p class='ocr_par' dir='ltr' id='par_1_5' title="bbox 658 698 1422 950">
     <span class='ocr_line' id='line_1_10' title="bbox 658 698 1405 741; baseline 0.001 -11"><span class='ocrx_word' id='word_1_44' title='bbox 658 698 744 730; x_wconf 90' lang='lat' dir='ltr'>Hinc</span> <span class='ocrx_word' id='word_1_45' title='bbox 770 702 830 739; x_wconf 88' lang='lat' dir='ltr'>est,</span> <span class='ocrx_word' id='word_1_46' title='bbox 853 699 941 741; x_wconf 87' lang='lat' dir='ltr'>quod</span> <span class='ocrx_word' id='word_1_47' title='bbox 964 699 1120 732; x_wconf 83' lang='lat' dir='ltr'>tenebrae</span> <span class='ocrx_word' id='word_1_48' title='bbox 1144 703 1281 731; x_wconf 86' lang='lat' dir='ltr'>vocatur</span> <span class='ocrx_word' id='word_1_49' title='bbox 1303 699 1405 737; x_wconf 87' lang='lat' dir='ltr'>idem;</span> 
     </span>
     <span class='ocr_line' id='line_1_11' title="bbox 664 751 1422 794; baseline 0.001 -12"><span class='ocrx_word' id='word_1_50' title='bbox 664 752 943 783; x_wconf 77' lang='grc' dir='ltr'><em>ΨΛΛΜΙΣΤΕΣ</em></span> <span class='ocrx_word' id='word_1_51' title='bbox 962 751 1084 783; x_wconf 82' lang='lat' dir='ltr'>etenim</span> <span class='ocrx_word' id='word_1_52' title='bbox 1108 762 1202 784; x_wconf 85' lang='lat' dir='ltr'>sacer</span> <span class='ocrx_word' id='word_1_53' title='bbox 1225 752 1272 784; x_wconf 85' lang='lat' dir='ltr'>sic</span> <span class='ocrx_word' id='word_1_54' title='bbox 1294 752 1422 794; x_wconf 89' lang='lat' dir='ltr'>inquid:</span> 
     </span>
     <span class='ocr_line' id='line_1_12' title="bbox 660 802 1363 844; baseline 0.001 -10"><span class='ocrx_word' id='word_1_55' title='bbox 660 802 764 835; x_wconf 84' lang='lat' dir='ltr'>‘Sicut</span> <span class='ocrx_word' id='word_1_56' title='bbox 788 805 863 835; x_wconf 84' lang='lat' dir='ltr'>sunt</span> <span class='ocrx_word' id='word_1_57' title='bbox 886 803 1044 836; x_wconf 81' lang='lat' dir='ltr'>tenebrae</span> <span class='ocrx_word' id='word_1_58' title='bbox 1069 803 1115 835; x_wconf 87' lang='lat' dir='ltr'>sic</span> <span class='ocrx_word' id='word_1_59' title='bbox 1138 804 1248 836; x_wconf 90' lang='lat' dir='ltr'>lumen</span> <span class='ocrx_word' id='word_1_60' title='bbox 1272 803 1363 844; x_wconf 82' lang='lat' dir='ltr'>eius&#39;,</span> 
     </span>
     <span class='ocr_line' id='line_1_13' title="bbox 659 854 1318 897; baseline 0.003 -11"><span class='ocrx_word' id='word_1_61' title='bbox 659 854 795 897; x_wconf 87' lang='lat' dir='ltr'>Optanti</span> <span class='ocrx_word' id='word_1_62' title='bbox 818 856 980 897; x_wconf 90' lang='lat' dir='ltr'>quoniam,</span> <span class='ocrx_word' id='word_1_63' title='bbox 1005 855 1062 888; x_wconf 88' lang='lat' dir='ltr'>sed</span> <span class='ocrx_word' id='word_1_64' title='bbox 1085 855 1172 887; x_wconf 83' lang='lat' dir='ltr'>haud</span> <span class='ocrx_word' id='word_1_65' title='bbox 1195 856 1318 888; x_wconf 82' lang='lat' dir='ltr'>valenti</span> 
     </span>
     <span class='ocr_line' id='line_1_14' title="bbox 660 906 1288 950; baseline 0.003 -12"><span class='ocrx_word' id='word_1_66' title='bbox 660 906 806 949; x_wconf 87' lang='lat' dir='ltr'>Speclari</span> <span class='ocrx_word' id='word_1_67' title='bbox 829 907 986 939; x_wconf 84' lang='lat' dir='ltr'>tenebrae</span> <span class='ocrx_word' id='word_1_68' title='bbox 1009 910 1164 950; x_wconf 86' lang='lat' dir='ltr'>putantur</span> <span class='ocrx_word' id='word_1_69' title='bbox 1187 910 1288 948; x_wconf 83' lang='lat' dir='ltr'>atrae,</span> 
     </span>
    </p>

    <p class='ocr_par' dir='ltr' id='par_1_6' title="bbox 593 959 1282 1002">
     <span class='ocr_line' id='line_1_15' title="bbox 593 959 1282 1002; baseline 0.001 -12"><span class='ocrx_word' id='word_1_70' title='bbox 593 971 618 990; x_wconf 79' lang='lat'>54</span> <span class='ocrx_word' id='word_1_71' title='bbox 655 959 728 991; x_wconf 92' lang='lat' dir='ltr'>Non</span> <span class='ocrx_word' id='word_1_72' title='bbox 752 959 978 991; x_wconf 82' lang='lat' dir='ltr'>accessibilem</span> <span class='ocrx_word' id='word_1_73' title='bbox 1001 960 1143 1002; x_wconf 87' lang='lat' dir='ltr'>colitque</span> <span class='ocrx_word' id='word_1_74' title='bbox 1165 960 1282 992; x_wconf 89' lang='lat' dir='ltr'>lucem.</span> 
     </span>
    </p>
   </div>
   <div class='ocr_carea' id='block_1_5' title="bbox 594 1037 1394 1340">
    <p class='ocr_par' dir='ltr' id='par_1_7' title="bbox 658 1037 1326 1289">
     <span class='ocr_line' id='line_1_16' title="bbox 659 1037 1286 1078; baseline 0.002 -9"><span class='ocrx_word' id='word_1_75' title='bbox 659 1037 741 1069; x_wconf 84' lang='lat' dir='ltr'>Cum</span> <span class='ocrx_word' id='word_1_76' title='bbox 765 1047 800 1069; x_wconf 89' lang='lat' dir='ltr'>se</span> <span class='ocrx_word' id='word_1_77' title='bbox 824 1038 870 1069; x_wconf 85' lang='lat' dir='ltr'>sie</span> <span class='ocrx_word' id='word_1_78' title='bbox 894 1037 1038 1069; x_wconf 84' lang='lat' dir='ltr'>habeant</span> <span class='ocrx_word' id='word_1_79' title='bbox 1061 1038 1184 1070; x_wconf 83' lang='lat' dir='ltr'>fluenta</span> <span class='ocrx_word' id='word_1_80' title='bbox 1206 1038 1286 1078; x_wconf 87' lang='lat' dir='ltr'>veri,</span> 
     </span>
     <span class='ocr_line' id='line_1_17' title="bbox 658 1089 1254 1132; baseline 0.002 -11"><span class='ocrx_word' id='word_1_81' title='bbox 658 1089 753 1121; x_wconf 89' lang='lat' dir='ltr'>Ultro</span> <span class='ocrx_word' id='word_1_82' title='bbox 779 1089 941 1132; x_wconf 81' lang='lat' dir='ltr'>concipias</span> <span class='ocrx_word' id='word_1_83' title='bbox 966 1090 1079 1122; x_wconf 84' lang='lat' dir='ltr'>subest</span> <span class='ocrx_word' id='word_1_84' title='bbox 1102 1100 1254 1122; x_wconf 82' lang='lat' dir='ltr'>necesse:</span> 
     </span>
     <span class='ocr_line' id='line_1_18' title="bbox 658 1141 1250 1184; baseline 0 -11"><span class='ocrx_word' id='word_1_85' title='bbox 658 1141 764 1173; x_wconf 88' lang='lat' dir='ltr'>Nullis</span> <span class='ocrx_word' id='word_1_86' title='bbox 788 1152 848 1173; x_wconf 87' lang='lat' dir='ltr'>nos</span> <span class='ocrx_word' id='word_1_87' title='bbox 873 1142 1002 1181; x_wconf 87' lang='lat' dir='ltr'>animis,</span> <span class='ocrx_word' id='word_1_88' title='bbox 1025 1142 1139 1184; x_wconf 92' lang='lat' dir='ltr'>lepore</span> <span class='ocrx_word' id='word_1_89' title='bbox 1162 1142 1250 1173; x_wconf 93' lang='lat' dir='ltr'>nullo</span> 
     </span>
     <span class='ocr_line' id='line_1_19' title="bbox 658 1193 1322 1237; baseline 0.002 -12"><span class='ocrx_word' id='word_1_90' title='bbox 658 1193 708 1225; x_wconf 94' lang='lat' dir='ltr'>De</span> <span class='ocrx_word' id='word_1_91' title='bbox 733 1204 810 1226; x_wconf 88' lang='lat' dir='ltr'>vero</span> <span class='ocrx_word' id='word_1_92' title='bbox 833 1194 999 1237; x_wconf 87' lang='lat' dir='ltr'>proprium</span> <span class='ocrx_word' id='word_1_93' title='bbox 1022 1194 1173 1236; x_wconf 89' lang='lat' dir='ltr'>bonoque</span> <span class='ocrx_word' id='word_1_94' title='bbox 1198 1205 1322 1226; x_wconf 88' lang='lat' dir='ltr'>summo</span> 
     </span>
     <span class='ocr_line' id='line_1_20' title="bbox 659 1245 1326 1289; baseline 0.001 -12"><span class='ocrx_word' id='word_1_95' title='bbox 659 1246 838 1278; x_wconf 85' lang='lat' dir='ltr'>Praefinire</span> <span class='ocrx_word' id='word_1_96' title='bbox 863 1245 924 1278; x_wconf 91' lang='lat' dir='ltr'>deo</span> <span class='ocrx_word' id='word_1_97' title='bbox 947 1256 1009 1278; x_wconf 88' lang='lat' dir='ltr'>nec</span> <span class='ocrx_word' id='word_1_98' title='bbox 1033 1256 1107 1278; x_wconf 89' lang='lat' dir='ltr'>esse</span> <span class='ocrx_word' id='word_1_99' title='bbox 1130 1249 1326 1289; x_wconf 84' lang='lat' dir='ltr'>promptum,</span> 
     </span>
    </p>

    <p class='ocr_par' dir='ltr' id='par_1_8' title="bbox 594 1297 1394 1340">
     <span class='ocr_line' id='line_1_21' title="bbox 594 1297 1394 1340; baseline 0.001 -11"><span class='ocrx_word' id='word_1_100' title='bbox 594 1310 620 1329; x_wconf 80' lang='lat' dir='ltr'>eo</span> <span class='ocrx_word' id='word_1_101' title='bbox 656 1297 782 1338; x_wconf 79' lang='lat' dir='ltr'>Qualis⁷</span> <span class='ocrx_word' id='word_1_102' title='bbox 807 1301 948 1340; x_wconf 84' lang='lat' dir='ltr'>quantus</span> <span class='ocrx_word' id='word_1_103' title='bbox 972 1298 1062 1339; x_wconf 83' lang='lat' dir='ltr'>item,</span> <span class='ocrx_word' id='word_1_104' title='bbox 1086 1298 1157 1340; x_wconf 91' lang='lat' dir='ltr'>quis</span> <span class='ocrx_word' id='word_1_105' title='bbox 1182 1309 1256 1330; x_wconf 89' lang='lat' dir='ltr'>esse</span> <span class='ocrx_word' id='word_1_106' title='bbox 1279 1298 1394 1340; x_wconf 79' lang='lat' dir='ltr'>possit.</span> 
     </span>
    </p>
   </div>
   <div class='ocr_carea' id='block_1_6' title="bbox 591 1375 1438 1680">
    <p class='ocr_par' dir='ltr' id='par_1_9' title="bbox 591 1375 1438 1680">
     <span class='ocr_line' id='line_1_22' title="bbox 660 1375 1209 1419; baseline 0.002 -12"><span class='ocrx_word' id='word_1_107' title='bbox 660 1375 763 1407; x_wconf 83' lang='lat' dir='ltr'>Oratu</span> <span class='ocrx_word' id='word_1_108' title='bbox 788 1376 905 1408; x_wconf 88' lang='lat' dir='ltr'>melius</span> <span class='ocrx_word' id='word_1_109' title='bbox 929 1376 1209 1419; x_wconf 84' lang='lat' dir='ltr'>propinquiusque</span> 
     </span>
     <span class='ocr_line' id='line_1_23' title="bbox 658 1427 1297 1471; baseline 0.002 -12"><span class='ocrx_word' id='word_1_110' title='bbox 658 1427 812 1470; x_wconf 84' lang='lat' dir='ltr'>Legabis,</span> <span class='ocrx_word' id='word_1_111' title='bbox 838 1429 948 1460; x_wconf 88' lang='lat' dir='ltr'>animo</span> <span class='ocrx_word' id='word_1_112' title='bbox 972 1429 999 1460; x_wconf 89' lang='lat' dir='ltr'>si</span> <span class='ocrx_word' id='word_1_113' title='bbox 1023 1428 1100 1471; x_wconf 87' lang='lat' dir='ltr'>quid</span> <span class='ocrx_word' id='word_1_114' title='bbox 1123 1429 1297 1460; x_wconf 84' lang='lat' dir='ltr'>subornas:</span> 
     </span>
     <span class='ocr_line' id='line_1_24' title="bbox 659 1480 1220 1523; baseline 0.002 -12"><span class='ocrx_word' id='word_1_115' title='bbox 659 1480 755 1512; x_wconf 88' lang='lat' dir='ltr'>Orari</span> <span class='ocrx_word' id='word_1_116' title='bbox 778 1480 915 1523; x_wconf 89' lang='lat' dir='ltr'>placidis</span> <span class='ocrx_word' id='word_1_117' title='bbox 939 1480 1009 1512; x_wconf 87' lang='lat' dir='ltr'>vult</span> <span class='ocrx_word' id='word_1_118' title='bbox 1031 1480 1087 1512; x_wconf 91' lang='lat' dir='ltr'>ille</span> <span class='ocrx_word' id='word_1_119' title='bbox 1111 1480 1220 1512; x_wconf 85' lang='lat' dir='ltr'>verbis</span> 
     </span>
     <span class='ocr_line' id='line_1_25' title="bbox 658 1531 1283 1575; baseline 0.002 -12"><span class='ocrx_word' id='word_1_120' title='bbox 658 1531 786 1574; x_wconf 87' lang='lat' dir='ltr'>Largiri</span> <span class='ocrx_word' id='word_1_121' title='bbox 810 1532 925 1572; x_wconf 81' lang='lat' dir='ltr'>facilis,</span> <span class='ocrx_word' id='word_1_122' title='bbox 950 1532 1079 1564; x_wconf 88' lang='lat' dir='ltr'>dedisse</span> <span class='ocrx_word' id='word_1_123' title='bbox 1103 1535 1283 1575; x_wconf 88' lang='lat' dir='ltr'>promptus.</span> 
     </span>
     <span class='ocr_line' id='line_1_26' title="bbox 657 1585 1257 1627; baseline 0.002 -11"><span class='ocrx_word' id='word_1_124' title='bbox 657 1585 720 1616; x_wconf 69' lang='lat' dir='ltr'>Hi.</span> <span class='ocrx_word' id='word_1_125' title='bbox 745 1595 823 1627; x_wconf 89' lang='lat' dir='ltr'>ergo</span> <span class='ocrx_word' id='word_1_126' title='bbox 847 1585 985 1617; x_wconf 84' lang='lat' dir='ltr'>modulis</span> <span class='ocrx_word' id='word_1_127' title='bbox 1009 1585 1097 1617; x_wconf 90' lang='lat' dir='ltr'>adito</span> <span class='ocrx_word' id='word_1_128' title='bbox 1121 1588 1257 1627; x_wconf 82' lang='lat' dir='ltr'>patrem,</span> 
     </span>
     <span class='ocr_line' id='line_1_27' title="bbox 591 1636 1438 1680; baseline -0.001 -11"><span class='ocrx_word' id='word_1_129' title='bbox 591 1649 616 1669; x_wconf 79' lang='lat' dir='ltr'>es</span> <span class='ocrx_word' id='word_1_130' title='bbox 654 1636 786 1669; x_wconf 85' lang='lat' dir='ltr'>Patrem</span> <span class='ocrx_word' id='word_1_131' title='bbox 811 1647 883 1668; x_wconf 89' lang='lat' dir='ltr'>cum</span> <span class='ocrx_word' id='word_1_132' title='bbox 907 1638 1021 1679; x_wconf 87' lang='lat' dir='ltr'>genito</span> <span class='ocrx_word' id='word_1_133' title='bbox 1045 1637 1200 1680; x_wconf 88' lang='lat' dir='ltr'>piumque</span> <span class='ocrx_word' id='word_1_134' title='bbox 1224 1637 1438 1670; x_wconf 86' lang='lat' dir='ltr'><strong><em>HNEYMA.</em></strong></span> 
     </span>
    </p>
   </div>
   <div class='ocr_carea' id='block_1_7' title="bbox 656 1714 1398 1903">
    <p class='ocr_par' dir='ltr' id='par_1_10' title="bbox 656 1714 1398 1903">
     <span class='ocr_line' id='line_1_28' title="bbox 656 1714 1318 1758; baseline 0 -12"><span class='ocrx_word' id='word_1_135' title='bbox 656 1715 731 1747; x_wconf 84' lang='lat' dir='ltr'>Lux</span> <span class='ocrx_word' id='word_1_136' title='bbox 755 1717 788 1746; x_wconf 88' lang='lat' dir='ltr'>et</span> <span class='ocrx_word' id='word_1_137' title='bbox 811 1717 925 1746; x_wconf 89' lang='lat' dir='ltr'>nostra</span> <span class='ocrx_word' id='word_1_138' title='bbox 949 1714 1038 1747; x_wconf 89' lang='lat' dir='ltr'>salus</span> <span class='ocrx_word' id='word_1_139' title='bbox 1061 1714 1318 1758; x_wconf 85' lang='lat' dir='ltr'>redemptioque,</span> 
     </span>
     <span class='ocr_line' id='line_1_29' title="bbox 657 1766 1398 1809; baseline -0.001 -11"><span class='ocrx_word' id='word_1_140' title='bbox 657 1766 808 1808; x_wconf 78' lang='lat' dir='ltr'>Largitur</span> <span class='ocrx_word' id='word_1_141' title='bbox 834 1767 1012 1799; x_wconf 82' lang='grc' dir='ltr'><strong><em>ΦΥΣΕΟΣ</em></strong></span> <span class='ocrx_word' id='word_1_142' title='bbox 1030 1768 1242 1809; x_wconf 82' lang='lat' dir='ltr'>KAPINque</span> <span class='ocrx_word' id='word_1_143' title='bbox 1265 1769 1398 1809; x_wconf 87' lang='lat' dir='ltr'>praesta</span> 
     </span>
     <span class='ocr_line' id='line_1_30' title="bbox 656 1818 1364 1861; baseline 0 -11"><span class='ocrx_word' id='word_1_144' title='bbox 656 1819 783 1851; x_wconf 89' lang='lat' dir='ltr'>Lumen</span> <span class='ocrx_word' id='word_1_145' title='bbox 807 1818 1008 1861; x_wconf 88' lang='lat' dir='ltr'>glaucividas</span> <span class='ocrx_word' id='word_1_146' title='bbox 1032 1829 1135 1861; x_wconf 85' lang='lat' dir='ltr'>agens</span> <span class='ocrx_word' id='word_1_147' title='bbox 1160 1819 1193 1850; x_wconf 94' lang='lat' dir='ltr'>in</span> <span class='ocrx_word' id='word_1_148' title='bbox 1216 1819 1364 1855; x_wconf 86' lang='lat' dir='ltr'>umbras;</span> 
     </span>
     <span class='ocr_line' id='line_1_31' title="bbox 658 1870 1338 1903; baseline 0 -1"><span class='ocrx_word' id='word_1_149' title='bbox 658 1870 774 1902; x_wconf 82' lang='lat' dir='ltr'>Caecis</span> <span class='ocrx_word' id='word_1_150' title='bbox 797 1871 1037 1903; x_wconf 82' lang='grc' dir='ltr'><em>ΕΜΠΥΡΙΟΣ</em></span> <span class='ocrx_word' id='word_1_151' title='bbox 1056 1871 1188 1903; x_wconf 89' lang='lat' dir='ltr'>reclude</span> <span class='ocrx_word' id='word_1_152' title='bbox 1212 1871 1338 1903; x_wconf 87' lang='lat' dir='ltr'>caelos:</span> 
     </span>
    </p>
   </div>
   <div class='ocr_carea' id='block_1_8' title="bbox 663 1931 1757 1937">
    <p class='ocr_par' dir='ltr' id='par_1_11' title="bbox 663 1931 1757 1937">
     <span class='ocr_line' id='line_1_32' title="bbox 663 1931 1757 1937; baseline 0 0"><span class='ocrx_word' id='word_1_153' title='bbox 663 1931 1757 1937; x_wconf 95' lang='lat' dir='ltr'> </span> 
     </span>
    </p>
   </div>
   <div class='ocr_carea' id='block_1_9' title="bbox 240 1975 1892 2615">
    <p class='ocr_par' dir='ltr' id='par_1_12' title="bbox 240 1975 1892 2615">
     <span class='ocr_line' id='line_1_33' title="bbox 349 1975 1891 2010; baseline 0 -8"><span class='ocrx_word' id='word_1_154' title='bbox 349 1977 455 2003; x_wconf 77' lang='lat' dir='ltr'>Scholia</span> <span class='ocrx_word' id='word_1_155' title='bbox 473 1991 505 1995; x_wconf 88' lang='lat'>-</span> <span class='ocrx_word' id='word_1_156' title='bbox 524 1975 558 2002; x_wconf 84' lang='lat'>41</span> <span class='ocrx_word' id='word_1_157' title='bbox 578 1975 618 2010; x_wconf 90' lang='grc' dir='ltr'>Π.]</span> <span class='ocrx_word' id='word_1_158' title='bbox 643 1976 782 2009; x_wconf 84' lang='lat' dir='ltr'>principale</span> <span class='ocrx_word' id='word_1_159' title='bbox 806 1976 936 2009; x_wconf 82' lang='lat' dir='ltr'>exemplar</span> <span class='ocrx_word' id='word_1_160' title='bbox 960 1975 1019 2009; x_wconf 71' lang='lat' dir='ltr'>(qfr.</span> <span class='ocrx_word' id='word_1_161' title='bbox 1041 1984 1062 2001; x_wconf 82' lang='lat' dir='ltr'>e.</span> <span class='ocrx_word' id='word_1_162' title='bbox 1078 1985 1104 2009; x_wconf 76' lang='lat' dir='ltr'>y.</span> <span class='ocrx_word' id='word_1_163' title='bbox 1123 1975 1180 2000; x_wconf 74' lang='lat' dir='ltr'><strong><em>Ioh.</em></strong></span> <span class='ocrx_word' id='word_1_164' title='bbox 1201 1975 1278 2001; x_wconf 81' lang='lat' dir='ltr'>Scott.</span> <span class='ocrx_word' id='word_1_165' title='bbox 1297 1976 1314 2001; x_wconf 86' lang='lat' dir='ltr'>l.</span> <span class='ocrx_word' id='word_1_166' title='bbox 1333 1983 1354 2000; x_wconf 89' lang='lat' dir='ltr'>c.</span> <span class='ocrx_word' id='word_1_167' title='bbox 1374 1975 1394 1999; x_wconf 93' lang='grc' dir='ltr'><em>Ι</em></span> <span class='ocrx_word' id='word_1_168' title='bbox 1405 1978 1419 2000; x_wconf 82' lang='grc'><strong><em>7</em></strong></span> <span class='ocrx_word' id='word_1_169' title='bbox 1435 1983 1498 2008; x_wconf 76' lang='lat' dir='ltr'>paq.</span> <span class='ocrx_word' id='word_1_170' title='bbox 1517 1975 1577 2008; x_wconf 84' lang='lat'>446)</span> <span class='ocrx_word' id='word_1_171' title='bbox 1681 1975 1715 2002; x_wconf 82' lang='lat'>44</span> <span class='ocrx_word' id='word_1_172' title='bbox 1740 1978 1768 2002; x_wconf 88' lang='grc' dir='ltr'>Ν.</span> <span class='ocrx_word' id='word_1_173' title='bbox 1791 1975 1835 2010; x_wconf 68' lang='grc' dir='ltr'>Α]</span> <span class='ocrx_word' id='word_1_174' title='bbox 1854 1978 1891 2002; x_wconf 87' lang='lat' dir='ltr'>in-</span> 
     </span>
     <span class='ocr_line' id='line_1_34' title="bbox 240 2018 1892 2052; baseline -0.001 -6"><span class='ocrx_word' id='word_1_175' title='bbox 240 2022 363 2046; x_wconf 82' lang='lat' dir='ltr'>tellectus</span> <span class='ocrx_word' id='word_1_176' title='bbox 382 2021 544 2052; x_wconf 73' lang='lat' dir='ltr'>rationesque</span> <span class='ocrx_word' id='word_1_177' title='bbox 647 2019 682 2045; x_wconf 81' lang='lat'>45</span> <span class='ocrx_word' id='word_1_178' title='bbox 699 2019 830 2045; x_wconf 87' lang='lat' dir='ltr'>Nichilum</span> <span class='ocrx_word' id='word_1_179' title='bbox 849 2022 958 2044; x_wconf 87' lang='lat' dir='ltr'>vocatur</span> <span class='ocrx_word' id='word_1_180' title='bbox 976 2020 1039 2045; x_wconf 87' lang='lat' dir='ltr'>deus</span> <span class='ocrx_word' id='word_1_181' title='bbox 1057 2027 1109 2044; x_wconf 91' lang='lat' dir='ltr'>non</span> <span class='ocrx_word' id='word_1_182' title='bbox 1127 2027 1172 2052; x_wconf 85' lang='lat' dir='ltr'>per</span> <span class='ocrx_word' id='word_1_183' title='bbox 1190 2019 1358 2052; x_wconf 86' lang='lat' dir='ltr'>privationem</span> <span class='ocrx_word' id='word_1_184' title='bbox 1377 2018 1516 2050; x_wconf 79' lang='lat' dir='ltr'>essentiae,</span> <span class='ocrx_word' id='word_1_185' title='bbox 1540 2022 1570 2043; x_wconf 91' lang='lat' dir='ltr'>ut</span> <span class='ocrx_word' id='word_1_186' title='bbox 1587 2019 1686 2051; x_wconf 79' lang='lat' dir='ltr'>aliquid</span> <span class='ocrx_word' id='word_1_187' title='bbox 1704 2029 1756 2045; x_wconf 90' lang='lat' dir='ltr'>non</span> <span class='ocrx_word' id='word_1_188' title='bbox 1774 2021 1820 2052; x_wconf 84' lang='lat' dir='ltr'>sit;</span> <span class='ocrx_word' id='word_1_189' title='bbox 1846 2020 1892 2046; x_wconf 83' lang='lat' dir='ltr'>sed</span> 
     </span>
     <span class='ocr_line' id='line_1_35' title="bbox 242 2059 1890 2096; baseline -0.001 -7"><span class='ocrx_word' id='word_1_190' title='bbox 242 2073 286 2096; x_wconf 80' lang='lat' dir='ltr'>per</span> <span class='ocrx_word' id='word_1_191' title='bbox 304 2064 491 2095; x_wconf 81' lang='lat' dir='ltr'>excellentiam,</span> <span class='ocrx_word' id='word_1_192' title='bbox 511 2063 572 2095; x_wconf 86' lang='lat' dir='ltr'>quia</span> <span class='ocrx_word' id='word_1_193' title='bbox 592 2063 649 2095; x_wconf 88' lang='lat' dir='ltr'>plus</span> <span class='ocrx_word' id='word_1_194' title='bbox 662 2071 739 2095; x_wconf 83' lang='lat' dir='ltr'>quam</span> <span class='ocrx_word' id='word_1_195' title='bbox 751 2062 850 2095; x_wconf 86' lang='lat' dir='ltr'>aliquid</span> <span class='ocrx_word' id='word_1_196' title='bbox 862 2066 908 2087; x_wconf 84' lang='lat' dir='ltr'>est.</span> <span class='ocrx_word' id='word_1_197' title='bbox 933 2063 1002 2087; x_wconf 87' lang='lat' dir='ltr'>Dum</span> <span class='ocrx_word' id='word_1_198' title='bbox 1021 2062 1089 2086; x_wconf 84' lang='lat' dir='ltr'>enim</span> <span class='ocrx_word' id='word_1_199' title='bbox 1107 2070 1184 2095; x_wconf 86' lang='lat' dir='ltr'>super</span> <span class='ocrx_word' id='word_1_200' title='bbox 1202 2061 1288 2086; x_wconf 80' lang='lat' dir='ltr'>omnia</span> <span class='ocrx_word' id='word_1_201' title='bbox 1306 2059 1471 2094; x_wconf 78' lang='lat' dir='ltr'>qu(a)er1tur‚</span> <span class='ocrx_word' id='word_1_202' title='bbox 1490 2061 1517 2086; x_wconf 88' lang='lat' dir='ltr'>in</span> <span class='ocrx_word' id='word_1_203' title='bbox 1535 2061 1606 2086; x_wconf 81' lang='lat' dir='ltr'>nulla</span> <span class='ocrx_word' id='word_1_204' title='bbox 1623 2062 1733 2087; x_wconf 81' lang='lat' dir='ltr'>essentia</span> <span class='ocrx_word' id='word_1_205' title='bbox 1751 2063 1890 2088; x_wconf 80' lang='lat' dir='ltr'>invenitur.</span> 
     </span>
     <span class='ocr_line' id='line_1_36' title="bbox 240 2104 1892 2140; baseline -0.001 -8"><span class='ocrx_word' id='word_1_206' title='bbox 240 2108 310 2132; x_wconf 86' lang='lat' dir='ltr'>Dum</span> <span class='ocrx_word' id='word_1_207' title='bbox 336 2116 397 2139; x_wconf 87' lang='lat' dir='ltr'>ergo</span> <span class='ocrx_word' id='word_1_208' title='bbox 421 2106 686 2140; x_wconf 84' lang='lat' dir='ltr'>incomprehensibilis</span> <span class='ocrx_word' id='word_1_209' title='bbox 709 2106 876 2138; x_wconf 80' lang='lat' dir='ltr'>intelligitur,</span> <span class='ocrx_word' id='word_1_210' title='bbox 904 2113 950 2138; x_wconf 86' lang='lat' dir='ltr'>per</span> <span class='ocrx_word' id='word_1_211' title='bbox 974 2105 1154 2130; x_wconf 81' lang='lat' dir='ltr'>excellentiam</span> <span class='ocrx_word' id='word_1_212' title='bbox 1178 2104 1303 2130; x_wconf 88' lang='lat' dir='ltr'>nichilum</span> <span class='ocrx_word' id='word_1_213' title='bbox 1326 2107 1440 2129; x_wconf 82' lang='lat' dir='ltr'>vocatur.</span> <span class='ocrx_word' id='word_1_214' title='bbox 1482 2105 1516 2129; x_wconf 82' lang='lat' dir='ltr'>At</span> <span class='ocrx_word' id='word_1_215' title='bbox 1537 2113 1599 2130; x_wconf 84' lang='lat' dir='ltr'>vero</span> <span class='ocrx_word' id='word_1_216' title='bbox 1620 2105 1647 2129; x_wconf 88' lang='lat' dir='ltr'>in</span> <span class='ocrx_word' id='word_1_217' title='bbox 1670 2106 1724 2131; x_wconf 78' lang='lat' dir='ltr'>suis</span> <span class='ocrx_word' id='word_1_218' title='bbox 1748 2106 1892 2139; x_wconf 82' lang='lat' dir='ltr'>teohpauiis</span> 
     </span>
     <span class='ocr_line' id='line_1_37' title="bbox 241 2145 1890 2183; baseline -0.001 -8"><span class='ocrx_word' id='word_1_219' title='bbox 241 2150 368 2183; x_wconf 86' lang='lat' dir='ltr'>incipiens</span> <span class='ocrx_word' id='word_1_220' title='bbox 387 2158 508 2183; x_wconf 81' lang='lat' dir='ltr'>apparere</span> <span class='ocrx_word' id='word_1_221' title='bbox 527 2149 608 2174; x_wconf 88' lang='lat' dir='ltr'>veluti</span> <span class='ocrx_word' id='word_1_222' title='bbox 627 2157 659 2173; x_wconf 90' lang='lat' dir='ltr'>ex</span> <span class='ocrx_word' id='word_1_223' title='bbox 678 2148 774 2173; x_wconf 90' lang='lat' dir='ltr'>nichilo</span> <span class='ocrx_word' id='word_1_224' title='bbox 802 2149 828 2172; x_wconf 88' lang='lat' dir='ltr'>in</span> <span class='ocrx_word' id='word_1_225' title='bbox 855 2148 952 2181; x_wconf 85' lang='lat' dir='ltr'>aliquid</span> <span class='ocrx_word' id='word_1_226' title='bbox 972 2148 1066 2173; x_wconf 87' lang='lat' dir='ltr'>dicitur</span> <span class='ocrx_word' id='word_1_227' title='bbox 1083 2148 1219 2181; x_wconf 85' lang='lat' dir='ltr'>procedere</span> <span class='ocrx_word' id='word_1_228' title='bbox 1238 2147 1282 2179; x_wconf 86' lang='lat'>(=</span> <span class='ocrx_word' id='word_1_229' title='bbox 1301 2147 1432 2173; x_wconf 69' lang='lat' dir='ltr'>Iohannes</span> <span class='ocrx_word' id='word_1_230' title='bbox 1450 2145 1549 2172; x_wconf 68' lang='lat' dir='ltr'>Scotum</span> <span class='ocrx_word' id='word_1_231' title='bbox 1567 2148 1585 2173; x_wconf 85' lang='lat' dir='ltr'>l.</span> <span class='ocrx_word' id='word_1_232' title='bbox 1604 2156 1624 2173; x_wconf 80' lang='lat' dir='ltr'>c.</span> <span class='ocrx_word' id='word_1_233' title='bbox 1642 2148 1696 2173; x_wconf 90' lang='lat' dir='ltr'>III</span> <span class='ocrx_word' id='word_1_234' title='bbox 1706 2151 1735 2174; x_wconf 85' lang='lat'>19</span> <span class='ocrx_word' id='word_1_235' title='bbox 1747 2157 1811 2182; x_wconf 74' lang='lat' dir='ltr'>paq.</span> <span class='ocrx_word' id='word_1_236' title='bbox 1831 2148 1890 2181; x_wconf 81' lang='lat'><em>681)</em></span> 
     </span>
     <span class='ocr_line' id='line_1_38' title="bbox 240 2190 1891 2226; baseline -0.001 -7"><span class='ocrx_word' id='word_1_237' title='bbox 240 2193 274 2219; x_wconf 88' lang='grc'>46</span> <span class='ocrx_word' id='word_1_238' title='bbox 293 2194 462 2226; x_wconf 83' lang='lat' dir='ltr'>Theophania</span> <span class='ocrx_word' id='word_1_239' title='bbox 481 2198 530 2225; x_wconf 85' lang='lat' dir='ltr'>est,</span> <span class='ocrx_word' id='word_1_240' title='bbox 556 2196 586 2218; x_wconf 83' lang='lat' dir='ltr'>ut</span> <span class='ocrx_word' id='word_1_241' title='bbox 603 2193 640 2217; x_wconf 90' lang='lat' dir='ltr'>ait</span> <span class='ocrx_word' id='word_1_242' title='bbox 657 2193 799 2224; x_wconf 81' lang='lat' dir='ltr'>Maximus,</span> <span class='ocrx_word' id='word_1_243' title='bbox 824 2192 912 2217; x_wconf 78' lang='lat' dir='ltr'>divina</span> <span class='ocrx_word' id='word_1_244' title='bbox 936 2192 1119 2223; x_wconf 78' lang='lat' dir='ltr'>manifestatio,</span> <span class='ocrx_word' id='word_1_245' title='bbox 1145 2199 1214 2223; x_wconf 83' lang='lat' dir='ltr'>quae</span> <span class='ocrx_word' id='word_1_246' title='bbox 1237 2191 1266 2216; x_wconf 83' lang='lat' dir='ltr'>fit</span> <span class='ocrx_word' id='word_1_247' title='bbox 1288 2199 1320 2216; x_wconf 84' lang='lat' dir='ltr'>ex</span> <span class='ocrx_word' id='word_1_248' title='bbox 1339 2190 1551 2215; x_wconf 83' lang='lat' dir='ltr'>condescensione</span> <span class='ocrx_word' id='word_1_249' title='bbox 1569 2191 1642 2216; x_wconf 81' lang='lat' dir='ltr'>verbi</span> <span class='ocrx_word' id='word_1_250' title='bbox 1659 2191 1699 2216; x_wconf 85' lang='lat' dir='ltr'>dei</span> <span class='ocrx_word' id='word_1_251' title='bbox 1718 2192 1751 2217; x_wconf 85' lang='lat' dir='ltr'>ad</span> <span class='ocrx_word' id='word_1_252' title='bbox 1768 2200 1891 2218; x_wconf 81' lang='lat' dir='ltr'>umanam</span> 
     </span>
     <span class='ocr_line' id='line_1_39' title="bbox 241 2227 1890 2267; baseline -0.001 -5"><span class='ocrx_word' id='word_1_253' title='bbox 241 2241 359 2262; x_wconf 83' lang='lat' dir='ltr'>naturam</span> <span class='ocrx_word' id='word_1_254' title='bbox 379 2241 404 2262; x_wconf 87' lang='lat' dir='ltr'>et</span> <span class='ocrx_word' id='word_1_255' title='bbox 422 2236 577 2261; x_wconf 81' lang='lat' dir='ltr'>exaltatione</span> <span class='ocrx_word' id='word_1_256' title='bbox 596 2236 710 2260; x_wconf 89' lang='lat' dir='ltr'>eiusdem</span> <span class='ocrx_word' id='word_1_257' title='bbox 728 2238 837 2260; x_wconf 84' lang='lat' dir='ltr'>naturae</span> <span class='ocrx_word' id='word_1_258' title='bbox 854 2235 886 2260; x_wconf 83' lang='lat' dir='ltr'>ad</span> <span class='ocrx_word' id='word_1_259' title='bbox 905 2235 1062 2267; x_wconf 84' lang='lat' dir='ltr'>praedictum</span> <span class='ocrx_word' id='word_1_260' title='bbox 1081 2227 1188 2260; x_wconf 80' lang='lat' dir='ltr'>verbum</span> <span class='ocrx_word' id='word_1_261' title='bbox 1206 2242 1251 2267; x_wconf 86' lang='lat' dir='ltr'>per</span> <span class='ocrx_word' id='word_1_262' title='bbox 1269 2234 1384 2259; x_wconf 84' lang='lat' dir='ltr'>divinum</span> <span class='ocrx_word' id='word_1_263' title='bbox 1398 2242 1510 2258; x_wconf 82' lang='lat' dir='ltr'>amorem</span> <span class='ocrx_word' id='word_1_264' title='bbox 1523 2233 1567 2265; x_wconf 91' lang='lat'>(=</span> <span class='ocrx_word' id='word_1_265' title='bbox 1581 2234 1712 2259; x_wconf 71' lang='lat' dir='ltr'>Iohannes</span> <span class='ocrx_word' id='word_1_266' title='bbox 1727 2234 1827 2260; x_wconf 59' lang='lat' dir='ltr'>Scottum</span> <span class='ocrx_word' id='word_1_267' title='bbox 1839 2235 1856 2260; x_wconf 88' lang='lat' dir='ltr'>l.</span> <span class='ocrx_word' id='word_1_268' title='bbox 1869 2244 1890 2260; x_wconf 79' lang='lat' dir='ltr'>c.</span> 
     </span>
     <span class='ocr_line' id='line_1_40' title="bbox 241 2277 1889 2312; baseline -0.001 -8"><span class='ocrx_word' id='word_1_269' title='bbox 241 2279 260 2304; x_wconf 91' lang='grc' dir='ltr'><em>Ι</em></span> <span class='ocrx_word' id='word_1_270' title='bbox 270 2282 285 2305; x_wconf 91' lang='grc'>9</span> <span class='ocrx_word' id='word_1_271' title='bbox 298 2288 362 2312; x_wconf 74' lang='lat' dir='ltr'>paq.</span> <span class='ocrx_word' id='word_1_272' title='bbox 381 2282 440 2311; x_wconf 70' lang='lat'><em>449)</em></span> <span class='ocrx_word' id='word_1_273' title='bbox 527 2278 561 2304; x_wconf 82' lang='lat'>49</span> <span class='ocrx_word' id='word_1_274' title='bbox 580 2280 675 2304; x_wconf 87' lang='lat' dir='ltr'>Sancta</span> <span class='ocrx_word' id='word_1_275' title='bbox 688 2279 819 2311; x_wconf 85' lang='lat' dir='ltr'>theologia</span> <span class='ocrx_word' id='word_1_276' title='bbox 839 2277 1044 2303; x_wconf 84' lang='lat' dir='ltr'>inaccessibilem</span> <span class='ocrx_word' id='word_1_277' title='bbox 1064 2277 1204 2302; x_wconf 82' lang='lat' dir='ltr'>claritatem</span> <span class='ocrx_word' id='word_1_278' title='bbox 1223 2277 1264 2302; x_wconf 85' lang='lat' dir='ltr'>dei</span> <span class='ocrx_word' id='word_1_279' title='bbox 1282 2277 1402 2302; x_wconf 86' lang='lat' dir='ltr'>tenebras</span> <span class='ocrx_word' id='word_1_280' title='bbox 1421 2281 1494 2302; x_wconf 83' lang='lat' dir='ltr'>vocat</span> <span class='ocrx_word' id='word_1_281' title='bbox 1512 2280 1542 2302; x_wconf 86' lang='lat' dir='ltr'>ut</span> <span class='ocrx_word' id='word_1_282' title='bbox 1559 2277 1636 2302; x_wconf 88' lang='lat' dir='ltr'>illud:</span> <span class='ocrx_word' id='word_1_283' title='bbox 1656 2277 1765 2307; x_wconf 72' lang='lat' dir='ltr'>(Psalm.</span> <span class='ocrx_word' id='word_1_284' title='bbox 1779 2279 1835 2310; x_wconf 83' lang='lat'>138,</span> <span class='ocrx_word' id='word_1_285' title='bbox 1848 2278 1889 2311; x_wconf 81' lang='lat'>12)</span> 
     </span>
     <span class='ocr_line' id='line_1_41' title="bbox 240 2321 1891 2354; baseline -0.001 -7"><span class='ocrx_word' id='word_1_286' title='bbox 240 2322 321 2347; x_wconf 76' lang='lat' dir='ltr'>‘Sicut</span> <span class='ocrx_word' id='word_1_287' title='bbox 339 2323 459 2347; x_wconf 79' lang='lat' dir='ltr'>tenebrae</span> <span class='ocrx_word' id='word_1_288' title='bbox 478 2322 546 2354; x_wconf 89' lang='lat' dir='ltr'>eius,</span> <span class='ocrx_word' id='word_1_289' title='bbox 571 2322 608 2347; x_wconf 86' lang='lat' dir='ltr'>ita</span> <span class='ocrx_word' id='word_1_290' title='bbox 627 2325 652 2347; x_wconf 84' lang='lat' dir='ltr'>et</span> <span class='ocrx_word' id='word_1_291' title='bbox 670 2322 756 2347; x_wconf 86' lang='lat' dir='ltr'>lumen</span> <span class='ocrx_word' id='word_1_292' title='bbox 776 2321 847 2354; x_wconf 87' lang='lat' dir='ltr'>eius&#39;,</span> <span class='ocrx_word' id='word_1_293' title='bbox 874 2322 929 2347; x_wconf 88' lang='lat' dir='ltr'>acsi</span> <span class='ocrx_word' id='word_1_294' title='bbox 946 2324 1033 2354; x_wconf 76' lang='lat' dir='ltr'>aperte</span> <span class='ocrx_word' id='word_1_295' title='bbox 1057 2321 1166 2346; x_wconf 82' lang='lat' dir='ltr'>diceret:</span> <span class='ocrx_word' id='word_1_296' title='bbox 1189 2324 1276 2346; x_wconf 75' lang='lat' dir='ltr'>tantus</span> <span class='ocrx_word' id='word_1_297' title='bbox 1299 2324 1338 2346; x_wconf 85' lang='lat' dir='ltr'>est</span> <span class='ocrx_word' id='word_1_298' title='bbox 1361 2321 1464 2346; x_wconf 83' lang='lat' dir='ltr'>divinae</span> <span class='ocrx_word' id='word_1_299' title='bbox 1487 2321 1608 2346; x_wconf 77' lang='lat' dir='ltr'>bonitatis</span> <span class='ocrx_word' id='word_1_300' title='bbox 1630 2321 1762 2354; x_wconf 83' lang='lat' dir='ltr'>splendor,</span> <span class='ocrx_word' id='word_1_301' title='bbox 1787 2326 1816 2347; x_wconf 78' lang='lat' dir='ltr'>ut</span> <span class='ocrx_word' id='word_1_302' title='bbox 1838 2330 1891 2346; x_wconf 88' lang='lat' dir='ltr'>non</span> 
     </span>
     <span class='ocr_line' id='line_1_42' title="bbox 240 2363 1891 2398; baseline 0 -9"><span class='ocrx_word' id='word_1_303' title='bbox 240 2365 357 2390; x_wconf 83' lang='lat' dir='ltr'>inmerito</span> <span class='ocrx_word' id='word_1_304' title='bbox 377 2365 522 2390; x_wconf 75' lang='lat' dir='ltr'>volentibus</span> <span class='ocrx_word' id='word_1_305' title='bbox 546 2365 714 2398; x_wconf 79' lang='lat' dir='ltr'>contemplari</span> <span class='ocrx_word' id='word_1_306' title='bbox 739 2369 764 2390; x_wconf 88' lang='lat' dir='ltr'>et</span> <span class='ocrx_word' id='word_1_307' title='bbox 782 2374 833 2390; x_wconf 89' lang='lat' dir='ltr'>non</span> <span class='ocrx_word' id='word_1_308' title='bbox 852 2365 999 2390; x_wconf 87' lang='lat' dir='ltr'>valentibus</span> <span class='ocrx_word' id='word_1_309' title='bbox 1019 2363 1178 2396; x_wconf 84' lang='lat' dir='ltr'>(uolentibus</span> <span class='ocrx_word' id='word_1_310' title='bbox 1196 2363 1231 2396; x_wconf 90' lang='lat' dir='ltr'>P)</span> <span class='ocrx_word' id='word_1_311' title='bbox 1249 2366 1366 2389; x_wconf 80' lang='lat' dir='ltr'>vertatur</span> <span class='ocrx_word' id='word_1_312' title='bbox 1388 2364 1415 2387; x_wconf 86' lang='lat' dir='ltr'>in</span> <span class='ocrx_word' id='word_1_313' title='bbox 1438 2364 1557 2389; x_wconf 80' lang='lat' dir='ltr'>tenebras</span> <span class='ocrx_word' id='word_1_314' title='bbox 1576 2363 1620 2396; x_wconf 95' lang='lat'>(=</span> <span class='ocrx_word' id='word_1_315' title='bbox 1640 2363 1772 2389; x_wconf 68' lang='lat' dir='ltr'>Iohannes</span> <span class='ocrx_word' id='word_1_316' title='bbox 1791 2363 1891 2389; x_wconf 66' lang='lat' dir='ltr'>Scottus</span> 
     </span>
     <span class='ocr_line' id='line_1_43' title="bbox 242 2407 1891 2443; baseline 0 -10"><span class='ocrx_word' id='word_1_317' title='bbox 242 2409 258 2433; x_wconf 87' lang='lat' dir='ltr'>l.</span> <span class='ocrx_word' id='word_1_318' title='bbox 279 2417 298 2433; x_wconf 84' lang='lat' dir='ltr'>c.</span> <span class='ocrx_word' id='word_1_319' title='bbox 322 2409 416 2434; x_wconf 82' lang='grc'><em>11119</em></span> <span class='ocrx_word' id='word_1_320' title='bbox 432 2417 491 2441; x_wconf 64' lang='lat' dir='ltr'>pas).</span> <span class='ocrx_word' id='word_1_321' title='bbox 514 2408 580 2440; x_wconf 83' lang='lat'>681).</span> <span class='ocrx_word' id='word_1_322' title='bbox 617 2410 681 2434; x_wconf 84' lang='lat' dir='ltr'>Nam</span> <span class='ocrx_word' id='word_1_323' title='bbox 705 2412 731 2434; x_wconf 86' lang='lat' dir='ltr'>et</span> <span class='ocrx_word' id='word_1_324' title='bbox 754 2409 869 2434; x_wconf 82' lang='lat' dir='ltr'>informis</span> <span class='ocrx_word' id='word_1_325' title='bbox 888 2409 994 2434; x_wconf 79' lang='lat' dir='ltr'>materia</span> <span class='ocrx_word' id='word_1_326' title='bbox 1011 2408 1112 2433; x_wconf 83' lang='lat' dir='ltr'>dicitur.</span> <span class='ocrx_word' id='word_1_327' title='bbox 1149 2407 1257 2443; x_wconf 77' lang='lat' dir='ltr'>Materia</span> <span class='ocrx_word' id='word_1_328' title='bbox 1275 2407 1391 2440; x_wconf 87' lang='lat' dir='ltr'>quidem,</span> <span class='ocrx_word' id='word_1_329' title='bbox 1414 2407 1475 2438; x_wconf 84' lang='lat' dir='ltr'>quia</span> <span class='ocrx_word' id='word_1_330' title='bbox 1492 2407 1594 2432; x_wconf 83' lang='lat' dir='ltr'>initium</span> <span class='ocrx_word' id='word_1_331' title='bbox 1613 2411 1652 2433; x_wconf 85' lang='lat' dir='ltr'>est</span> <span class='ocrx_word' id='word_1_332' title='bbox 1669 2408 1747 2433; x_wconf 84' lang='lat' dir='ltr'>totius</span> <span class='ocrx_word' id='word_1_333' title='bbox 1764 2408 1891 2433; x_wconf 77' lang='lat' dir='ltr'>essentiae</span> 
     </span>
     <span class='ocr_line' id='line_1_44' title="bbox 242 2450 1889 2484; baseline 0.001 -9"><span class='ocrx_word' id='word_1_334' title='bbox 242 2459 335 2476; x_wconf 82' lang='lat' dir='ltr'>rerum.</span> <span class='ocrx_word' id='word_1_335' title='bbox 372 2453 490 2477; x_wconf 86' lang='lat' dir='ltr'>Informis</span> <span class='ocrx_word' id='word_1_336' title='bbox 509 2460 577 2484; x_wconf 81' lang='lat' dir='ltr'>vcro,</span> <span class='ocrx_word' id='word_1_337' title='bbox 596 2452 658 2484; x_wconf 90' lang='lat' dir='ltr'>quia</span> <span class='ocrx_word' id='word_1_338' title='bbox 676 2453 707 2477; x_wconf 86' lang='lat' dir='ltr'>ad</span> <span class='ocrx_word' id='word_1_339' title='bbox 726 2452 825 2477; x_wconf 84' lang='lat' dir='ltr'>nullam</span> <span class='ocrx_word' id='word_1_340' title='bbox 843 2453 950 2477; x_wconf 83' lang='lat' dir='ltr'>formam</span> <span class='ocrx_word' id='word_1_341' title='bbox 969 2452 1124 2484; x_wconf 85' lang='lat' dir='ltr'>superiorem</span> <span class='ocrx_word' id='word_1_342' title='bbox 1142 2459 1170 2476; x_wconf 86' lang='lat' dir='ltr'>se</span> <span class='ocrx_word' id='word_1_343' title='bbox 1187 2451 1219 2476; x_wconf 84' lang='lat' dir='ltr'>ad</span> <span class='ocrx_word' id='word_1_344' title='bbox 1238 2450 1414 2475; x_wconf 83' lang='lat' dir='ltr'>formationem</span> <span class='ocrx_word' id='word_1_345' title='bbox 1433 2450 1473 2475; x_wconf 90' lang='lat' dir='ltr'>sui</span> <span class='ocrx_word' id='word_1_346' title='bbox 1491 2451 1649 2476; x_wconf 74' lang='lat' dir='ltr'>convertitur</span> <span class='ocrx_word' id='word_1_347' title='bbox 1668 2450 1712 2483; x_wconf 94' lang='lat'>(=</span> <span class='ocrx_word' id='word_1_348' title='bbox 1730 2450 1791 2476; x_wconf 75' lang='lat' dir='ltr'>ibid.</span> <span class='ocrx_word' id='word_1_349' title='bbox 1805 2451 1889 2483; x_wconf 80' lang='lat' dir='ltr'>paulo</span> 
     </span>
     <span class='ocr_line' id='line_1_45' title="bbox 241 2492 1890 2528; baseline 0.001 -10"><span class='ocrx_word' id='word_1_350' title='bbox 241 2494 362 2526; x_wconf 57' lang='lat' dir='ltr'>inferius)</span> <span class='ocrx_word' id='word_1_351' title='bbox 471 2493 505 2519; x_wconf 73' lang='lat'>53</span> <span class='ocrx_word' id='word_1_352' title='bbox 533 2493 655 2528; x_wconf 82' lang='lat' dir='ltr'>Speclari]</span> <span class='ocrx_word' id='word_1_353' title='bbox 679 2504 724 2528; x_wconf 87' lang='lat' dir='ltr'>pro</span> <span class='ocrx_word' id='word_1_354' title='bbox 748 2495 876 2527; x_wconf 82' lang='lat' dir='ltr'>speculari</span> <span class='ocrx_word' id='word_1_355' title='bbox 986 2493 1020 2519; x_wconf 81' lang='lat'>62</span> <span class='ocrx_word' id='word_1_356' title='bbox 1046 2492 1153 2527; x_wconf 78' lang='lat' dir='ltr'>legabis]</span> <span class='ocrx_word' id='word_1_357' title='bbox 1181 2502 1226 2526; x_wconf 87' lang='lat' dir='ltr'>pro</span> <span class='ocrx_word' id='word_1_358' title='bbox 1254 2493 1389 2526; x_wconf 77' lang='lat' dir='ltr'>ablegabis</span> <span class='ocrx_word' id='word_1_359' title='bbox 1447 2492 1585 2525; x_wconf 82' lang='lat' dir='ltr'>subornas]</span> <span class='ocrx_word' id='word_1_360' title='bbox 1613 2493 1723 2518; x_wconf 86' lang='lat' dir='ltr'>latenter</span> <span class='ocrx_word' id='word_1_361' title='bbox 1750 2502 1890 2527; x_wconf 73' lang='lat' dir='ltr'>praeparas</span> 
     </span>
     <span class='ocr_line' id='line_1_46' title="bbox 240 2535 1890 2571; baseline 0.001 -9"><span class='ocrx_word' id='word_1_362' title='bbox 240 2536 274 2562; x_wconf 78' lang='lat'>66</span> <span class='ocrx_word' id='word_1_363' title='bbox 298 2535 337 2570; x_wconf 87' lang='lat'><em>11.]</em></span> <span class='ocrx_word' id='word_1_364' title='bbox 362 2537 480 2570; x_wconf 86' lang='lat' dir='ltr'>spiritum</span> <span class='ocrx_word' id='word_1_365' title='bbox 584 2536 618 2563; x_wconf 81' lang='lat'>68</span> <span class='ocrx_word' id='word_1_366' title='bbox 642 2537 681 2571; x_wconf 56' lang='lat' dir='ltr'>tiz]</span> <span class='ocrx_word' id='word_1_367' title='bbox 709 2542 819 2564; x_wconf 82' lang='lat' dir='ltr'>naturae</span> <span class='ocrx_word' id='word_1_368' title='bbox 873 2537 910 2571; x_wconf 87' lang='grc' dir='ltr'>Κ.]</span> <span class='ocrx_word' id='word_1_369' title='bbox 935 2538 1054 2570; x_wconf 83' lang='lat' dir='ltr'>gratiam.</span> <span class='ocrx_word' id='word_1_370' title='bbox 1081 2551 1113 2555; x_wconf 78' lang='lat'>—</span> <span class='ocrx_word' id='word_1_371' title='bbox 1136 2538 1165 2562; x_wconf 88' lang='lat' dir='ltr'>Id</span> <span class='ocrx_word' id='word_1_372' title='bbox 1189 2541 1240 2563; x_wconf 85' lang='lat' dir='ltr'>est:</span> <span class='ocrx_word' id='word_1_373' title='bbox 1268 2538 1314 2569; x_wconf 88' lang='lat' dir='ltr'>qui</span> <span class='ocrx_word' id='word_1_374' title='bbox 1333 2537 1424 2562; x_wconf 85' lang='lat' dir='ltr'>dedisti</span> <span class='ocrx_word' id='word_1_375' title='bbox 1451 2540 1583 2569; x_wconf 79' lang='lat' dir='ltr'>naturam,</span> <span class='ocrx_word' id='word_1_376' title='bbox 1611 2537 1706 2570; x_wconf 81' lang='lat' dir='ltr'>largire</span> <span class='ocrx_word' id='word_1_377' title='bbox 1728 2541 1754 2563; x_wconf 85' lang='lat' dir='ltr'>et</span> <span class='ocrx_word' id='word_1_378' title='bbox 1779 2538 1890 2571; x_wconf 67' lang='lat' dir='ltr'>gratiam</span> 
     </span>
     <span class='ocr_line' id='line_1_47' title="bbox 241 2579 1200 2615; baseline 0 -10"><span class='ocrx_word' id='word_1_379' title='bbox 241 2579 275 2605; x_wconf 72' lang='lat'>69</span> <span class='ocrx_word' id='word_1_380' title='bbox 293 2579 463 2613; x_wconf 78' lang='lat' dir='ltr'>glaucividas]</span> <span class='ocrx_word' id='word_1_381' title='bbox 483 2580 639 2614; x_wconf 84' lang='lat' dir='ltr'>caliginosas</span> <span class='ocrx_word' id='word_1_382' title='bbox 743 2580 778 2607; x_wconf 88' lang='lat'>70</span> <span class='ocrx_word' id='word_1_383' title='bbox 797 2580 835 2615; x_wconf 85' lang='grc' dir='ltr'>Ε.]</span> <span class='ocrx_word' id='word_1_384' title='bbox 855 2582 944 2615; x_wconf 84' lang='lat' dir='ltr'>igneos</span> <span class='ocrx_word' id='word_1_385' title='bbox 996 2579 1109 2614; x_wconf 83' lang='lat' dir='ltr'>reclude]</span> <span class='ocrx_word' id='word_1_386' title='bbox 1131 2581 1200 2614; x_wconf 75' lang='lat' dir='ltr'>aperi</span> 
     </span>
    </p>
   </div>
   <div class='ocr_carea' id='block_1_10' title="bbox 344 2644 614 2699">
    <p class='ocr_par' dir='ltr' id='par_1_13' title="bbox 344 2644 614 2699">
     <span class='ocr_line' id='line_1_48' title="bbox 344 2644 614 2699; baseline 0 -7"><span class='ocrx_word' id='word_1_387' title='bbox 344 2665 379 2692; x_wconf 83' lang='lat'>50</span> <span class='ocrx_word' id='word_1_388' title='bbox 395 2666 484 2699; x_wconf 86' lang='lat' dir='ltr'>inquid</span> <span class='ocrx_word' id='word_1_389' title='bbox 503 2668 519 2692; x_wconf 78' lang='lat'><em>2</em></span> <span class='ocrx_word' id='word_1_390' title='bbox 536 2675 570 2694; x_wconf 89' lang='lat' dir='ltr'>m.</span> <span class='ocrx_word' id='word_1_391' title='bbox 582 2644 614 2692; x_wconf 48' lang='lat'>‘1³</span> 
     </span>
    </p>
   </div>
   <div class='ocr_carea' id='block_1_11' title="bbox 242 2751 1886 2840">
    <p class='ocr_par' dir='ltr' id='par_1_14' title="bbox 242 2751 1886 2840">
     <span class='ocr_line' id='line_1_49' title="bbox 345 2751 1886 2787; baseline 0 -8"><span class='ocrx_word' id='word_1_392' title='bbox 345 2753 380 2779; x_wconf 87' lang='grc'>69</span> <span class='ocrx_word' id='word_1_393' title='bbox 388 2759 441 2786; x_wconf 75' lang='lat' dir='ltr'>sqq.</span> <span class='ocrx_word' id='word_1_394' title='bbox 470 2751 524 2786; x_wconf 74' lang='lat' dir='ltr'>Gfr.</span> <span class='ocrx_word' id='word_1_395' title='bbox 537 2752 667 2780; x_wconf 77' lang='lat' dir='ltr'>Iohannis</span> <span class='ocrx_word' id='word_1_396' title='bbox 680 2752 784 2781; x_wconf 76' lang='lat' dir='ltr'>Scottus</span> <span class='ocrx_word' id='word_1_397' title='bbox 796 2752 840 2781; x_wconf 80' lang='lat' dir='ltr'>De</span> <span class='ocrx_word' id='word_1_398' title='bbox 858 2753 930 2781; x_wconf 78' lang='lat' dir='ltr'>verbo</span> <span class='ocrx_word' id='word_1_399' title='bbox 947 2753 1084 2781; x_wconf 77' lang='lat' dir='ltr'>incarnat.</span> <span class='ocrx_word' id='word_1_400' title='bbox 1103 2761 1182 2781; x_wconf 80' lang='lat' dir='ltr'>carm.</span> <span class='ocrx_word' id='word_1_401' title='bbox 1204 2751 1281 2780; x_wconf 87' lang='lat' dir='ltr'><strong><em>VIII</em></strong></span> <span class='ocrx_word' id='word_1_402' title='bbox 1289 2752 1327 2780; x_wconf 79' lang='lat' dir='ltr'>ed.</span> <span class='ocrx_word' id='word_1_403' title='bbox 1341 2751 1419 2780; x_wconf 77' lang='lat' dir='ltr'>Floss</span> <span class='ocrx_word' id='word_1_404' title='bbox 1434 2760 1497 2787; x_wconf 72' lang='lat' dir='ltr'>paq.</span> <span class='ocrx_word' id='word_1_405' title='bbox 1511 2753 1579 2780; x_wconf 80' lang='lat'>1230</span> <span class='ocrx_word' id='word_1_406' title='bbox 1596 2755 1619 2779; x_wconf 75' lang='lat' dir='ltr'><strong><em>d</em></strong></span> <span class='ocrx_word' id='word_1_407' title='bbox 1631 2751 1732 2779; x_wconf 72' lang='lat' dir='ltr'>Gousin</span> <span class='ocrx_word' id='word_1_408' title='bbox 1751 2751 1886 2787; x_wconf 68' lang='lat' dir='ltr'>Ouvrayoe</span> 
     </span>
     <span class='ocr_line' id='line_1_50' title="bbox 242 2803 653 2840; baseline 0.002 -8"><span class='ocrx_word' id='word_1_409' title='bbox 242 2803 336 2832; x_wconf 61' lang='lat' dir='ltr'>medice</span> <span class='ocrx_word' id='word_1_410' title='bbox 355 2804 499 2832; x_wconf 80' lang='lat' dir='ltr'>d&#39;Abelard</span> <span class='ocrx_word' id='word_1_411' title='bbox 512 2813 574 2840; x_wconf 72' lang='lat' dir='ltr'>pay.</span> <span class='ocrx_word' id='word_1_412' title='bbox 595 2805 653 2833; x_wconf 79' lang='lat'>621.</span> 
     </span>
    </p>
   </div>
  </div>
 </body>
</html>
