2040 2996
249 130 309 161 208
809 127 951 155 SEDULII
971 127 1099 155 SCOTTI
1118 127 1286 154 CARMINA
1305 126 1339 154 11.

1035 225 1116 246 xmn.

866 279 977 311 ITEM
1001 278 1062 310 AD
1087 278 1284 310 BERTAM.

616 341 801 372 Maternum
818 341 1004 383 specimen,
1028 340 1168 383 patrium
1192 340 1293 372 decus
1317 343 1416 382 atque
1441 343 1607 379 venustas,

614 391 729 423 Aurea
751 391 797 422 sic
821 391 932 422 rutilas
957 391 1047 422 velut
1070 394 1243 433 argentata
1267 391 1430 430 columba,

615 442 747 474 Electro
771 443 898 483 similis,
922 443 1038 475 niveae
1063 443 1229 485 genitricis
1253 443 1373 484 imago,

617 494 796 536 Splendida
820 505 899 526 cura
922 495 1034 537 patris,
1058 494 1135 526 Iesu
1159 505 1287 537 quoque
1315 505 1437 537 sponsa
1460 494 1567 534 beata,

552 553 563 571 5
618 545 764 576 Gemmis
787 545 942 576 virtutum
966 545 1122 585 renitens,
1147 545 1297 588 speciosa
1321 545 1481 587 quadriga

614 597 830 639 Iustitiaeque
855 597 933 629 rotis
958 596 1118 629 scandens
1143 607 1242 640 super
1265 597 1401 629 aethera
1424 597 1528 629 stella.

1035 694 1117 716 xmv.

825 747 887 779 AD
911 747 1135 780 KAROLUM
1158 747 1327 780 REGEM.

616 809 714 841 Ferte
738 809 806 840 viro
831 809 963 848 casiam,
986 820 1128 851 myrram
1152 808 1238 848 date,
1264 809 1415 841 cinnama
1438 809 1532 848 ferte,

664 861 756 893 Ireos
781 871 818 892 ac
841 861 948 900 flores,
972 861 1055 893 ferte
1080 861 1147 893 viro
1171 861 1303 893 casiam.

616 913 701 945 Nam
725 912 805 944 deus
829 913 1034 945 omnicreans
1059 913 1167 945 oleum
1191 913 1317 945 defudit
1340 913 1381 944 ab
1406 913 1483 953 alto,

662 965 766 996 Unxit
790 975 863 996 eum
889 975 1001 1006 regem
1026 975 1100 997 nam
1125 964 1205 996 deus
1230 965 1444 997 omnicreans.

550 1024 561 1042 5
616 1016 759 1048 Caesare
783 1016 823 1048 de
847 1016 978 1058 gemino
1002 1027 1061 1048 vos
1086 1017 1164 1048 estis
1187 1017 1286 1048 tertia
1309 1017 1419 1059 palma

662 1068 973 1110 Sceptrigerumque
997 1068 1098 1100 decus
1123 1067 1264 1100 Caesare
1288 1067 1328 1100 de
1352 1068 1495 1110 gemino.

619 1120 782 1163 Spargite,
806 1130 939 1162 quaeso,
964 1120 1043 1160 viro,
1067 1120 1241 1152 Paneheos
1265 1120 1374 1152 ducite
1399 1120 1506 1159 flores,

664 1172 750 1204 Lilia
774 1171 938 1204 Caesareo
964 1173 1118 1215 spargite,
1143 1183 1276 1215 quaeso,
1301 1172 1380 1205 viro.

1048 1284 1118 1306 va.

752 1338 812 1370 DE
838 1338 1015 1371 STRAGE
1039 1338 1407 1371 NORMANNORUM.

318 1400 491 1432 Gaudeant
515 1401 609 1439 caeli,
633 1410 732 1440 mare,
757 1402 875 1431 cuncta
897 1403 994 1439 terra,
1173 1400 1353 1443 Pauperes,
1377 1399 1472 1439 dites,
1497 1399 1580 1439 laici,
1604 1401 1765 1441 potentes,

320 1452 471 1484 Gaudeat
496 1452 617 1484 Christi
642 1452 846 1494 populusque
871 1462 1027 1489 vernans;
1175 1452 1203 1483 O
1228 1454 1382 1483 coronate
1407 1451 1567 1483 clericalis
1592 1450 1681 1489 ordo,

320 1504 423 1536 Facta
446 1505 581 1535 miretur
604 1503 725 1535 domini
749 1503 890 1535 tonantis
1175 1503 1290 1535 Omnis
1314 1503 1431 1535 aetatis
1455 1503 1556 1534 decus
1580 1505 1678 1544 atque
1704 1512 1815 1540 sexus,

461 1555 573 1587 Fortia
596 1556 708 1598 patris.
1109 1561 1135 1580 20
1317 1554 1468 1586 Plaudite
1491 1554 1611 1587 cuncti.

268 1643 279 1661 ⁵
321 1634 490 1666 Laudibus
513 1633 631 1675 dignus
654 1633 810 1664 bonitatis
835 1635 958 1672 auctor,
1174 1633 1349 1664 Brachium
1374 1632 1477 1675 patris
1502 1631 1645 1664 validum
1668 1631 1812 1674 potentis

319 1686 458 1728 Magnus
481 1685 512 1716 in
535 1685 662 1727 magnis
687 1684 798 1727 opifex
822 1684 950 1724 beatus,
1174 1684 1261 1717 Ecce
1285 1684 1434 1727 protrivit
1458 1684 1567 1716 subita
1590 1683 1745 1716 rebellem

321 1738 447 1769 Cuncta
470 1737 639 1779 dispensat
662 1736 849 1767 dominante
874 1739 955 1767 nutu
1175 1737 1292 1778 Strage
1317 1736 1539 1768 Non-mannum
1562 1735 1696 1778 pietatis
1719 1735 1862 1767 hostem:

463 1788 652 1831 Sceptriger
676 1787 773 1820 orbis.
1253 1786 1255 1788 ’
1318 1787 1429 1819 Gloria
1452 1788 1547 1830 patri.

321 1868 415 1910 Spes,
440 1867 529 1898 salus
554 1865 677 1903 mundi,
701 1865 774 1907 pius
798 1865 869 1907 ipse
894 1868 1001 1897 rector
1109 1873 1134 1892 2⁵
1175 1866 1340 1897 Proelium
1364 1876 1478 1908 campo
1501 1866 1638 1898 struitur
1661 1865 1798 1908 patenti,

256 1927 280 1945 10
322 1920 506 1951 Conterens
530 1928 649 1959 pravos
673 1917 813 1948 humiles
839 1920 983 1953 coronat,
1177 1917 1339 1960 Splendor
1361 1928 1524 1949 armorum
1550 1917 1657 1949 radiat
1679 1927 1738 1960 per
1760 1926 1868 1954 auras,

323 1971 481 2003 Sublevat
504 1969 606 2001 valles
630 1969 842 2011 reprimitque
866 1972 993 2001 montes
1176 1970 1267 2002 Voce
1291 1969 1472 2001 bellantum
1494 1969 1586 2001 varia
1609 1968 1778 2001 tremescit

463 2021 561 2053 Celsa
585 2023 742 2063 potestas.
1316 2021 1470 2053 Machina
1493 2021 1585 2053 caeli.

321 2100 383 2136 Qui
407 2099 485 2131 facit
509 2098 606 2130 rectis
630 2097 757 2129 radiare
782 2108 894 2129 vorum
1175 2098 1256 2130 Tela
1279 2102 1470 2140 sparserunt
1493 2098 1650 2140 geminae
1674 2097 1867 2140 phalanges,

320 2152 446 2183 Lumen
471 2151 503 2182 in
528 2149 634 2181 cordis
659 2149 858 2192 speculoque
882 2150 1011 2189 mentis,
1101 2157 1135 2175 ·³⁰
1175 2150 1290 2181 Danus
1313 2149 1430 2182 infelix
1456 2161 1516 2182 sua
1538 2149 1679 2192 dampna
1703 2149 1843 2191 quaerit,

257 2211 280 2229 15
324 2203 413 2239 Quos
437 2202 521 2244 tegit
545 2212 676 2244 semper
699 2201 822 2244 pietate
847 2201 975 2244 pollens
1175 2201 1315 2233 Ferreos
1340 2202 1461 2234 imbres
1484 2202 1562 2233 serit
1585 2204 1684 2244 atque
1708 2201 1782 2232 fixit

463 2253 621 2286 Conditor
644 2253 759 2285 almus.
1062 2274 1065 2275 γ
1318 2253 1450 2296 Agmen
1474 2254 1610 2286 inorme.

360 2349 449 2384 [xum]
473 2350 512 2375 ed.
535 2350 648 2375 Pirenne
662 2358 691 2382 p.
710 2348 745 2374 60
875 2348 963 2382 [xum]
985 2350 1025 2375 ecl.
1049 2350 1161 2375 Pirevme
1177 2359 1204 2385 p.
1222 2349 1257 2375 60
1273 2359 1308 2382 sq.
1406 2349 1423 2374 2
1440 2348 1486 2375 *ut
1500 2349 1522 2374 Ο
1605 2353 1667 2382 post
1683 2348 1700 2374 8
1719 2352 1746 2374 et
1764 2349 1861 2381 reliqua
1877 2348 1911 2374 0:

255 2404 359 2420 carmen
376 2399 404 2419 αι
422 2394 687 2435 antecedensaequoque
705 2402 758 2418 non
776 2393 812 2418 ad
823 2394 906 2426 flvwm
924 2393 1079 2425 descriptum
1201 2391 1280 2425 [xlm]
1300 2393 1340 2418 erl.
1363 2393 1456 2418 Graue
1472 2402 1502 2426 p.
1521 2393 1538 2418 8
1626 2391 1660 2418 10
1676 2396 1792 2417 conteres
1806 2390 1829 2417 G
1843 2401 1912 2417 corr.

258 2461 350 2485 Grosse
451 2457 482 2483 14
500 2436 600 2484 liii'rxign
619 2458 642 2483 0
708 2458 767 2483 mtis
785 2458 808 2483 Ο
829 2466 896 2483 corr.
923 2458 1016 2483 Graue
1045 2497 1047 2499 Ι
1123 2455 1155 2482 18
1173 2461 1233 2489 post
1257 2451 1280 2484 ὁ
1304 2457 1355 2483 del.
1376 2457 1400 2482 cl
1421 2457 1444 2482 G
1543 2456 1578 2482 29
1600 2457 1665 2482 'raia
1687 2457 1709 2482 G
1730 2466 1798 2482 corr.
1819 2457 1913 2482 Grom

254 2503 289 2528 30
307 2503 391 2536 querit
405 2502 427 2527 C

359 2569 448 2603 [xmn]
468 2569 485 2595 i.
504 2577 524 2595 e.
543 2569 627 2601 filiam
652 2569 767 2595 Lothari
789 2569 810 2595 I.
834 2568 995 2595 abbatissam
1013 2568 1225 2594 Amnaoensem
1248 2567 1280 2594 de
1305 2576 1360 2601 qua
1383 2567 1429 2600 cfr.
1454 2567 1610 2595 Duemmler
1630 2567 1718 2594 &dul
1745 2575 1825 2594 cam,
1847 2575 1878 2601 p.
1896 2567 1914 2594 2

255 2623 319 2648 adn.
333 2623 357 2649 G.
445 2622 461 2648 3
480 2621 544 2648 Ma.
560 2621 589 2647 X
597 2621 625 2654 V,
645 2622 697 2648 316
717 2621 828 2648 Electro
847 2621 960 2648 similes.
1079 2620 1168 2654 [xum]
1184 2620 1197 2646 1
1209 2628 1261 2653 sqq.
1275 2619 1400 2646 Similiter
1414 2619 1586 2646 Claudianus
1597 2619 1628 2646 de
1640 2622 1715 2653 nupt.
1729 2619 1802 2646 Han.
1814 2619 1849 2646 93
1860 2627 1914 2653 sqq.

255 2674 308 2701 Hic
338 2673 429 2700 casiae
461 2674 572 2699 matum
603 2682 682 2707 seges
710 2673 912 2706 Panchaeaque
939 2673 1055 2706 turgent
1074 2673 1078 2706 Ι
1098 2671 1236 2698 cinnama.
1283 2670 1465 2698 Claudianum
1497 2674 1584 2698 tamen
1615 2671 1649 2698 ab
1683 2679 1712 2698 eo
1741 2671 1836 2697 loetum
1860 2679 1914 2698 mc

256 2726 370 2753 versibus
396 2724 428 2751 de
454 2725 540 2758 reyim.
557 2725 646 2758 princ.
670 2733 691 2752 c.
711 2724 776 2751 XV.
805 2724 924 2751 laudatis
946 2725 1059 2757 probari
1085 2733 1142 2751 mm
1159 2726 1256 2757 potest,
1285 2732 1350 2757 quos
1373 2732 1406 2750 ex
1430 2725 1522 2751 Orosio
1546 2725 1663 2751 Paulorc
1685 2723 1809 2751 Dima
1827 2722 1914 2761 petiit,

257 2777 337 2812 [xm]
358 2777 389 2803 17
410 2788 441 2799 =
462 2776 564 2811 XVII,
583 2778 608 2806 9.
698 2778 732 2804 28
749 2778 795 2811 cfr.
810 2778 829 2805 I
846 2783 914 2803 Χνιι
931 2777 965 2804 23
977 2784 1023 2812 sq..
1111 2777 1144 2804 31
1166 2776 1220 2809 Gfr.
1235 2775 1384 2810 XXXIX,
1404 2777 1444 2803 31.
