2060 3074
776 151 886 180 VITAE
906 155 931 182 S.
951 156 1119 186 GERMANI
1138 161 1245 189 LIBER
1258 164 1305 191 IV.

797 239 880 273 Nam
905 253 1010 286 neque
1035 257 1158 279 summo

797 290 865 323 Res
888 296 998 335 gravis
1023 298 1091 330 ulla
1114 299 1185 338 de0‚

795 342 849 374 Me
873 345 1043 389 siccosque
1067 350 1194 383 videbis

729 405 755 423 ιο
793 393 934 428 Gressus
957 399 1043 431 ferre
1067 412 1127 443 per
1149 407 1314 447 aequora.’

719 886 744 905 48

717 1128 741 1147 ⁵2

711 1371 735 1390 56

700 1849 724 1868 ⁶⁴

694 2087 719 2105 68

691 2323 715 2342 ⁷2

687 2560 711 2579 7ss

793 479 870 512 Mox
892 483 1063 517 miseratus

791 531 918 565 Annuit
941 535 990 567 his
1015 538 1178 573 dominus:

790 583 911 616 Fidens
935 589 1065 621 numine
1089 591 1206 625 Petrus

791 634 929 679 Puppim
953 639 1063 673 desilit
1086 645 1185 677 ocius.

788 720 937 755 Pendula
960 730 1059 767 ponto

787 772 936 807 Membra
960 788 1062 810 senex
1086 781 1188 822 agitat

786 824 989 870 Innixusque
1014 832 1145 864 marinis

783 875 849 908 Dat
872 881 1011 923 vestigia
1035 883 1194 917 fluetibus.

784 962 851 995 Res
875 975 959 997 nova
982 972 1122 1002 mentem

782 1014 972 1049 Perculerat
994 1022 1175 1057 tremulam.

781 1065 862 1098 Tum
887 1068 1074 1104 discrimina
1097 1078 1214 1116 pontus

779 1117 924 1152 Intentat
947 1122 1016 1154 fera
1041 1124 1194 1161 fervidus.

779 1204 937 1249 Quaeque
961 1209 1090 1243 fidelem

778 1256 933 1300 Aequora
957 1263 1166 1301 sustulerant,

776 1308 939 1343 Paulatim
963 1313 1140 1355 liquefacta

773 1359 851 1393 Mox
876 1363 1046 1397 subsidere
1070 1377 1229 1403 cerneres

774 1445 919 1490 Corpore
942 1461 1068 1484 mersus

773 1497 907 1542 Iamque
931 1501 1048 1535 Petrus
1073 1506 1180 1538 medio

773 1548 870 1590 ‘Iesu,
894 1563 989 1593 nune,
1015 1556 1119 1593 bone!
1144 1559 1262 1591 elamat

773 1601 844 1633 ‘His
867 1614 919 1635 me
943 1606 1056 1650 deripe
1081 1609 1253 1642 fluctibus?

769 1682 875 1716 Obvia
899 1686 1019 1720 Christi

768 1733 915 1769 Dextera
938 1749 1033 1781 quem
1057 1744 1175 1785 rapuit.

769 1786 1023 1833 Conseensaque
1048 1793 1175 1826 liburno

763 1837 893 1872 Cedunt
916 1843 1015 1875 noxia
1038 1845 1178 1880 flamina.

763 1920 831 1953 Nos
855 1932 984 1966 quoque
1008 1925 1128 1960 dudum

762 1972 1006 2008 praetumidum
1031 1979 1167 2022 pelagus

762 2023 886 2057 Summi
911 2029 1041 2060 nomine
1065 2029 1186 2064 Christi

758 2075 878 2108 Confisi
902 2082 1156 2120 penetravimus.

758 2157 828 2189 Iam
852 2159 921 2191 fere
946 2171 1057 2194 cursus

759 2209 963 2252 Contigimus
987 2213 1130 2252 medios,-

756 2260 851 2293 Ponti
874 2265 984 2295 cerula
1007 2269 1132 2299 tantum

754 2311 796 2343 Et
819 2315 945 2346 caelum
970 2316 1112 2360 undique
1136 2320 1286 2353 cernitur.

755 2394 882 2427 Anxius
907 2397 1013 2430 haurit

753 2445 893 2479 Pectora
916 2449 1043 2492 iamque
1068 2463 1181 2494 pavor:

752 2497 883 2531 Tollunt
906 2511 1047 2543 aequora
1071 2505 1201 2538 molem:

754 2550 876 2593 Ineepti
901 2563 1028 2596 quoque
1051 2557 1207 2597 paenitet.

750 2630 860 2664 Pande
888 2645 1047 2671 serenam,

750 2681 887 2720 Christe,
913 2689 1019 2717 tamen
1044 2687 1169 2722 faeiem.

749 2733 832 2776 Spes
857 2740 889 2767 et
915 2739 1040 2780 respice
1065 2739 1190 2782 lapsas:

748 2784 841 2817 Votis
867 2789 975 2820 omnia
998 2792 1165 2825 cesserint.

1549 2865 1602 2891 60*

1799 172 1860 202 475
