2060 3074
213 178 274 207 490
865 171 1002 198 HEIRICI
1022 171 1196 198 CARMINA.

577 259 723 290 Barbara
746 269 839 289 mens
864 258 966 289 inhiat
990 257 1108 299 iugulis
1131 257 1255 288 factura
1278 257 1446 298 periclum,

577 310 662 346 Quid
686 309 789 352 possit
813 309 936 340 feritas.
984 309 1125 340 Saevum
1149 309 1233 351 rapit
1256 308 1423 350 improbus
1448 318 1566 349 agmen

580 362 710 394 Ardens
735 365 866 404 optatae
891 373 986 404 quam
1011 362 1150 404 primum
1173 361 1360 392 incumbere
1385 360 1537 403 praedae.

512 427 536 446 :35
576 414 730 446 Perccllit
752 414 904 446 miseram
929 413 999 445 dira
1023 413 1207 455 expectatio
1231 415 1364 454 gentem

579 466 621 497 Et
645 469 749 497 metus
773 466 946 508 impatiens
971 469 1004 496 et
1027 463 1135 497 rerum
1158 465 1316 507 plurimus
1339 464 1468 500 horror;

578 517 648 549 Nec
673 528 751 549 vero
776 517 915 559 simplex
939 520 1034 559 urget
1056 516 1249 559 praecordia
1271 519 1392 548 terror:

578 569 651 601 Non
675 569 823 601 conferre
847 579 991 607 manum,
1016 579 1079 600 non
1103 569 1184 600 fines
1209 568 1302 600 hoste
1326 569 1421 607 tueri,

579 621 651 652 Non
675 621 792 652 saltem
817 624 978 663 temptare
1001 621 1111 662 fugam
1133 620 1298 652 sententia
1321 620 1433 662 surgit.

515 686 539 704 30
576 672 687 714 Fingit
710 673 846 714 quisque
871 672 932 704 sibi
955 672 1037 704 varii
1060 672 1249 704 discrimina
1272 672 1351 704 loeti

581 724 722 766 Solaque
746 726 921 766 suspectae
945 727 1076 766 torquet
1099 723 1214 755 dilatio
1239 723 1362 755 mortis.

579 775 654 807 Una
677 776 791 807 subest
814 775 940 807 miseris
965 776 1047 807 ratio
1072 778 1204 807 servata
1228 775 1352 814 salutis,

582 828 617 860 Si
642 838 676 859 se
701 827 854 869 dignetur
878 827 995 869 gladiis
1020 837 1185 870 opponere
1209 827 1349 869 praesul.

623 879 757 921 Legatis
774 879 856 911 haec
874 889 1000 910 summa
1021 879 1094 915 fuit;
1119 878 1195 921 quid
1216 889 1301 910 nunc
1323 889 1462 921 quoque,
1485 881 1608 915 sancte,
1652 885 1824 918 Apoatropha.

516 944 540 963 ³5
578 931 663 968 Quid
686 931 832 962 facturus
857 931 941 962 eris?
989 931 1022 962 Si
1046 934 1079 963 te
1104 931 1287 963 subducere
1312 934 1463 973 temptes,

581 983 684 1023 Nosti,
709 983 786 1025 quid
811 986 904 1025 capto
929 983 970 1014 sit
992 983 1121 1015 viscera
1144 983 1297 1014 claudere
1321 983 1428 1018 fratri;

582 1035 659 1067 Sive
683 1035 794 1066 iuvare
820 1034 908 1074 velis,
934 1037 1058 1066 terrent
1081 1045 1177 1076 quam
1201 1035 1303 1066 multa
1328 1035 1503 1066 volentem:

583 1087 657 1118 Rex
680 1087 780 1127 ferus,
805 1086 987 1118 horrendae
1012 1087 1120 1118 rabies
1145 1086 1312 1128 incognita
1335 1086 1441 1128 gentis

584 1138 628 1170 Et
650 1139 761 1181 lingua
785 1142 818 1170 et
842 1149 949 1170 mores
975 1142 1152 1180 torvaeque
1176 1138 1341 1180 protervia
1363 1137 1488 1176 frontis.

519 1204 546 1223 4⁰
583 1191 667 1223 Tum
691 1191 778 1233 quod
802 1191 954 1234 perpetui
979 1190 1146 1222 defessum
1169 1190 1256 1222 mole
1280 1189 1401 1222 laboris

584 1243 776 1275 Destituant
798 1246 914 1275 tenues
938 1243 1106 1275 ineuntem
1131 1242 1269 1284 grandia
1292 1242 1390 1274 vires.

585 1295 665 1328 Fide
689 1296 765 1328 deo:
789 1296 935 1337 fraterna
957 1296 1041 1327 feret
1065 1295 1197 1327 dilectio
1221 1295 1373 1337 palmam.

587 1348 689 1380 Posse
714 1347 814 1387 dabit,
839 1348 893 1390 qui
917 1348 1004 1380 velle
1029 1347 1134 1380 dedit:
1158 1357 1211 1379 res
1235 1346 1338 1378 ardua
1361 1357 1555 1389 quanquam,

587 1400 748 1433 Concedit
770 1401 864 1432 iustis
887 1401 982 1432 laevo
1006 1411 1083 1432 mox
1107 1400 1240 1432 numine
1263 1400 1359 1432 votis.

522 1465 547 1485 45
627 1452 716 1495 Ergo
740 1453 803 1484 iter
826 1452 959 1484 invadit.
1004 1451 1131 1484 Aderat
1152 1462 1234 1494 gens
1257 1451 1380 1494 perfida
1403 1451 1484 1483 fines
1644 1461 1675 1485 Ut
1692 1468 1775 1493 regem
1792 1459 1851 1484 bar-

588 1505 658 1537 Iam
682 1508 888 1547 transgressa
913 1515 1006 1541 suos;
1031 1504 1150 1536 faciem
1173 1503 1299 1536 telluris
1323 1506 1459 1546 apertae
1621 1505 1712 1529 bamm
1730 1510 1865 1535 aqymmae

588 1558 746 1600 Implerat
771 1557 913 1588 ferratus
938 1567 1055 1599 eques;
1079 1566 1138 1588 rex
1163 1555 1301 1598 agminis
1325 1555 1387 1588 atri
1539 1575 1543 1578 -
1725 1546 1763 1571 ἰ’-

589 1610 755 1642 Barbarus
779 1610 812 1640 in
837 1608 943 1641 medio
968 1608 1114 1640 trucibus
1139 1607 1320 1640 horrendus
1344 1608 1377 1639 in
1401 1607 1499 1639 armis

590 1662 733 1704 Optatae
758 1672 816 1704 spe
842 1660 953 1693 caedis
978 1660 1055 1692 hiat.
1100 1659 1180 1692 Mox
1203 1659 1369 1703 praeduce
1392 1659 1495 1691 fidens

526 1727 551 1746 50
589 1714 771 1746 Germanus
795 1713 925 1745 domino
950 1712 1075 1744 medios
1099 1712 1255 1755 inrumpit
1276 1712 1308 1743 in
1332 1711 1444 1744 hostes

590 1766 793 1808 Armatoque
816 1765 891 1797 duci
915 1775 988 1797 sese
1013 1783 1054 1787 —
1077 1764 1226 1796 mirabile
1250 1763 1340 1795 dictu
1365 1782 1403 1786 —

591 1818 717 1861 Ingerit
740 1817 920 1860 intrepidus
945 1816 1117 1859 medioque
1141 1817 1321 1858 interprete
1345 1815 1485 1858 primum

591 1871 717 1910 Exorat
740 1880 879 1912 seseque
903 1879 1020 1912 preces
1045 1868 1183 1900 effundit
1205 1868 1239 1900 in
1263 1878 1390 1900 omnes:

592 1923 654 1955 Ille
677 1933 794 1955 manus
818 1922 950 1954 indocta
973 1921 1040 1964 pati
1065 1932 1125 1953 ceu
1147 1920 1256 1952 bestia
1279 1919 1440 1962 quondam

528 1990 551 2007 ⁵⁵
589 1976 746 2007 Orantem
769 1974 899 2017 refugit.
946 1973 1082 2006 Praesul
1107 1972 1314 2005 cunctamina
1337 1972 1429 2005 saevi

593 2027 740 2059 Pectoris
764 2026 952 2068 increpitat:
977 2025 1210 2057 nichilominus
1233 2024 1347 2056 abnuit
1370 2024 1435 2056 ille.

593 2080 742 2111 Antistes
767 2078 890 2121 coeptis
915 2077 1047 2110 tandem
1070 2077 1249 2120 persistere
1274 2079 1382 2108 certus

593 2131 774 2172 Iniecitque
798 2140 928 2161 manum
953 2130 1101 2172 frenique
1125 2129 1245 2160 invasit
1268 2127 1424 2160 habenas.

594 2183 782 2215 Inmensum
809 2186 964 2224 stupuere
988 2192 1115 2214 omnes:
1142 2181 1301 2212 sistuntur
1325 2179 1438 2212 eodem

529 2250 555 2268 eo
593 2235 735 2278 Agmina
757 2235 823 2266 fixa
846 2235 917 2266 loco
941 2245 1001 2266 nec
1026 2233 1114 2266 cedit
1138 2233 1231 2275 copia
1255 2232 1405 2274 cuiquam

594 2288 657 2320 Vel
680 2289 807 2319 mutare
833 2287 941 2318 locum
965 2286 1016 2318 vel
1041 2295 1203 2328 quoquam
1227 2285 1359 2316 flectere
1383 2294 1541 2326 gressum.

598 2340 703 2371 Tanto
727 2339 874 2371 sidereae
899 2337 1042 2381 perfudit
1066 2337 1172 2380 gratia
1193 2337 1276 2368 lucis

597 2391 788 2423 Pontificem
812 2390 918 2422 radio:
943 2400 1002 2432 par
1026 2389 1170 2420 vultibus
1194 2388 1248 2420 ille
1272 2387 1395 2429 Moysis

597 2443 776 2475 cornutam
801 2443 918 2475 faciem
943 2442 1063 2474 domini
1088 2440 1260 2473 referentis
1284 2439 1325 2471 ab
1348 2449 1403 2470 ore

337 2542 442 2567 Scholia
466 2556 495 2560 -
520 2542 555 2567 22
580 2540 713 2575 periclum]
737 2541 947 2573 experimentum.
970 2553 1002 2557 —
1031 2539 1168 2564 Terentius
1187 2538 1266 2569 (Eun.
1288 2537 1340 2562 III
1351 2537 1440 2568 2,23):
1466 2536 1525 2561 ‘Fac
1549 2534 1681 2569 periclum*
1705 2535 1721 2560 i.
1740 2543 1763 2560 e.
1785 2535 1883 2568 experi-

233 2589 346 2610 mentum
451 2584 482 2611 41
509 2584 666 2618 Destituant]
689 2586 815 2610 Deserant
919 2581 953 2608 43
975 2581 1133 2615 quanquam]
1157 2591 1191 2607 sc.
1216 2582 1247 2607 sit
1352 2579 1387 2606 50
1411 2578 1450 2612 in]
1474 2583 1552 2605 vacat
1578 2578 1606 2610 (i.
1623 2586 1644 2604 e.
1666 2586 1884 2611 supervacaneum

232 2629 277 2659 est>
296 2628 338 2653 ‘iu'

337 2704 371 2730 43
389 2676 493 2731 uelleillit
511 2705 535 2730 P
633 2704 666 2731 48
685 2706 802 2730 immedio
822 2705 847 2729 Ρ
944 2703 979 2729 60
995 2703 1079 2729 coedit
1096 2703 1121 2728 P
1218 2701 1250 2728 61
1274 2702 1321 2727 Vel
1340 2698 1475 2732 Bacchius]
1496 2699 1568 2725 Unde
1585 2698 1611 2723 P
1708 2696 1742 2723 62
1759 2697 1843 2729 sidere
1861 2697 1886 2723 P

337 2783 370 2808 '29
389 2781 529 2808 sententia
548 2781 638 2815 surgit
657 2782 725 2808 Aen.
747 2781 833 2808 1582.
933 2781 966 2807 47
977 2789 1015 2814 sq.
1037 2779 1091 2812 Cfr.
1110 2779 1179 2806 Aen.
1199 2778 1275 2805 VIII
1285 2778 1344 2805 587.
1443 2777 1476 2803 58
1499 2775 1560 2805 Met.
1581 2775 1666 2804 XIII
1675 2775 1725 2806 1'1'0
1743 2773 1884 2812 Iniecique

236 2842 301 2860 mal]
305 2842 358 2860 um.
