2060 3074
465 655 500 673 luo

465 914 500 932 105

465 1173 501 1192 no

465 1432 499 1451 1111

465 1691 501 1709 121)

466 1948 501 1967 1211

470 2205 506 2224 1³ss

468 2462 504 2481 1:15·

280 2753 312 2779 97
331 2762 407 2786 magn
425 2762 490 2779 corr.
512 2753 543 2777 H
617 2752 666 2778 110
683 2753 784 2778 adluitua
802 2753 857 2777 ulia
874 2761 951 2778 nuum
971 2761 1037 2778 corr.
1060 2752 1089 2777 II
1169 2752 1217 2778 129
1235 2754 1413 2785 ουιιῐέριιοιιιῐυ
1434 2753 1465 2778 Η

583 74 595 89 ἡ

592 192 631 219 IN
650 193 873 220 HINCMARUM
893 193 1096 221 EPISCOPUM
1116 195 1397 223 LAUDUNFINSE'M.

539 279 665 312 Iudicat
689 280 760 322 ipsa
783 280 842 312 tibi
867 281 1039 313 manifeste
1065 282 1178 324 regula.
1203 286 1326 320 sancta,

582 331 731 368 Qualiter
754 332 804 363 his
829 332 896 364 fieri
921 333 1051 364 debitus
1075 333 1154 365 ordo
1179 338 1287 375 queat.

536 383 569 414 Si
594 384 684 425 leges
709 384 820 423 scirem
845 395 1002 416 canonum
1028 396 1107 427 quas
1131 389 1252 417 trames
1277 386 1424 422 honorat,

580 435 756 477 Pet-spicue
780 446 906 475 nosses,
931 447 1014 477 quae
1038 437 1122 468 bene
1147 441 1266 469 cuncta
1288 441 1414 480 patent.

539 486 582 518 Et
604 490 639 518 tu
663 487 883 530 conspiceres,
910 488 972 519 nisi
997 499 1116 530 magna
1139 489 1294 530 albugine
1319 490 1435 532 plenus

582 538 742 571 Mulceret
764 539 852 570 visus
878 539 958 571 haec
983 539 1040 571 tibi
1065 544 1144 572 nota
1167 540 1247 572 fore.

539 589 631 626 Quae
654 589 712 621 tibi
736 589 812 621 dum
836 589 960 625 tribuis.
985 591 1087 623 iactas
1112 595 1144 623 et
1168 592 1250 623 scire
1274 592 1424 634 superbe.

581 641 695 673 Cordis
721 641 807 673 inest
831 642 924 673 oculo
949 653 1014 674 nox
1039 643 1214 675 tenebrosa
1238 647 1303 675 tuo.

538 693 624 725 Hinc
648 693 769 725 etenim
792 693 923 725 domino
947 705 1048 736 panes
1071 695 1172 726 offere
1197 695 1327 727 vetaris.

580 745 731 787 Tangere
755 745 832 787 quin
856 746 955 776 etiam
980 746 1051 778 iura
1074 747 1254 778 ministerii.

538 797 632 828 Hanc
656 800 789 828 auctore
811 797 898 838 geris
922 798 1015 840 lapso
1040 797 1080 829 de
1105 798 1177 830 luce
1203 799 1354 841 superbo.

581 848 643 885 Qui
668 848 806 880 sublime
831 848 963 891 quidem
986 849 1115 881 loetifer
1139 861 1233 882 omne
1259 851 1354 882 videt.

538 900 601 932 llic
625 905 656 932 te
679 900 787 932 mirari
812 901 956 939 monitat,
981 901 1066 943 quod
1090 902 1219 943 perficis
1244 903 1324 944 ipsc,

580 951 676 988 Quod
698 959 760 983 non
785 955 834 983 est
858 952 983 989 mirum,
1009 952 1067 984 sed
1091 953 1198 995 potius
1224 954 1378 986 miserum

539 1005 586 1035 Ao.
610 1004 839 1036 detestandum
864 1005 931 1035 veri
955 1005 1082 1036 ratione
1106 1006 1239 1038 tenoris.

580 1056 650 1087 Non
675 1056 904 1095 attestandum,
929 1067 1059 1098 prorsus
1083 1060 1118 1088 ut
1140 1058 1298 1091 illicitum.

539 1107 675 1150 Propter
698 1107 759 1139 hoc
784 1110 893 1139 autem
918 1111 1043 1139 tantum
1068 1109 1209 1140 clamare
1233 1109 1352 1141 videris

581 1159 720 1191 Securos
744 1159 852 1191 aditus
877 1159 964 1191 sedis
989 1160 1201 1202 apostolicae,

540 1211 592 1249 Ut,
616 1211 702 1254 quod
727 1211 820 1243 valde
846 1211 935 1251 libet,
958 1212 1069 1244 valeas
1093 1216 1222 1255 patrare
1246 1214 1401 1246 licenter:

581 1263 653 1295 Non
677 1267 787 1295 tamen
811 1274 906 1295 omne
931 1264 1018 1303 licet,
1043 1264 1127 1306 quod
1153 1265 1211 1296 tibi
1236 1265 1320 1296 forte
1344 1265 1434 1296 libet.

538 1315 583 1347 At
605 1315 710 1356 magis
734 1315 764 1346 id
789 1318 906 1353 certas,
931 1316 1006 1357 quia
1030 1326 1093 1347 non
1119 1317 1168 1347 vis
1192 1316 1261 1359 ipse,
1287 1317 1420 1348 subesse

582 1366 657 1405 Ulli,
682 1377 742 1398 ceu
767 1367 871 1410 poscit
897 1367 1010 1408 regula
1034 1368 1189 1405 iustitiae,

538 1418 622 1450 Hine
646 1419 776 1450 imitans
802 1419 901 1458 illum,
926 1419 981 1461 qui
1005 1419 1083 1450 nulli
1110 1423 1227 1462 sponte
1251 1419 1386 1451 subesse

582 1469 724 1502 Gestivit
746 1470 859 1501 labens
883 1481 942 1513 per
964 1471 1050 1502 mala
1073 1481 1222 1513 quaeque
1246 1472 1356 1505 miser.

540 1522 602 1558 Qui
627 1522 704 1554 vitio
729 1523 859 1565 proprio
882 1522 956 1554 talis
982 1523 1044 1554 iam
1068 1523 1174 1555 factus
1199 1523 1348 1558 liabetur,

578 1573 623 1605 Ut
646 1574 768 1606 nullum
802 1574 912 1605 timeat
936 1584 995 1605 nec
1019 1574 1106 1606 mala
1131 1579 1204 1617 post
1228 1578 1362 1606 metuat.

1754 198 1817 228 419

539 1625 634 1657 llunc
659 1629 692 1656 et
716 1626 746 1657 in
773 1625 832 1657 hoc
858 1626 1016 1668 sequeris,
1040 1625 1116 1657 dum
1139 1628 1204 1658 'non
1228 1627 1423 1669 resipiscere
1448 1627 1622 1669 quiequam

581 1677 610 1708 A
634 1687 732 1720 prave
757 1678 883 1720 coeptis
908 1678 958 1709 vel
982 1677 1040 1709 tibi
1068 1689 1140 1709 sero
1165 1679 1283 1720 placet,

541 1729 632 1760 Sicut
656 1733 688 1761 et
713 1729 781 1771 ipse
805 1730 927 1771 nequit.
953 1734 1124 1772 postquam
1150 1741 1248 1772 super
1272 1730 1381 1762 omnia
1405 1742 1479 1761 sose

583 1779 711 1812 Extulit
734 1784 767 1812 et
790 1780 908 1812 misere
933 1781 1056 1823 primus
1081 1781 1121 1812 ad
1145 1782 1208 1812 ima
1233 1782 1307 1814 ruit.

540 1831 604 1864 Sed
630 1832 657 1863 si
681 1831 763 1864 forte
788 1832 913 1863 animos
941 1833 1050 1864 vincas
1075 1832 1114 1864 ad
1140 1837 1256 1864 cuncta
1281 1836 1459 1876 protervos,

583 1883 613 1916 A
636 1884 754 1926 quibus
778 1895 819 1916 ex
845 1884 951 1916 studio
976 1884 1069 1916 valde
1094 1889 1206 1916 tenere
1230 1889 1295 1918 tuo.

540 1935 720 1968 Confestim
745 1937 866 1978 poteris
890 1947 1005 1967 secure
1030 1947 1106 1968 vera
1131 1941 1253 1973 tenere,

583 1987 613 2018 A
637 1987 754 2030 quibus
779 1992 812 2019 et
835 1988 948 2019 nolens
973 1988 1114 2019 vinceris
1139 1988 1208 2030 ipse
1233 1988 1338 2021 modo.

541 2038 648 2081 thue
673 2038 796 2082 duplex
819 2040 938 2074 animo,
962 2039 1151 2071 inconstans
1175 2049 1234 2082 per
1257 2043 1373 2071 cuncta
1398 2039 1524 2074 viando,

585 2090 712 2132 Lingua
734 2091 934 2122 assentantis
960 2091 1051 2132 regia
1073 2090 1173 2122 corda
1196 2091 1279 2124 linis.

542 2141 646 2178 Quem
673 2142 910 2174 contemnendo
934 2142 1018 2174 nosti
1043 2145 1075 2173 te
1101 2142 1231 2175 laedere
1257 2143 1371 2174 crebro

586 2193 659 2225 Non
683 2204 802 2236 parens
825 2193 910 2224 dicto
934 2194 1018 2236 legis
1043 2194 1254 2236 apostolicae,

540 2243 633 2280 Quod
657 2245 787 2277 demum
813 2245 916 2276 sancti
941 2255 1083 2276 canones
1108 2255 1165 2277 seu
1189 2246 1320 2287 publica
1346 2246 1414 2277 iura

584 2295 626 2327 Et
649 2294 733 2338 quod
758 2296 830 2327 hinc
855 2296 951 2328 sedes
976 2297 1080 2328 sancit
1103 2297 1298 2338 apostolica:

542 2347 675 2379 Scilicet
698 2351 734 2379 ut
758 2348 863 2379 subsit
887 2348 1022 2389 quaevis
1046 2348 1212 2390 provincia
1235 2348 1304 2379 sedi

586 2398 858 2441 Metropolitanae
883 2410 1013 2441 semper
1036 2399 1156 2440 ubique
1182 2409 1270 2431 suae.

543 2449 575 2481 Si
600 2451 659 2489 vis,
684 2451 709 2482 si
734 2461 796 2482 non
822 2451 879 2489 vis7
904 2451 1030 2482 firmum
1053 2451 1216 2482 constabit
1240 2451 1271 2482 in
1295 2461 1428 2483 aevum:

587 2501 639 2534 Sic
662 2513 739 2534 vere
763 2506 895 2534 sanctus
920 2503 1051 2545 spiritus
1076 2503 1226 2542 instituit,

545 2553 590 2585 Ut
611 2554 670 2586 tibi
695 2554 879 2596 conscripta
902 2554 933 2585 in
958 2564 1055 2596 parvo
1078 2553 1255 2596 diplomate
1280 2554 1351 2585 misi

587 2605 760 2637 Remorum
786 2605 926 2647 praesul.
951 2606 1156 2656 metropolita
1180 2609 1264 2637 tuus.

283 2839 332 2865 103
351 2837 428 2864 Hanc
446 2845 479 2863 nc.
498 2840 615 2869 noctem.
722 2837 770 2863 115
789 2836 944 2869 Lucifermn
963 2837 1034 2863 (licit.

1541 2753 1588 2779 133
1607 2754 1735 2787 prouintia
1756 2754 1784 2778 ΙΙ

1546 2885 1598 2911 53*
