2040 2996
0 2279 6 2303 ,--
0 2201 9 2260 a-v
0 2133 7 2148 .-

383 434 421 453 ³05

383 696 422 715 ³1⁰

382 955 420 974 ³1⁵

113 1005 137 1026 C.
150 1005 224 1026 xvn.

381 1213 420 1232 ³20

383 1472 420 1492 :³25

111 1625 136 1649 C.
150 1625 235 1648 XVIII.

381 1733 420 1753 ³³0

382 1991 420 2011 ³³5

382 2251 421 2271 ³4⁰

383 2511 420 2530 ³⁴5

216 2703 268 2730 326
285 2704 422 2730 morituros

214 2789 266 2818 319
282 2788 334 2822 cfr.
347 2795 422 2822 pass.

576 41 595 60 ,δ

434 132 644 160 PASSIONUM
664 131 717 158 BB.
736 130 879 158 IULIANI
897 129 945 157 ΕΤ
965 129 1150 157 SOCIORUM
1169 129 1252 157 EIUS
1270 130 1379 157 LIBER
1399 130 1444 157 IV.

479 220 575 263 Ipsos
597 229 683 260 esse,
706 221 798 251 tuum
822 228 904 261 quos
926 228 1013 250 nunc
1035 217 1167 249 adstare
1190 217 1334 250 tribunal

479 271 724 314 Indomitasque
747 270 846 311 feras,
869 281 994 313 poenas
1018 272 1092 312 post
1114 269 1203 301 mille
1226 270 1280 301 vel
1303 270 1409 311 ignes.

479 323 613 366 Aspicis
636 324 768 362 inlesos,
792 322 935 354 truncari
957 324 991 353 et
1012 320 1156 364 perfidus
1178 331 1309 363 urgues.

481 375 596 407 Gratia
617 385 758 417 namque
781 374 836 409 dei
859 374 962 406 nostri
983 374 1155 416 pietasque
1178 373 1323 414 benigna

481 427 636 470 Excipiet
657 430 786 458 nostras
810 426 935 458 animas
959 428 992 457 et
1015 425 1135 456 vestiet
1158 425 1231 456 illas

480 480 634 512 Aeternis
657 479 749 510 stolis
772 478 1007 520 lacrimamque
1029 477 1201 518 absterget
1224 476 1265 508 ab
1289 477 1354 508 illis

480 531 572 563 Dans
594 531 721 574 palmas
743 530 880 570 dextris,
903 532 1020 572 aptans
1043 533 1076 560 et
1100 528 1191 560 crine
1214 538 1360 559 coronas.

479 584 572 616 'runc
595 583 714 615 nostris
736 582 878 625 pedibus
900 582 987 613 victa
1010 583 1043 612 et
1066 581 1231 612 substrata
1252 581 1373 614 iacebit

478 636 610 668 Mortua
631 646 718 667 mors
741 637 920 676 auctorque
945 645 1022 666 suus
1045 633 1242 666 cruciaberis
1265 637 1299 666 et
1322 638 1367 673 tu,

479 688 646 720 Marciaue
670 687 786 719 infelix
809 687 924 718 ovibus
948 686 1140 718 saevissime
1164 684 1296 725 Christi,

479 740 662 772 Conclusus
685 739 829 771 tenebris
852 739 1057 780 flammisque
1080 738 1280 781 perennibus
1304 740 1402 780 atque

478 792 656 825 Vermibus
679 795 714 824 et
736 791 842 823 beluis
865 790 1067 833 canibusque
1090 790 1280 827 voracibus;
1305 793 1338 821 et
1361 790 1407 821 sic

479 843 562 876 Cum
585 844 736 886 genitore
759 846 816 874 tuo
839 842 956 885 poenis
980 841 1113 874 durabis
1136 842 1169 873 in
1192 841 1285 884 ipsis,

478 895 592 927 Donec
615 895 813 927 celsitonans
836 894 948 926 veniat
970 893 1143 936 cunctique
1166 895 1353 935 resurgant:

478 947 561 979 Iusti
584 950 680 990 atque
702 947 825 985 iniusti,
848 946 973 978 meritis
996 945 1181 978 reddendus
1204 948 1352 987 uterque.

479 998 625 1041 Corpora
647 1001 831 1030 sanctorum
854 1001 976 1040 quanta
998 1000 1074 1029 tuuc
1097 997 1171 1029 luce
1194 995 1376 1035 nitebunt‘I,

477 1051 580 1091 Tunc,
601 1061 676 1083 cum
698 1050 836 1082 vivificis
859 1049 1030 1082 animabus
1052 1049 1093 1082 ab
1116 1059 1191 1081 arce
1214 1048 1356 1091 receptis

478 1102 624 1135 Caelesti
647 1102 831 1135 exhilarata
855 1102 951 1134 simul
974 1112 1048 1134 cum
1071 1101 1148 1134 dote
1172 1101 1314 1133 creantis

477 1154 521 1187 Et
544 1155 719 1187 coniuncta
741 1154 790 1186 illi
813 1154 934 1186 fuerint
957 1164 995 1185 ac
1019 1164 1122 1196 regna
1143 1154 1294 1196 polorum

479 1205 680 1249 sceptrigeri
705 1216 801 1248 reges
826 1205 950 1238 victrici
974 1206 1048 1248 lege
1072 1209 1224 1238 tenentes

476 1258 607 1290 Felices
631 1258 702 1290 sine
725 1257 789 1290 fine
813 1257 868 1290 dei
891 1257 1007 1290 faciem
1033 1257 1243 1300 speculariut,

477 1310 544 1342 Olli
567 1313 629 1342 ‘ter
651 1308 795 1342 sanctus'
819 1309 981 1341 cantarint
1004 1319 1135 1352 semper
1158 1312 1192 1342 et
1214 1308 1344 1349 ‘amen’,

477 1361 615 1394 Munere
640 1361 732 1393 cuius
755 1364 852 1393 erunt
874 1371 1029 1392 mansura
1051 1361 1124 1393 luce
1146 1360 1236 1393 beati

475 1413 519 1445 Et
542 1413 650 1445 cuncti
672 1413 792 1445 fratres
815 1413 929 1445 sociali
950 1423 1032 1455 pace
1056 1413 1168 1455 quieti.

479 1465 566 1502 Quid
589 1474 722 1508 sperare
744 1464 848 1505 vales,
871 1464 1016 1507 praesul,
1039 1464 1116 1496 dum
1139 1465 1282 1508 corporis
1306 1464 1400 1497 huius

478 1517 532 1550 Sic
555 1517 666 1550 vultus
689 1519 819 1549 nostros
843 1517 1020 1548 murituros
1044 1516 1192 1549 irradiari

477 1569 617 1601 Lumine
640 1568 752 1601 divino
774 1578 902 1608 cernas,
924 1569 1068 1611 periture
1090 1569 1252 1611 profane?

477 1622 571 1654 Haec
595 1631 671 1664 spes
694 1623 785 1653 certa
807 1620 939 1663 quidem
962 1621 1069 1654 nobis.
1114 1620 1200 1661 Tibi,
1223 1620 1360 1663 pestifer
1378 1619 1508 1662 anguis,

476 1672 579 1713 Quae,
593 1673 729 1715 cogitas,
742 1672 902 1705 tenebrae
916 1675 1078 1711 maneant,
1094 1683 1167 1705 eum
1180 1673 1322 1705 claustra
1334 1672 1506 1715 gehennae

480 1724 698 1757 Reddiderint
719 1724 861 1756 animam
884 1724 1056 1756 miseram?
1080 1734 1164 1767 quae
1187 1734 1323 1767 corpore
1348 1727 1477 1766 sumpto

477 1777 531 1809 Ad
553 1786 666 1808 vocem
688 1776 811 1808 domini
834 1786 946 1808 rursus
969 1779 1137 1818 mergetur
1158 1776 1192 1808 in
1214 1776 1304 1819 ipsas

476 1828 730 1861 Flammivomas
753 1838 871 1860 caveas
894 1828 1012 1860 inferni
1035 1828 1142 1861 iudice
1167 1827 1309 1869 Christo,

477 1880 583 1917 Quam
606 1890 726 1923 gurges
749 1879 948 1923 Flegetouta
971 1880 1099 1920 ardens,
1123 1879 1267 1923 Cocytus
1291 1883 1324 1912 et
1347 1880 1419 1923 ipse

476 1931 520 1964 Et
542 1932 667 1975 plumbi
689 1931 820 1975 liquidis
843 1932 992 1975 piceique
1016 1932 1183 1964 bituminis
1206 1942 1318 1964 amnes

479 1984 685 2017 Convolvent
707 1984 781 2016 ollis
803 1984 926 2016 baratri
947 1984 1117 2027 furvisque
1141 1985 1290 2017 cavernis

477 2036 521 2068 Et
543 2037 692 2069 flammae
716 2039 750 2069 et
771 2036 875 2079 frigus
899 2036 978 2068 fletu
1001 2040 1035 2068 et
1059 2036 1254 2068 stridoribus
1277 2040 1410 2079 augent.

476 2088 521 2120 Et
543 2099 584 2121 ne
608 2088 692 2120 forte
714 2088 814 2130 fugae
837 2088 997 2120 auxilium
1022 2088 1215 2131 quandoque
1238 2089 1392 2131 requirat,

479 2140 618 2173 Sortitus
642 2143 754 2183 portas
778 2140 829 2172 his
853 2139 1016 2172 Cerberus
1039 2144 1129 2172 arcet
1151 2141 1185 2172 in
1207 2141 1320 2172 antris.

478 2192 620 2225 Conscia
642 2203 760 2236 nempe
784 2192 846 2232 sui,
870 2202 1001 2235 semper
1023 2203 1105 2235 quas
1128 2192 1265 2235 parturit
1286 2192 1384 2232 intus,

477 2244 571 2277 Mens
594 2245 714 2277 viciata
736 2244 813 2277 boni
836 2245 986 2277 mammis
1000 2245 1146 2289 lactabit
1167 2244 1291 2280 avaris;

478 2296 548 2329 Nec
572 2297 678 2329 minus
703 2296 848 2328 exterius
872 2307 986 2328 carnes
1008 2307 1190 2338 nervosque
1214 2296 1268 2327 vel
1292 2305 1367 2327 ossa

479 2348 634 2391 Corporei
657 2347 774 2380 rodent
795 2358 924 2380 vermes
948 2357 1124 2390 numquam
1149 2346 1311 2383 morituri;

479 2398 568 2436 Quos
592 2399 715 2432 dudum
736 2399 855 2431 meruit
877 2399 974 2442 digne
998 2409 1191 2441 semperque
1214 2398 1353 2436 furores,

478 2450 679 2495 Experietur
701 2461 758 2484 eos
781 2461 959 2494 numquam
983 2461 1120 2483 sensura
1143 2450 1303 2493 quietem:

479 2503 578 2535 Nulla
599 2502 669 2535 dies
692 2503 770 2544 illio,
794 2502 853 2535 sed
876 2513 942 2535 nox
965 2506 1102 2534 aeterna
1125 2501 1273 2544 sepultis.

478 2554 549 2587 Nec
571 2565 656 2587 mors
680 2557 792 2597 optata
814 2555 949 2587 veniens
973 2554 1102 2586 auferre
1126 2553 1257 2584 labores

435 2703 466 2729 P·
571 2701 623 2729 328
641 2703 715 2736 aguis
728 2702 753 2728 P
855 2701 906 2728 339
923 2700 1004 2735 *quos
1017 2700 1042 2726 P

441 2787 498 2822 HI,
509 2788 567 2815 179.
672 2788 725 2815 328
740 2787 786 2821 cfr.
804 2794 877 2821 pass.
897 2785 954 2820 III,
970 2787 1012 2812 25.
1117 2784 1168 2811 329
1186 2784 1235 2817 cfr.
1253 2782 1279 2810 d.
1295 2784 1314 2816 s.
1332 2792 1355 2811 v.
1374 2784 1432 2811 257.

1705 132 1764 161 117
