2138 3106
775 177 904 204 EPICED
910 178 977 219 IUM
997 178 1097 205 HATH
1103 179 1259 206 UMODAE.
1778 181 1839 212 373

563 263 649 296 Nam
673 266 725 297 ‘ne
749 265 826 307 quid
850 264 956 296 nimis’
981 266 1114 307 egregie
1137 265 1268 308 quidam
1291 269 1324 298 et
1346 266 1431 298 bene
1453 266 1546 307 dixit,

603 315 707 348 Immo
730 327 790 359 per
811 317 898 348 hunc
922 317 1030 359 potius
1054 317 1116 349 hoc
1139 322 1250 350 monet
1272 318 1343 361 ipsc
1367 318 1457 351 deus.

198 367 461 401 RESPONSIO.
570 367 673 408 Haec,
697 379 781 411 quae
804 369 1020 411 prosequeris,
1044 380 1175 411 prorsus
1199 370 1368 402 verissima
1391 374 1551 411 constant,

604 419 648 452 Et
669 420 789 452 scimus
812 421 945 452 nimium
969 431 1064 452 omne
1089 425 1199 453 vetare
1223 422 1335 459 deum3

495 483 520 502 ⁴⁵
559 471 626 503 Sed
648 472 780 504 minime
805 472 900 504 nobis
924 473 1058 504 nimium
1082 473 1142 504 hoc
1167 484 1239 505 esse
1264 473 1402 513 videtur,

603 523 697 560 Quod
719 525 844 555 meritis
869 525 988 556 scimus
1013 525 1117 566 ipsius
1142 535 1214 556 esse
1238 526 1354 557 minus.

560 574 698 612 Quantis
722 587 862 618 namque
886 575 977 608 bonis
1001 577 1033 608 in
1056 577 1117 608 hae
1142 587 1206 608 una
1230 588 1409 618 careamus,

603 627 858 670 Hautquaquam
881 628 979 670 digne
1002 639 1176 670 possumus
1201 630 1397 671 exprimere.

559 679 654 711 Haec
677 690 780 718 soror,
805 679 886 711 haec
910 684 1029 719 mater,
1054 680 1136 712 haec
1158 681 1270 712 nutrix
1292 685 1390 724 atque
1414 683 1583 725 magistra.

495 743 520 762 50
600 731 693 763 Haec
718 731 896 770 abbatissa,
922 731 1002 763 haec
1024 732 1130 764 fuerat
1154 732 1304 766 domina:

560 783 642 815 Cum
666 784 726 816 hac
749 784 920 826 aequalem
945 784 1150 826 similemque
1174 796 1233 827 per
1257 786 1366 818 omnia
1388 787 1487 819 vitam

602 835 765 867 Duximus
788 836 958 868 asseculae
981 836 1163 878 quamlibet
1185 838 1336 879 exiguae.

561 886 668 919 Unum
693 887 778 919 velle
801 887 862 919 fuit
885 888 1022 922 cunctis,
1046 888 1134 920 nolle
1158 889 1310 921 omnibus
1333 896 1445 927 unum,

602 938 689 971 Vota
710 939 801 971 fuere
825 950 890 971 una
912 943 1011 982 atque
1035 939 1151 972 eadem
1175 940 1295 973 studia.

495 1003 519 1022 ⁵⁵
558 990 601 1022 Et
624 1001 681 1022 nos
705 991 788 1023 hanc
813 1001 877 1023 non
901 991 1078 1033 ploremus,
1104 991 1187 1024 hanc
1211 1003 1275 1024 non
1299 993 1469 1025 doleamus

607 1042 650 1074 Et
674 1043 876 1086 suspiremus
901 1043 1080 1075 visceribus
1105 1043 1240 1086 cupidis,

560 1093 652 1130 Quae
676 1098 807 1127 nostrae
831 1094 970 1127 dulcedo
994 1096 1090 1127 simul
1115 1097 1167 1128 vel
1191 1097 1296 1138 gloria
1319 1097 1415 1134 vitae,

603 1146 642 1178 In
666 1157 731 1189 qua
754 1151 830 1179 sunt
853 1158 919 1179 una
942 1147 1071 1190 perdita
1094 1151 1186 1180 tanta
1210 1148 1315 1180 bona?

560 1197 712 1241 Denique
735 1198 775 1230 de
801 1199 956 1239 lacrimis,
980 1199 1020 1231 de
1044 1200 1229 1242 planctibus
1252 1204 1350 1242 atque
1373 1201 1484 1234 dolore

497 1262 523 1282 su
605 1249 678 1282 Non
702 1261 856 1293 umquam
879 1251 973 1283 nobis
997 1251 1158 1283 credimus
1182 1262 1256 1284 esse
1279 1252 1372 1284 satis:

562 1302 687 1335 Saltem
710 1313 770 1335 nos
794 1303 934 1335 lacrimis
958 1308 991 1336 et
1014 1304 1199 1346 planctibus
1223 1305 1434 1343 exsatiemus,

606 1354 641 1386 Si
666 1365 730 1386 non
753 1358 864 1398 optata
888 1366 1006 1398 nempe
1030 1356 1107 1388 licet
1130 1357 1224 1389 facie.

305 1405 454 1438 AGIUS.
565 1406 639 1438 Non
662 1417 746 1448 nego
768 1418 854 1439 nunc
878 1407 969 1439 vobis
994 1408 1113 1440 iustum
1138 1409 1217 1440 satis
1241 1419 1314 1440 esse
1338 1408 1494 1449 dolorem,

603 1458 678 1490 Non
701 1469 786 1501 nego
811 1463 862 1491 sat
885 1460 988 1492 iustas
1011 1471 1086 1492 esse
1110 1461 1206 1492 simul
1230 1461 1390 1497 lacrimas,

496 1523 521 1541 σε.
560 1509 641 1542 Cum
674 1510 737 1542 nisi
760 1521 833 1543 cum
856 1511 980 1554 gemitu
1004 1512 1183 1544 membrum
1208 1523 1228 1544 a
1250 1513 1394 1546 membro
1417 1513 1586 1546 dirimatur

604 1561 648 1594 Et
671 1573 787 1605 corpus
811 1563 965 1595 damnum
988 1564 1123 1596 sufferat
1146 1575 1245 1606 aegre
1269 1575 1373 1597 suum.
1405 1580 1407 1582 ·

564 1613 608 1646 Et
630 1617 739 1646 tamen
763 1615 825 1647 hoc
849 1615 976 1653 tolerat,
1000 1616 1086 1658 quod
1110 1620 1175 1648 no'n
1198 1616 1406 1649 mediocriter
1428 1618 1528 1659 angit,

609 1665 696 1698 Hinc
721 1677 764 1699 ex
787 1670 934 1706 naturae,
959 1667 1034 1699 inde
1057 1667 1110 1700 dei
1135 1668 1262 1700 intuitu.

563 1717 636 1749 Non
660 1719 748 1750 solas
771 1718 866 1750 modo
891 1730 948 1751 vos
973 1723 1110 1762 tangens
1135 1719 1228 1752 dolor
1251 1721 1312 1752 iste
1337 1720 1509 1758 remordet,

496 1781 522 1800 ἰο
602 1769 657 1802 Me
680 1781 809 1813 quoque
833 1770 990 1813 depascit,
1015 1782 1066 1803 me
1090 1772 1195 1814 magis
1220 1773 1397 1805 excruciat.

561 1821 646 1853 Nam
669 1822 813 1858 minime,
837 1822 937 1854 veluti
963 1827 1014 1854 est
1037 1822 1182 1865 dignum,
1207 1834 1291 1855 nunc
1312 1823 1421 1856 dicere
1442 1834 1585 1867 possum.

604 1872 736 1910 Quanta
759 1884 822 1916 ego
845 1874 1016 1906 vobiscum
1041 1875 1211 1907 commoda
1234 1875 1438 1918 perdiderim.

561 1924 630 1957 Vos
654 1926 772 1958 melius
795 1927 908 1965 nostis,
933 1930 1053 1968 quanto
1076 1937 1127 1958 me
1151 1937 1281 1969 semper
1302 1938 1423 1966 amore,

605 1976 744 2014 Quantis
768 1977 938 2010 incolumis
961 1978 1077 2010 foverit
1099 1978 1225 2011 officiis.

498 2040 522 2060 το
561 2027 631 2060 Vos
655 2029 770 2068 nostis,
793 2033 914 2071 quanta
938 2030 1002 2061 iam
1026 2029 1180 2072 languida
1203 2030 1387 2070 sedulitate,

603 2079 677 2116 Qua
700 2081 867 2113 anxietate
891 2092 996 2114 meam
1020 2082 1171 2123 gestierit
1192 2082 1321 2121 faciem,

562 2130 635 2168 Quo
660 2131 822 2165 desiderio
846 2133 1026 2176 susceperit
1046 2133 1273 2166 advenientem

605 2183 648 2216 Et
671 2195 769 2227 quam
793 2184 947 2216 mirandis
970 2185 1118 2217 mulserit
1141 2185 1316 2227 obsequiis,

561 2233 710 2271 Qualiter
733 2235 875 2278 alloquio
899 2236 996 2268 fuerit
1019 2236 1152 2278 dignata
1175 2246 1326 2279 supremo

496 2299 522 2318 ω
601 2283 746 2319 Assidue
769 2298 888 2320 nomen
912 2287 1142 2330 ingeminando
1165 2298 1283 2320 meum.

562 2337 658 2370 Hanc
683 2349 744 2381 ego
768 2349 834 2370 non
857 2339 981 2382 plorem
1004 2342 1095 2371 tanto
1118 2339 1197 2371 mihi
1219 2338 1362 2370 deditam
1385 2348 1505 2378 amore,

605 2389 738 2427 Quanto
763 2390 950 2422 nullomodo
973 2390 1081 2423 dicere
1104 2390 1296 2433 praevaleo?

563 2441 643 2485 Ipsa
665 2443 747 2475 meis
771 2453 942 2485 compassa
963 2442 1058 2474 malis
1081 2446 1116 2474 ut
1138 2442 1268 2485 propria
1290 2442 1380 2474 flevit

606 2493 693 2526 Con·
717 2505 780 2537 que
807 2495 937 2537 -gavisa
960 2494 1051 2526 bonis
1076 2495 1122 2526 sic
1145 2494 1207 2526 fuit
1229 2497 1266 2526 ut
1287 2493 1438 2536 propriis.

301 2639 333 2666 51
354 2641 421 2667 hanc
439 2641 464 2666 B
482 2650 548 2667 corr.
569 2641 644 2668 Perta
747 2641 779 2667 67
799 2642 900 2668 tollerat
918 2646 941 2667 et
959 2642 994 2667 nic
1012 2650 1110 2674 semper
1128 2641 1153 2666 B

301 2725 332 2752 41
355 2725 510 2760 Hiermmm.
530 2726 644 2760 epitaph.
663 2726 810 2760 Nepotiani
829 2728 878 2760 (ep.
897 2725 974 2753 ΒΧ.)
992 2726 1021 2752 7:
1046 2725 1098 2751 Sed
1117 2724 1229 2751 obsecro
1248 2726 1279 2750 ut
1298 2724 1407 2750 modum
1427 2725 1560 2753 adhibeas
1579 2726 1607 2753 in
1626 2727 1719 2754 dolore
1738 2736 1841 2754 memor

199 2775 274 2803 illius
301 2778 458 2805 sententiae
487 2780 530 2805 ‘ne
557 2778 625 2812 quid
649 2778 751 2810 nimis'5
781 2778 828 2811 cfr.
855 2779 883 2805 C.
910 2777 1031 2804 Bul-esch.
1054 2776 1200 2810 ‹Lewrzrssqm-
1221 2775 1334 2802 ,S'tudim
1360 2776 1417 2810 IX)
1442 2778 1469 2803 ⁷⁴21
1495 2778 1708 2805 (immolationum
1731 2778 1842 2805 historia

194 2835 256 2862 paq.
278 2829 334 2855 104.
423 2831 457 2857 74
473 2838 537 2856 naeu
548 2831 686 2857 ,conseruit
703 2839 764 2857 cum
783 2830 881 2856 ctutum
898 2839 920 2856 c.
938 2830 980 2861 68,
999 2831 1022 2855 2.
