2060 3074
252 147 312 178 382

258 2306 516 2338 RESPONSIO.

361 2676 412 2702 448
431 2677 560 2710 propicius
580 2677 603 2701 B

541 396 551 414 4
555 396 580 414 30

542 656 579 674 435·

543 913 582 932 440

544 1174 583 1192 445

545 1435 584 1453 4⁵0

543 1695 582 1714 455

545 1954 584 1973 4630

547 2214 584 2232 4035

549 2473 587 2491 ⁴⁷0

932 138 1113 165 DIALOGUS
1134 137 1217 164 AGII.

618 228 693 270 Ipse
717 227 809 265 deus,
834 226 887 268 qui
911 225 995 256 hanc
1019 224 1112 256 vobis
1136 226 1352 262 concesserat,
1377 222 1447 264 ipse

660 279 729 310 Vos
754 277 970 315 conservabit,
994 276 1113 318 diriget
1135 279 1234 317 atque
1257 277 1358 316 reget.

617 331 795 362 Praeterea
817 332 922 360 mater
945 329 1008 370 pia,
1033 328 1125 359 cuius
1149 327 1181 358 in
1205 326 1354 358 omnibus
1378 326 1449 368 ipsa

659 382 729 414 Usa
752 382 813 413 fuit
836 382 903 423 iugi
927 381 1046 423 iugiter
1068 380 1199 413 auxilio.

618 435 656 466 In
680 434 806 466 cunctis
831 433 936 465 aderit
960 442 1241 475 semperquoque
1266 430 1379 463 sedula
1403 430 1507 469 vobis,

662 486 756 523 Quae
779 486 832 518 vel
855 486 1014 523 tractatis,
1038 485 1144 516 dicitis
1168 488 1224 516 aut
1247 483 1364 515 facitis.

617 538 688 570 Nee
712 538 817 570 deerit
841 538 956 580 regina
979 547 1070 568 soror
1093 536 1194 572 vobis,
1218 535 1415 576 ubicumque

661 590 788 622 Forsan
812 590 916 631 regali
932 592 991 620 ‚est
1014 599 1095 631 opus
1120 587 1254 620 auxilio.

617 642 689 674 Non
713 642 852 674 deerunt
875 642 1002 680 fratres,
1026 651 1090 672 non
1114 644 1162 672 tot
1185 639 1332 681 tantique
1358 638 1483 671 fideles.

662 693 751 730 Quos
775 694 840 725 late
864 698 1008 724 vestrum
1032 691 1208 734 promeruit
1230 690 1392 721 meritum.

619 745 801 787 Praecipue
824 748 933 776 tamen
955 744 1041 775 alma
1065 753 1157 774 soror
1181 742 1271 773 velut
1295 741 1418 783 optima
1440 742 1546 772 mater

661 797 796 828 Filiolas
820 796 972 839 precibus
998 798 1147 837 proteget
1170 793 1328 827 assiduis:

620 849 714 881 Nunc
739 849 898 891 siquidem
922 851 1011 879 tanto
1035 847 1127 878 vobis
1150 846 1255 888 magis
1278 845 1367 878 utilis
1391 847 1493 878 extat.

663 900 793 937 Quanto
816 901 922 932 vicina
945 911 1030 931 nunc
1054 899 1158 941 magis
1183 901 1234 930 est
1256 897 1397 930 domino.

621 952 675 985 Sic
699 953 773 984 olim
798 963 890 984 sacer
913 951 1029 983 Helias
1052 951 1129 982 dum
1153 950 1235 981 forte
1259 952 1410 981 revectus

662 1004 715 1036 Ad
739 1015 875 1047 superos
898 1014 995 1036 curru
1019 1003 1134 1035 afforet
1156 1002 1297 1044 igneolo,

621 1057 761 1100 Spiritus
785 1057 872 1088 illius
896 1056 1017 1098 duplex
1042 1055 1200 1097 requievit
1223 1055 1255 1085 in
1280 1054 1350 1085 eius

663 1109 755 1141 Tunc
778 1109 915 1141 Heliseo
939 1109 1044 1140 denuo
1068 1107 1237 1149 discipulo.

619 1161 663 1193 Et
685 1161 762 1203 quia
784 1164 900 1192 cuncta
923 1162 1033 1202 potest
1054 1159 1214 1197 dominus,
1238 1157 1359 1199 poterit
1381 1166 1520 1198 quoque,
1546 1156 1573 1187 si
1598 1155 1677 1193 vult,

664 1213 714 1245 De
738 1213 880 1244 minimis
905 1223 982 1243 ecce
1006 1211 1088 1242 haec
1112 1209 1227 1242 eadem
1251 1210 1372 1241 facere.

621 1265 694 1297 Non
718 1266 846 1308 poterit,
871 1264 898 1295 si
923 1264 1001 1301 vult,
1026 1263 1124 1294 etiam
1148 1261 1189 1293 de
1214 1261 1364 1293 cautibus
1387 1260 1460 1292 istis

665 1318 829 1360 Propitius
852 1317 962 1348 facere
986 1315 1105 1346 filiolas
1129 1313 1306 1345 Abrahae?

622 1370 689 1401 Vos
713 1369 808 1401 modo
833 1380 874 1400 ne
897 1369 1011 1410 pigrae
1036 1366 1106 1398 sitis
1131 1366 1192 1397 hoc
1217 1365 1336 1407 iugiter
1359 1364 1465 1406 ipsum

664 1421 751 1453 Voto
776 1431 913 1453 exorare
938 1423 972 1451 et
994 1429 1092 1461 prece
1120 1417 1288 1450 continua:

619 1473 736 1506 Aderit
759 1474 791 1504 in
816 1472 942 1504 eunctis
967 1471 1068 1509 vobis,
1092 1474 1128 1502 ut
1151 1469 1294 1501 diximus
1319 1471 1404 1507 ante,

661 1525 754 1557 Haec
778 1524 892 1557 eaden]
918 1523 1040 1556 meritis
1064 1522 1187 1554 femina
1211 1532 1304 1553 sacra
1328 1521 1412 1556 suis;

620 1578 664 1610 Ut
687 1577 845 1620 siquidem
869 1587 926 1608 vos
950 1576 1021 1618 ipsa
1045 1575 1124 1607 velit
1148 1574 1297 1606 valeatve
1324 1574 1447 1610 iuvare,

664 1630 765 1662 Posse
790 1629 846 1661 dat
869 1629 1072 1670 omnipotens
1097 1627 1246 1668 velleque
1271 1625 1474 1668 proximitas.

619 1682 704 1714 Nam
728 1682 804 1713 lieet
827 1681 859 1712 in
884 1681 1010 1712 caelum
1034 1682 1208 1721 susceptus
1233 1678 1364 1720 spiritus
1387 1679 1488 1711 extet,

664 1734 738 1766 Non
761 1736 872 1765 tamen
897 1744 916 1763 a
939 1732 1031 1763 nobis
1054 1731 1130 1762 hinc
1154 1730 1235 1762 abiit
1258 1730 1400 1772 penitus:

620 1785 746 1818 Vivunt
769 1785 918 1823 virtutes,
942 1784 1021 1815 vivit
1045 1792 1174 1825 quoque
1198 1782 1266 1813 vita
1288 1781 1397 1813 beata.

663 1837 753 1869 Vivit
777 1837 890 1878 lingua
912 1836 968 1878 pia
992 1838 1025 1867 et
1048 1834 1165 1866 merita
1188 1833 1337 1865 almifica.

620 1889 726 1928 Haec,
751 1889 826 1930 quia
848 1888 912 1919 iarn
937 1887 1055 1918 faeiem
1079 1896 1164 1918 nunc
1188 1895 1306 1927 nempe
1330 1883 1442 1916 videre
1466 1884 1616 1926 nequitis,

663 1941 759 1973 Nune
782 1951 891 1972 coram
915 1939 1032 1971 vestris
1057 1938 1168 1980 ponite
1193 1948 1249 1968 vos
1273 1936 1388 1968 oculis.

623 1993 687 2032 Sic,
712 1993 799 2035 quod
822 1993 855 2023 in
879 1991 941 2023 hae
965 2001 1092 2023 summe
1116 2000 1174 2021 vos
1198 1999 1329 2031 semper
1351 1988 1497 2027 amastis,
1521 1987 1663 2019 habetis:

669 2044 775 2075 Vitam
800 2043 1009 2075 sanctificam.
1032 2041 1240 2084 magnificum
1263 2040 1423 2072 meritum.

622 2097 716 2129 Haec
740 2099 815 2128 sunt
839 2096 990 2134 exuviae,
1016 2094 1075 2126 hoc
1099 2093 1269 2136 palliolum
1293 2091 1516 2127 reverendum,

665 2148 760 2185 Quod
784 2158 911 2179 rursum
935 2150 1028 2190 rapto
1053 2146 1220 2178 deciderat
1242 2144 1380 2178 Heliae:

623 2201 689 2232 Isto
712 2199 889 2232 Iordanum
914 2202 989 2231 tunc
1014 2198 1123 2230 divisit
1146 2197 1314 2230 Heliseus.

667 2252 711 2284 Et
732 2252 816 2284 falsa
839 2262 858 2283 a
883 2251 967 2282 veris
991 2261 1047 2282 vos
1073 2260 1203 2292 quoque
1227 2248 1381 2280 dividitis.

630 2304 699 2336 lam
723 2305 803 2335 satis
828 2307 877 2335 est
901 2303 1022 2334 factum
1046 2302 1141 2333 nobis
1165 2301 1224 2332 hos
1248 2300 1350 2332 affore
1374 2309 1473 2330 vanos

667 2355 868 2387 Omnimodis
893 2355 999 2393 fletus,
1025 2364 1106 2396 quos
1130 2351 1330 2384 lacrimando
1354 2350 1477 2383 damus.

621 2407 675 2439 Nil
698 2409 819 2439 etenim
843 2410 980 2449 prosunt
1003 2417 1063 2438 nec
1086 2406 1147 2443 his,
1177 2403 1403 2446 quantaelibet
1425 2406 1549 2435 extent.

669 2459 806 2496 Quosvis
831 2459 1004 2494 defunctos
1028 2458 1092 2489 iam
1115 2457 1253 2488 facimus
1279 2455 1425 2487 reduces.

627 2512 694 2543 Nos
719 2511 827 2553 potius
851 2513 963 2542 nostra
986 2509 1160 2552 perfuncta
1183 2511 1269 2540 sorte
1294 2510 1468 2549 sequentes

669 2563 754 2595 Hinc
779 2562 872 2604 quasi
896 2562 936 2594 de
960 2561 1058 2603 longo
1082 2560 1199 2592 ibimus
1225 2559 1334 2593 exilio.

363 2753 413 2779 429
434 2753 492 2778 (Ma
504 2755 588 2778 muter
600 2751 787 2778 Hathumodae
799 2759 868 2777 uoem·
881 2750 995 2783 Imdolfi.
1066 2750 1118 2776 433
1131 2748 1280 2782 Isivdqartla
1296 2747 1366 2781 replis
1378 2747 1507 2774 Lmlouffei
1520 2747 1577 2774 III.
1595 2755 1672 2774 umm‘.

565 2805 612 2831 441
634 2813 686 2838 sqq.
709 2804 770 2838 Ray.
790 2805 813 2837 ⁶2,
827 2805 844 2830 9
863 2811 915 2837 sqq.
1020 2803 1071 2829 448
1091 2801 1157 2829 Gen.
1178 2802 1218 2834 18,
1235 2801 1272 2827 14.
1377 2801 1429 2826 4⁴33
1453 2808 1508 2833 sqq.
1526 2801 1542 2827 4
1563 2799 1628 2833 1309.
1649 2800 1673 2831 2,
1690 2799 1720 2825 13
1738 2807 1774 2831 ἃς.

257 2807 278 2830 et
299 2805 359 2830 (mo
375 2804 459 2831 dnm.

1742 2747 1794 2773 435
1814 2747 1910 2773 erw
