2138 3106
288 167 349 196 302

546 1152 570 1170 10

547 1671 573 1690 *20

889 162 1057 188 CARMINA
1077 161 1339 188 CENTULENSIA.

602 249 693 291 Rege
718 250 835 280 iterum
861 248 991 280 Christo
1017 248 1177 280 remeanti
1201 259 1260 280 nos
1286 258 1413 290 quoque
1437 248 1515 280 laeti

603 301 766 333 Caelestis
791 301 883 342 regni
907 301 1090 342 ingressum
1119 311 1305 332 mereamur
1328 300 1462 332 habere.

600 353 693 384 Haec
711 353 906 394 quicumque
923 353 1017 394 legis,
1043 353 1153 392 lector,
1178 363 1321 389 resones,
1347 363 1480 394 precor:
1505 352 1632 384 ‘Amen'

603 404 645 436 Et
668 405 748 436 mihi
772 405 813 436 da
836 405 976 444 veniam,
1001 415 1132 447 quaeso,
1157 405 1350 446 calamoque
1374 405 1512 436 vacanti.

1069 559 1162 590 XIX.

875 618 934 654 DE
964 596 1357 662 QVADRAGESIMA.

603 686 682 717 Post
706 685 874 716 heremum
899 684 1022 716 Christi
1044 685 1116 727 ipse
1142 685 1240 716 etiam
1264 685 1427 727 baptisma
1449 688 1618 728 peractum

647 753 1521 762 ·················

605 780 667 816 Qui
691 781 831 823 primum
857 780 1046 823 temptando
1071 781 1236 812 hominem
1259 780 1323 811 iam
1349 780 1476 823 depulit
1499 781 1574 812 olim

646 832 804 864 Melliflua
829 831 918 869 sede,
942 832 1059 870 heheu,
1084 843 1181 874 quam
1205 832 1322 870 valide,

608 884 680 926 Ipse
705 884 827 915 etenim
850 884 953 915 fallax
976 884 1119 915 accessit
1142 883 1257 916 fraude
1281 884 1434 926 maligna,

650 936 779 967 Affatur
801 936 909 967 verbis
933 935 1070 978 pestifer
1093 935 1275 967 horribilis:

606 989 661 1020 ‘Es
685 989 712 1020 si
735 988 818 1019 forte
843 988 896 1020 dei
921 988 1062 1030 genitus,
1087 987 1138 1019 dic
1162 991 1290 1020 vertere
1315 990 1425 1030 petras

650 1041 689 1072 In
713 1042 849 1072 formam
873 1041 966 1083 panis
994 1040 1153 1072 visibilem
1177 1039 1318 1083 placidi?

608 1093 702 1125 Talia
726 1093 765 1124 de
789 1096 901 1124 sancta
924 1092 1062 1134 graphia
1085 1092 1172 1124 fatur
1195 1092 1306 1124 Iesus:

650 1145 733 1176 *Non
758 1145 827 1176 solo
852 1145 884 1175 in
907 1155 1003 1186 pane,
1028 1143 1136 1180 livide,
1161 1144 1241 1175 vivit
1265 1144 1371 1182 homo,

609 1196 674 1228 Sed
697 1199 824 1228 tantum
848 1196 949 1238 patris
974 1207 1025 1235 ex,
1051 1196 1163 1235 verbo,
1187 1196 1274 1238 quod
1298 1196 1413 1238 prodit,
1437 1197 1470 1228 in
1495 1197 1582 1228 omni

650 1249 715 1280 Ore
739 1249 802 1288 dei,
826 1251 958 1280 sanctus
983 1248 1128 1290 pascitur
1150 1248 1212 1279 hoc
1236 1246 1386 1280 animus.’

608 1301 689 1332 Post
712 1300 871 1343 templum
897 1310 996 1342 super
1019 1299 1252 1341 assumpsisset
1275 1300 1425 1331 culminis
1450 1300 1507 1331 alti

650 1352 843 1395 Temptator
866 1351 1044 1391 dominum,
1069 1361 1148 1383 voce
1173 1351 1273 1383 refert
1297 1351 1430 1383 stolida:

607 1404 653 1436 *Si
677 1405 777 1446 patris
802 1415 836 1436 es
860 1407 966 1444 natus,
990 1407 1078 1435 terra
1101 1406 1197 1435 tenus
1222 1407 1341 1435 excute
1366 1414 1499 1446 corpus:

653 1456 829 1498 Extemplo
854 1456 963 1487 veniet
986 1455 1135 1497 angelica
1158 1455 1244 1497 legio

610 1508 652 1540 Et
675 1508 825 1540 manibus
850 1508 954 1547 tollet,
979 1518 1086 1550 neque
1110 1518 1171 1550 pes
1196 1507 1331 1540 allidere
1356 1508 1461 1550 possit

653 1560 807 1602 Undique
831 1562 997 1602 protectus
1022 1558 1063 1590 ad
1085 1558 1227 1602 lapidem
1251 1559 1424 1602 proprius.⁷

611 1612 665 1644 Sic
689 1612 839 1644 dominus
863 1612 977 1643 humili
1001 1614 1113 1643 contra
1137 1622 1287 1644 sermone
1311 1612 1449 1644 fatetur:

653 1664 736 1696 ‘Non
760 1662 959 1706 temptabis,’
983 1664 1030 1695 ait
1053 1665 1170 1703 ‘serve,
1194 1666 1287 1695 tuum
1311 1663 1498 1696 dominum.'

610 1715 737 1747 Deinde
762 1716 850 1747 celer
873 1714 1033 1746 scandens
1057 1714 1234 1756 mundique
1258 1715 1426 1747 cacumina
1448 1716 1566 1747 montis

655 1767 810 1800 Ostendit
832 1777 952 1809 regna:
977 1766 1080 1798 ‘Haec
1104 1766 1164 1798 tibi
1188 1766 1281 1798 trado
1304 1767 1421 1805 libens,

611 1819 645 1851 Si
669 1823 796 1851 tantum
819 1823 925 1851 terrae
949 1822 1071 1851 memet
1095 1819 1264 1851 revolutus
1288 1819 1415 1871 adores
1419 1818 1427 1834 '

654 1872 798 1904 Econtra
822 1871 970 1903 dominus
995 1871 1075 1903 talia
1098 1871 1145 1902 sic
1168 1871 1321 1913 loquitur:

569 1937 572 1947 ·
610 1922 724 1955 ‘Vade
750 1923 854 1965 inquit
878 1922 1084 1965 ‘dominoque
1108 1922 1191 1964 tu<0)
1216 1926 1248 1955 te
1274 1922 1387 1963 subde,
1411 1903 1570 1966 maligne;

653 1975 705 2007 Illi
730 1975 851 2007 etenim
875 1975 935 2007 soli
960 1974 1108 2007 subditus
1133 1978 1203 2007 esto
1227 1974 1334 2017 patri.7

613 2027 727 2058 Audiit
751 2027 832 2059 haec
856 2026 986 2067 demon,
1011 2026 1103 2058 siluit
1126 2036 1306 2069 presseque
1331 2027 1481 2061 recessit:

655 2078 826 2110 Assistunt
849 2079 957 2121 angeli
981 2081 1014 2110 et
1037 2078 1236 2110 famulantur
1259 2078 1299 2109 ei.

1089 2233 1165 2265 XX.

897 2293 946 2330 IN
972 2293 1049 2329 DIE
1076 2291 1361 2328 PALMARVM.

612 2361 718 2400 Musa,
743 2362 831 2402 peto,
856 2359 985 2401 placeat
1008 2358 1104 2389 hodie
1128 2357 1191 2389 tibi
1210 2367 1356 2399 pangere
1381 2367 1522 2389 carmen.

614 2412 709 2449 Quod
732 2411 940 2455 praeceptori
965 2410 1094 2442 valeam
1118 2409 1244 2440 deferre
1269 2410 1380 2451 sagaci

615 2464 756 2497 Callenti
779 2463 910 2505 ingenio
934 2472 971 2494 ac
996 2461 1147 2493 redimito
1170 2460 1268 2492 laude
1293 2460 1437 2503 sophiae.

403 2576 435 2602 17
454 2585 514 2611 rege
532 2578 560 2602 in
578 2578 632 2610 regi
651 2586 718 2602 corr.
738 2576 763 2601 B
815 2575 959 2600 *remeante
977 2574 1003 2599 B

403 2619 492 2652 [XIX]
512 2619 528 2645 2
546 2621 621 2646 nulla
641 2621 735 2645 lacuna
753 2619 782 2644 in
801 2618 825 2643 Β
903 2617 920 2643 3
937 2618 1033 2650 depolit
1051 2626 1117 2642 corr.
1136 2617 1162 2641 B
1241 2616 1256 2642 ’ἲ
1274 2621 1345 2642 uerte
1363 2616 1389 2641 B
1465 2616 1482 2641 8
1500 2617 1586 2650 plicidi
1604 2616 1630 2641 B

299 2664 418 2688 lNUlDE
436 2664 463 2688 in
481 2672 563 2697 marq.
578 2664 602 2688 B

298 2705 333 2731 20
351 2715 454 2732 seruum
473 2716 539 2732 corr.
559 2706 584 2731 B

403 2748 479 2781 [XX.]
498 2748 514 2774 2
532 2750 594 2782 quid

403 2816 496 2850 [XlX.]
519 2817 615 2843 Mami.
629 2817 653 2850 4,
667 2818 758 2843 1—11.

692 2663 721 2688 11
742 2663 827 2688 verbis
845 2670 913 2687 corr.
926 2661 952 2686 B
1040 2659 1072 2685 12
1090 2669 1134 2686 oro
1153 2659 1178 2684 B
1267 2659 1299 2685 13
1317 2669 1353 2684 απ
1371 2659 1524 2693 *assumpsit
1543 2658 1602 2685 sat?

688 2706 722 2732 25
740 2705 811 2731 *tute
829 2705 854 2730 B

612 2749 637 2774 B
741 2749 757 2775 3
775 2749 876 2775 redimit
895 2748 919 2772 B

1705 2615 1739 2642 10
1755 2617 1828 2642 livite
1845 2625 1912 2642 corr.
1932 2616 1957 2641 B

1690 2659 1722 2684 16
1740 2660 1827 2685 ueniat
1845 2668 1912 2685 corr.
1931 2659 1957 2684 Β

866 2818 895 2843 11
917 2815 1015 2842 Mamc.
1034 2816 1049 2842 I.
1069 2824 1089 2842 c,
1109 2815 1157 2842 sed
1176 2815 1205 2841 in
1224 2815 1299 2841 omni
1318 2814 1402 2842 verbo
1421 2815 1495 2849 quod
1515 2815 1642 2849 procedit
1663 2815 1697 2841 de
1716 2823 1762 2841 ore
1781 2814 1834 2840 dei.
