2040 2996
274 114 332 144 168
832 111 976 139 SEDULII
995 111 1124 139 SCOTTI
1143 111 1311 138 CARMINA
1329 112 1363 138 ΙΙ,

635 198 770 230 Dulcior
792 209 827 230 es
851 199 993 241 pulchris
1016 198 1148 240 Hybleo
1173 200 1304 229 nectare
1329 198 1447 235 verbis,

682 250 796 282 Carior
819 251 992 282 auricomis
1017 262 1062 290 es»,
1087 253 1181 292 pater
1205 250 1301 289 alme,
1324 250 1425 291 gazis,
1449 269 1490 273 —

634 302 768 344 Aspice,
792 313 888 344 quam
912 302 1018 334 subito
1041 302 1157 333 niveus
1181 301 1297 333 chorus
1322 301 1449 343 amplus
1473 304 1506 332 et
1529 300 1608 332 ordo

681 354 887 393 Leuticensis
911 357 986 386 ovat
1010 358 1040 385 te
1065 353 1234 391 redeunte,
1259 356 1367 395 pater:

635 405 707 437 Hoc
730 408 766 437 ut
792 406 877 437 ovile
901 405 982 437 deus
1004 405 1183 437 Lantberto
1206 404 1338 436 tradidit
1361 404 1456 440 almo,

683 456 738 488 Sic
761 457 820 488 tibi
843 457 1041 488 Lantbertus
1065 456 1198 488 mandat
1221 456 1306 488 ovile
1332 466 1435 488 suum.

635 508 747 540 Omnis
771 519 872 540 ovans
896 512 987 540 aetas
1010 508 1156 550 ingentia
1180 507 1300 549 gaudia
1323 510 1440 549 gestat,

682 559 870 591 Exultando
894 563 988 591 sonat
1010 563 1042 591 te
1067 563 1234 591 remeante
1258 560 1373 590 melos:

552 619 576 635 ⁴=
634 611 704 643 Nec
727 623 800 643 mea
823 612 918 643 Musa
941 612 1015 643 tulit
1037 611 1145 643 tacitis
1171 611 1304 642 resilere
1328 611 1467 648 labellis,

683 663 822 695 Gutture
845 663 904 695 sed
926 663 1049 706 liquido
1073 663 1196 705 crispat
1218 674 1327 695 amore
1351 666 1455 695 tonos.

634 716 766 758 Optima
788 716 1029 757 Franeigenum
1053 716 1189 758 lampas,
1213 726 1289 758 spes
1314 726 1415 747 aurea
1438 716 1550 754 nostri,

681 768 790 800 Heres
814 768 1116 810 Lantberti,·quem
1141 767 1235 799 decet
1259 767 1344 798 altus
1368 767 1481 805 honor,

634 821 802 852 Montibus
827 821 981 859 aeternis,
1005 820 1061 851 ubi
1086 819 1179 851 divus
1202 823 1313 862 pastor
1335 819 1428 850 Iesus

553 880 577 898 8⁰
683 873 823 915 Regnat,
849 883 921 905 cum
945 872 1076 904 domino
1101 872 1158 911 sis,
1181 872 1265 903 bone
1289 875 1408 913 pastor.
1445 870 1562 902 Amen.

1078 977 1120 999 111.

741 1028 854 1060 ITEM
875 1027 939 1059 AD
963 1027 1155 1060 EUNDEM
1178 1027 1446 1059 EPISCOPUM.

634 1088 783 1120 Flamina
805 1099 863 1120 nos
887 1088 1014 1120 Boreae
1037 1088 1119 1119 miro
1142 1088 1293 1119 canentia
1317 1088 1407 1118 vultu

677 1140 868 1172 Perterrent
891 1140 1008 1171 subitis
1032 1139 1174 1171 motibus
1198 1142 1296 1181 atque
1321 1139 1431 1170 minis:

633 1192 746 1223 Tellus
769 1192 841 1234 ipsa
864 1192 974 1224 tremit
996 1192 1094 1223 nimio
1117 1192 1269 1234 perculsa
1291 1202 1425 1233 pavore,

679 1243 864 1281 Murmurat
887 1247 919 1275 et
942 1244 1079 1286 pelagus
1104 1242 1249 1285 duraque
1274 1253 1355 1274 saxa
1378 1246 1522 1284 gemunt,

569 1309 573 1319 ›
631 1295 757 1328 Aereos
781 1299 904 1327 tractus
928 1295 1049 1337 Aquilo
1073 1306 1159 1327 nunc
1183 1298 1292 1327 vastat
1316 1295 1444 1336 iniquus

679 1347 824 1379 Vocibus
848 1348 1027 1379 horrisonis
1051 1347 1336 1389 murmuribusque
1360 1349 1487 1384 tonans,

631 1399 756 1431 Lactea
779 1400 928 1433 nubifero
953 1399 1132 1432 densantur
1155 1399 1279 1431 vellera
1303 1399 1406 1438 caelo,

678 1452 818 1484 Velatur
841 1452 938 1484 nivea
961 1451 1108 1483 marcida
1130 1454 1219 1483 terra
1243 1451 1335 1490 stola,

631 1503 801 1535 Labuntur
824 1504 933 1535 subito
957 1503 1079 1535 silvoso
1104 1503 1227 1534 vertice
1253 1503 1357 1534 crines

551 1563 574 1581 ¹0
678 1555 749 1588 Nec
773 1558 837 1588 stat
859 1555 1062 1587 harundineo
1086 1555 1184 1586 robur
1208 1558 1241 1586 et
1264 1566 1359 1587 omne
1385 1555 1492 1594 modo,

631 1607 739 1647 Titan,
764 1608 906 1640 clarifico
931 1608 985 1650 qui
1008 1607 1243 1650 resplendebat
1267 1608 1398 1647 amictu,

678 1660 863 1691 Abscondit
885 1659 994 1691 radios
1019 1670 1105 1691 nunc
1128 1659 1312 1701 faciemque
1337 1670 1439 1692 suam.

630 1712 698 1743 Nos
721 1711 863 1743 tumidus
887 1712 1012 1743 Boreas
1037 1714 1143 1743 vastat
1166 1730 1207 1734 —
1230 1711 1420 1743 miserabile
1445 1713 1514 1743 visu
1541 1731 1578 1735 —

676 1763 800 1795 Doetos
823 1764 1054 1805 grammaticos
1079 1763 1344 1806 presbiterosque
1368 1763 1453 1806 pios:

548 1823 571 1840 ¹5·
631 1815 780 1858 Namque
803 1816 917 1847 volans
941 1814 1062 1857 Aquilo
1088 1826 1153 1846 non
1177 1815 1234 1847 ulli
1257 1816 1361 1858 parcit
1384 1815 1498 1847 honori

677 1866 808 1899 Orudeli
832 1870 936 1899 rostro
961 1877 1021 1898 nos
1043 1867 1197 1899 laniando
1222 1878 1291 1899 suo.
1310 1887 1350 1890 —
1461 1866 1464 1868 ’

629 1919 742 1951 Fossis
763 1930 846 1961 ,ergo
869 1919 996 1958 favens,
1021 1919 1178 1961 Hartgari
1202 1918 1314 1951 floride
1339 1920 1481 1962 praesul,

677 1971 805 2013 Sophos
830 1971 1040 2013 Scottigenas
1065 1971 1194 2014 suscipe
1219 1971 1316 2003 eorde
1340 1971 1411 2014 pio:

630 2023 795 2055 Scandere
820 2023 865 2054 sic
889 2024 999 2055 valeas
1023 2023 1180 2056 caelestia
1203 2023 1326 2065 templa
1348 2023 1477 2063 beatus.

547 2082 572 2100 2⁰
676 2074 877 2107 Aetheream
903 2075 1058 2107 Solimam
1082 2078 1342 2118 perpetuamque
1368 2075 1456 2107 Sion.

627 2161 793 2193 Praesulis
819 2161 931 2193 eximii
956 2161 1131 2193 clementia
1154 2172 1312 2204 mensque
1338 2172 1455 2193 serena

674 2213 824 2245 Flamina
847 2213 967 2245 devicit
990 2214 1051 2245 rite
1076 2214 1216 2256 superba
1239 2213 1385 2245 domans.

630 2265 785 2307 Suscepit
807 2265 947 2297 blandus
970 2265 1142 2307 fessosque
1167 2265 1359 2307 loquacibus
1384 2266 1504 2297 austris

675 2316 805 2359 Eripuit
828 2320 940 2348 ternos
965 2316 1152 2359 dapsilitate
1178 2317 1314 2359 sophos;

546 2376 570 2394 ‘''1
628 2368 671 2400 Et
693 2379 751 2400 nos
775 2369 920 2409 vestivit,
945 2369 1065 2411 triplici
1089 2369 1204 2400 ditavit
1227 2369 1350 2401 honore

677 2420 720 2452 Et
743 2421 823 2452 fecit
846 2421 994 2463 proprias
1019 2423 1133 2463 pastor
1156 2431 1313 2452 amoenus
1338 2431 1427 2452 oves.

368 2532 397 2557 17
411 2533 496 2558 hibleo
508 2533 530 2558 0
611 2532 645 2557 20
659 2533 734 2558 Lenti
749 2541 842 2558 census
852 2521 919 2558 corr.
932 2533 955 2559 Ο
1029 2532 1063 2558 24
1076 2534 1222 2559 Exultande
1234 2534 1256 2559 0
1263 2543 1330 2559 corr.
1342 2534 1373 2559 de
1383 2533 1543 2567 Reiffenberq
1656 2535 1711 2568 [ιιι]
1722 2536 1760 2561 ed⁴
1772 2536 1920 2562 lhoemmler

262 2574 363 2599 Sedulii
386 2575 465 2600 Scotti
486 2577 605 2601 carmina
628 2576 805 2609 quadraginta
828 2576 892 2601 Hac.
915 2576 980 2602 1869
997 2585 1023 2610 p.
1042 2575 1059 2601 6
1150 2576 1161 2600 1
1183 2577 1288 2602 Famina
1303 2577 1326 2602 C
1340 2586 1408 2602 corr.
1426 2578 1456 2602 de
1475 2577 1635 2611 Beiffenbery
1720 2578 1738 2604 2
1756 2580 1887 2605 montibus
1901 2580 1923 2605 C

261 2627 328 2644 corr.
349 2619 496 2645 Daemmler
583 2620 599 2645 6
618 2629 711 2645 sonans
730 2629 798 2645 corr.
812 2620 834 2645 G
921 2619 954 2645 10
971 2619 1024 2645 *an
1042 2621 1122 2645 Nutat
1136 2620 1148 2644 9
1237 2618 1268 2645 14
1287 2610 1390 2653 p¹frosq,
1405 2621 1427 2645 O

366 2687 396 2713 17
418 2686 507 2713 Salul.
520 2687 651 2713 collectan.
666 2687 697 2712 in
716 2695 755 2720 cp.
775 2686 857 2712 Pauli
874 2686 931 2713 bam.
951 2689 998 2714 vet.
1012 2689 1086 2720 patr.
1103 2687 1152 2720 VI,
1165 2688 1215 2714 502
1231 2687 1253 2714 Ο
1267 2687 1369 2714 mellea
1388 2688 1493 2714 fluenta
1507 2689 1633 2722 Hyblaeo
1653 2691 1764 2716 nectare
1777 2689 1919 2722 dulciora,·

260 2737 309 2769 cfr.
322 2737 397 2770 infra
410 2737 554 2771 LXXXI,
571 2739 610 2764 10.
725 2738 782 2772 [nn]
797 2738 813 2764 4
829 2738 906 2764 Fast.
924 2738 969 2772 VI,
986 2739 1037 2765 742
1049 2739 1174 2773 duraque
1189 2747 1255 2765 saxa
1268 2739 1392 2766 trahunt.
1472 2740 1505 2766 13
1519 2740 1587 2766 Met.
1599 2740 1688 2775 XIII,
1700 2741 1752 2768 422
1761 2741 1918 2767 miserabile

261 2788 332 2815 visu.
419 2789 453 2815 23
472 2789 539 2815 Aen.
559 2789 583 2823 I,
603 2790 654 2816 536
672 2790 835 2824 procacibus
853 2789 964 2817 austris.
