2138 3106
312 137 373 166 362

615 440 639 458 10

615 698 638 716 15

615 956 640 975 20

616 1977 641 1996 10

617 2238 641 2256 15

914 133 1082 160 CARMINA
1101 132 1363 159 CENTULENSIA.

677 221 778 252 Basia
801 231 886 251 nnnc
911 219 1045 250 strictim
1070 219 1199 261 placeat
1223 218 1281 249 tibi
1305 218 1406 260 figere
1430 222 1550 253 nostra.

679 273 823 313 Postque
847 271 962 302 decem
987 271 1088 302 ciatos
1113 270 1246 301 studeas
1271 270 1428 312 praebere
1452 281 1589 302 necesse
1614 274 1665 302 cst

679 323 852 360 Omnibus;
877 326 911 354 at
934 322 1081 353 mihimet
1105 322 1289 364 duplicatos
1313 322 1383 363 ipse
1407 322 1553 364 propina,

678 375 725 406 Ut
746 375 866 416 possim
892 375 994 406 satius
1019 374 1145 405 cunctis
1170 377 1297 405 certare
1322 374 1479 416 repletus,

677 426 831 458 Carmina
855 426 983 458 diversa
1007 426 1068 457 hac
1092 426 1167 457 illac
1190 436 1338 457 mussare
1363 435 1421 467 per
1443 425 1562 457 aures.'

680 478 762 510 Post
785 478 897 509 dulces
923 478 1049 520 epulas,
1074 488 1258 510 sermonem
1282 480 1420 520 postque
1443 480 1612 520 peractum

680 530 762 561 Tum
787 529 891 561 dictus
916 530 1014 561 etiam
1039 530 1145 561 laetus
1170 529 1309 560 reboans
1333 529 1404 569 tibi,
1429 528 1570 569 Christe,

678 581 820 613 Econtra
843 581 1003 612 altisonus
1027 580 1216 622 Teodingus
1241 591 1338 622 quam
1360 581 1445 612 bene
1470 583 1592 612 cantat.

679 633 823 664 Vocibus
847 633 982 664 alternis
1006 635 1200 664 resonantes
1225 632 1320 663 ambo
1345 632 1495 671 canatim,

675 685 833 726 Ingentes
857 695 899 716 ex
923 684 1050 726 hocque
1075 684 1226 726 rependit
1250 684 1358 715 contio
1383 687 1494 725 grates

678 736 751 768 Tali
774 747 832 778 pro
856 740 964 776 cantu,
989 736 1085 767 simul
1108 747 1145 767 ac
1170 739 1383 767 munerantur
1404 736 1542 777 utrique.

680 788 772 820 Tunc
795 791 907 820 noster
930 788 1076 830 graditur
1100 788 1268 831 paulisper
1292 798 1421 819 sumere
1447 797 1607 826 somnum,

680 840 793 871 Donec
817 840 979 872 distentus
1004 843 1119 872 venter
1142 841 1305 872 resolutus
1330 840 1437 879 inane,

681 892 762 923 Post
785 892 903 924 iterum
926 895 962 923 ut
985 892 1096 923 dulces
1121 893 1230 923 valeat
1253 891 1440 934 confingere
1463 891 1577 923 laudes

677 943 787 986 Atque
810 944 883 975 sinu
907 944 1066 986 replicare
1091 954 1159 983 suo,
1183 943 1268 985 quod
1292 953 1386 975 casse
1407 943 1556 975 removit.

680 995 752 1027 Hos
778 996 940 1038 relegens,
966 996 1078 1035 lector,
1101 994 1267 1026 Bosonem
1291 995 1414 1036 stringe
1439 995 1575 1034 catenis,

681 1047 727 1079 Ut
750 1050 879 1079 nostras
903 1051 1044 1090 nequeat
1067 1050 1140 1090 post
1163 1047 1224 1079 hoc
1247 1050 1420 1089 penetrare
1445 1047 1633 1089 apothecas.
1649 1065 1688 1070 --

681 1099 752 1131 Hos
776 1110 837 1142 ego
861 1099 1038 1131 versiculos
1063 1099 1171 1131 studui
1194 1099 1402 1142 compingere
1424 1098 1558 1135 ludens;

683 1151 748 1183 Sed
771 1152 850 1183 mihi
874 1152 914 1183 da
939 1152 1077 1191 veniam,
1101 1152 1212 1190 lector⁷
1238 1152 1428 1193 calamoque
1453 1151 1592 1183 vacanti.

1084 1358 1202 1391 CLXI.

705 1422 766 1458 DE
794 1422 998 1466 QVODAM
1026 1422 1254 1459 LVRGONE
1279 1422 1585 1459 MERIBIBVLO.

686 1497 779 1529 Inter
802 1497 972 1539 florigeras
997 1497 1076 1528 lenti
1100 1497 1177 1529 dum
1201 1497 1344 1529 sedimus
1369 1497 1498 1537 herbas,

726 1548 863 1580 Nostros
887 1560 922 1580 se
946 1548 1080 1580 Bachus
1104 1549 1262 1591 praetulit
1284 1553 1360 1581 ante
1384 1549 1505 1581 oculos.

684 1600 782 1632 Hunc
807 1600 936 1642 quidam
960 1601 1094 1632 nimium
1119 1601 1226 1633 verbis
1249 1601 1368 1633 affatur
1390 1601 1501 1632 amicis

723 1652 847 1694 ,Lurgo‚
872 1653 918 1684 ait
941 1656 988 1684 et:
1013 1652 1145 1684 ‘Noster
1168 1653 1212 1684 sis
1236 1663 1364 1695 quoque
1387 1662 1474 1684 nunc
1498 1652 1610 1691 sotius,

680 1703 866 1736 Exsomnes
890 1705 1013 1747 pariter
1035 1715 1237 1745 maneamus,
1261 1715 1394 1747 quaeso,
1417 1704 1581 1746 hodieque

727 1755 777 1787 Ac
800 1756 904 1788 libeat
927 1757 1051 1798 gremio
1077 1757 1122 1788 sic
1146 1756 1292 1788 cubitare
1316 1767 1402 1797 meo,

682 1807 755 1844 Quo
779 1809 908 1839 valeam
933 1812 1065 1840 cantare
1091 1812 1182 1840 satur
1205 1812 1248 1847 te,
1271 1808 1394 1848 Bache,
1418 1809 1550 1840 iuvante

727 1860 853 1893 Inflatis
876 1861 988 1892 buccis
1013 1862 1158 1893 carmina
1180 1860 1310 1893 Pieria.’

683 1913 777 1944 Talia
801 1913 853 1944 cui
878 1914 978 1945 cessit
1001 1924 1062 1945 nec
1085 1924 1150 1945 non
1174 1913 1294 1946 affatur
1316 1913 1447 1945 Iachus:

722 1964 908 1996 ‘Pulticulis
934 1975 1029 1996 senas
1055 1976 1146 1997 sume
1170 1965 1227 1996 tibi
1252 1965 1376 2004 cotilas,

682 2015 728 2047 Ut
752 2016 799 2047 sic
823 2016 987 2048 distentus
1012 2017 1124 2049 valeas
1149 2017 1282 2049 sorbere
1306 2017 1420 2059 gulose

725 2068 919 2101 Innumeros
945 2069 1058 2109 ciatos,
1083 2069 1196 2102 ludere
1220 2072 1296 2112 post
1319 2068 1442 2102 satius.’

685 2120 758 2157 Quo
783 2121 869 2153 dicto
894 2121 1001 2153 subito
1026 2132 1140 2153 somno
1165 2121 1362 2164 Bacchoque
1386 2132 1573 2164 repressus:

727 2173 811 2205 Tum
835 2173 944 2216 podex
968 2184 1100 2206 carmen
1124 2174 1244 2206 extulit
1267 2173 1479 2205 horridulum.

679 2225 779 2257 Nulla
801 2225 864 2257 fuit
887 2226 1016 2268 requies
1040 2226 1153 2268 illique
1177 2226 1210 2257 in
1234 2229 1382 2268 tempore
1406 2225 1522 2264 noctis⁷

727 2277 839 2309 Donec
864 2278 1015 2319 digerere
1041 2282 1171 2320 sumpta
1195 2278 1291 2309 nimis
1315 2278 1427 2309 valuit.

419 2439 435 2464 6
454 2441 569 2465 strictum
589 2450 655 2465 corr.
676 2441 700 2465 B
803 2441 820 2465 8
838 2443 870 2467 ad
889 2451 956 2467 corr.
976 2442 1000 2466 B
1106 2441 1138 2466 10
1156 2450 1256 2466 musare
1275 2450 1342 2466 corr.
1362 2441 1387 2465 B

420 2482 527 2515 [CLXI]
550 2484 589 2509 ed.
614 2483 764 2509 Duemmler
786 2485 814 2509 in
838 2485 903 2510 Anz.
926 2487 946 2515 f.
967 2485 1062 2510 Krmde
1086 2485 1132 2510 der
1157 2485 1182 2509 d*
1202 2484 1299 2510 Vorzeit
1318 2483 1391 2508 XXI
1396 2484 1423 2515 V,
1438 2483 1489 2508 ‘225
1531 2484 1694 2509 LVGGONE
1711 2483 1736 2508 B

316 2527 448 2559 optutibus
473 2526 497 2550 in
518 2535 600 2559 mai-9.
619 2527 644 2551 B

317 2568 349 2594 13
368 2570 501 2601 bachoque
520 2578 586 2595 corr.
605 2570 630 2594 B

1839 2482 1856 2508 2
1874 2481 1971 2515 oeulos]

765 2527 781 2552 3
806 2527 891 2553 *kluic
910 2528 935 2552 B
1005 2527 1103 2560 amicis]
1126 2528 1305 2553 amicabilibus
1329 2528 1356 2552 in
1373 2536 1456 2559 mary.
1475 2527 1500 2551 B
1624 2526 1657 2552 10
1674 2526 1758 2559 senas]
1777 2535 1806 2551 as
1823 2526 1852 2551 in
1870 2526 1888 2551 l.
1905 2535 1928 2551 r.
1946 2525 1972 2550 B

419 2663 454 2689 20
470 2663 520 2695 cfr.
538 2671 559 2689 c.
580 2663 693 2697 XVIII,
709 2665 749 2691 16.
845 2665 876 2690 21
899 2665 970 2691 Boso
988 2664 1090 2691 videtur
1107 2672 1158 2691 esse
1177 2663 1298 2698 Corydon
1316 2663 1442 2690 carminis
1456 2663 1562 2691 CLIX.
1661 2663 1696 2689 23
1711 2663 1760 2695 cfr.
1778 2670 1799 2689 c.
1819 2662 1850 2689 X
1856 2662 1934 2697 VIIL
1948 2662 1971 2690 1.

316 2715 349 2740 24
366 2714 412 2746 cfr.
429 2722 450 2740 c.
472 2713 588 2747 XVIII,
602 2715 642 2742 20.

421 2765 534 2800 [CLXI]
556 2767 568 2792 1
589 2766 741 2793 Dzwmmler
759 2767 775 2793 l.
794 2775 814 2794 c.
834 2767 933 2800 omzfert
952 2767 1039 2794 Bedae
1055 2767 1087 2794 de
1103 2767 1146 2794 die
1163 2767 1221 2794 iud.
1237 2767 1249 2793 1
1270 2768 1339 2801 (opp.
1359 2767 1398 2794 ed.
1422 2766 1494 2794 Giles
1512 2767 1537 2800 I,
1548 2768 1602 2800 99).

2117 2402 2138 3106 QdeQ-.m—.-—..
2134 2366 2138 2380 ..
2136 2339 2138 2341 .
2135 2288 2138 2306 ..
