2092 3094
442 842 466 861 10

446 1101 468 1120 15

437 1618 462 1637 2⁵

436 2136 461 2155 ³⁵

438 2652 463 2671 4³

771 196 820 222 AD
838 196 1016 224 KAROLUM
1036 197 1195 225 CALVUM.

964 301 1005 334 V.

526 356 695 388 Biblorum
719 357 840 389 seriem
862 357 1004 389 Karolus
1029 369 1089 390 rex
1111 358 1242 390 inclitus
1266 359 1361 391 istam

568 407 724 440 Contexit
747 408 864 451 chryso
889 408 986 440 corde
1010 409 1122 441 colens
1146 410 1290 441 catharo.

527 471 555 503 Ο
578 472 727 504 miranda
749 473 847 504 nimis
870 472 993 505 domini
1016 473 1178 516 sapientia
1201 475 1327 514 summi,

523 523 616 560 Quae
639 535 799 566 praesens
823 524 955 565 aderas,
979 524 1055 556 dum
1080 525 1188 557 caelos
1211 526 1281 568 ipse
1305 527 1452 568 parabat,

522 575 593 607 Nec
617 575 797 618 spectanda
819 576 934 616 minus,
960 576 1046 619 quod
1070 577 1116 608 sic
1139 577 1315 620 disponere
1340 581 1457 610 cuncta

523 627 646 659 Ordine
670 628 852 670 composito
875 628 962 660 nosti
987 629 1047 660 sub
1071 629 1141 660 iure
1165 633 1290 672 coapto.

523 679 574 711 Tu
597 679 710 711 stellas
735 680 839 712 stellis
863 680 1099 723 interposuisse
1122 680 1255 721 videris,

525 731 678 763 Sidereas
701 732 791 764 vario
815 743 1009 775 expungens
1033 732 1218 764 discrimine
1241 736 1358 773 metas,

522 782 716 815 Luminibus
739 784 865 816 cunctis
888 787 1036 816 statuens
1060 795 1264 827 praeponere
1288 785 1406 823 solem;

524 835 574 866 Tu
598 846 727 877 quoque
751 835 912 868 circuiens
935 836 1018 868 coeli
1042 836 1087 867 sic
1110 836 1254 879 undique
1278 847 1394 879 gyrum

521 886 654 919 Nexisti
677 887 819 919 mediam
842 897 988 920 convexo
1012 888 1140 920 climate
1164 891 1295 927 terram,

522 939 572 970 Tu
595 949 684 971 mare
707 939 898 971 fluctifluum
921 939 1027 971 divisa
1049 943 1143 982 parte
1166 939 1291 972 locasti.

520 990 679 1022 Diversas
703 994 820 1033 gentes
843 991 975 1023 habitus
999 991 1044 1023 sic
1066 1002 1203 1034 mosque
1228 995 1408 1032 reservant,

522 1042 587 1074 Sed
612 1045 648 1074 tu
670 1043 845 1085 primatum
868 1044 993 1075 cunctis
1015 1043 1048 1075 iu
1071 1043 1223 1086 gentibus
1247 1054 1387 1086 aequum

523 1094 601 1126 Sola
623 1097 716 1126 tenes
739 1095 872 1137 propria
895 1095 1076 1137 reprimens
1100 1095 1220 1127 virtute
1244 1095 1412 1138 superbos.

520 1146 667 1188 Regibus
690 1149 724 1178 et
746 1146 856 1188 regnis
879 1157 1009 1189 semper
1031 1150 1066 1178 tu
1090 1147 1160 1178 iura
1183 1146 1317 1179 dedisti:

521 1198 633 1230 Paruit
656 1201 754 1240 atque
777 1198 842 1230 tuis
865 1198 1012 1241 quisquis
1035 1198 1076 1230 de
1099 1198 1232 1241 regibus
1256 1199 1350 1240 orsis,

521 1249 671 1282 Gulmine
695 1250 825 1282 sublimi
849 1250 960 1282 micuit
984 1250 1154 1282 sublimior
1176 1251 1258 1294 ipse.

520 1301 650 1333 Felices
673 1301 766 1341 dicti,
790 1301 905 1334 felices
929 1305 1005 1333 sunt
1027 1312 1156 1344 quoque
1180 1302 1267 1342 facti,

521 1353 650 1395 Quique
673 1353 810 1385 haesere
833 1353 907 1384 tibi:
930 1356 987 1385 tua
1009 1353 1081 1385 laus
1104 1357 1138 1386 et
1161 1353 1266 1395 gloria
1288 1356 1438 1396 regnant.

521 1405 690 1437 Biblorum
713 1405 799 1437 serie
821 1404 862 1436 de
884 1405 994 1437 multis
1017 1405 1119 1436 multa
1142 1405 1303 1437 feruntur:

521 1456 683 1489 Cor-rectis
707 1457 794 1496 aliis,
817 1457 1000 1500 reprobatis
1024 1457 1164 1499 denique
1187 1458 1299 1489 multis

521 1508 685 1545 Quosdam
708 1509 853 1551 glorifico
878 1509 994 1541 rexisti
1017 1510 1146 1541 nomine
1169 1520 1280 1552 reges3

521 1560 587 1592 Sed
609 1571 759 1593 servasse
783 1564 874 1593 tuum
897 1561 1025 1595 tibimet
1049 1561 1237 1604 specialiter
1259 1571 1358 1593 unum

520 1611 571 1643 Ac
594 1611 760 1654 proprium
783 1611 939 1643 Karolum
964 1612 1068 1644 claret
1090 1612 1295 1654 sapientibus
1318 1612 1412 1647 orbis.

521 1663 628 1700 Quem
651 1663 755 1695 solem
779 1663 883 1695 solum
906 1664 1011 1706 regali
1035 1667 1179 1696 scemate
1203 1664 1325 1695 clarum

519 1715 658 1747 Lumine
683 1715 894 1758 conspicuum
917 1716 1027 1758 ponis,
1052 1716 1228 1758 sapientia,
1251 1716 1400 1759 primum.

518 1767 612 1799 Nunc
635 1767 713 1799 licet
735 1770 834 1810 atque
858 1767 938 1799 libet
962 1768 1098 1799 scrutari
1121 1767 1267 1799 funditus
1290 1768 1382 1799 illum

519 1819 595 1851 Rite
618 1818 767 1858 modum,
790 1830 887 1861 reges
910 1819 968 1851 tibi
991 1829 1054 1862 quo
1078 1819 1242 1862 placuisse
1264 1820 1425 1851 sciuntur:

520 1871 620 1914 Sique
643 1874 719 1903 tuus
742 1870 807 1902 dici
829 1870 971 1903 Karolus
994 1871 1047 1903 vel
1070 1871 1173 1914 possit
1196 1871 1320 1911 haberi,

519 1921 686 1954 Pandatur
709 1922 826 1955 saltem
850 1922 963 1965 paucis
987 1922 1186 1965 rudibusque
1208 1922 1356 1964 loquelis.

518 1973 628 2006 Fortis
651 1984 727 2006 nam
749 1973 857 2006 David
881 1984 941 2016 per
963 1977 996 2006 te
1019 1974 1169 2015 regnavit
1192 1977 1226 2006 et
1248 1974 1316 2016 egit

516 2026 619 2058 Arma
640 2026 811 2058 beatorum
834 2035 895 2058 nec
917 2036 982 2057 non
1005 2028 1038 2057 et
1059 2035 1172 2056 norma
1193 2035 1322 2057 reorum

519 2077 614 2110 Stare
637 2077 759 2110 docens
782 2081 915 2109 sanctos
939 2087 1114 2119 rursusque
1140 2087 1314 2119 resurgere
1337 2077 1458 2119 lapsos.

517 2129 592 2161 Non
614 2129 736 2172 pateris
759 2129 900 2161 humiles
922 2129 1054 2171 penitus
1078 2131 1128 2168 tu,
1153 2132 1282 2169 sancta,
1304 2128 1423 2171 perire,

518 2180 607 2217 Quos
629 2184 662 2213 te
686 2180 781 2213 corde
805 2184 860 2212 tuo
885 2181 966 2212 satis
990 2182 1182 2222 acceptasse
1206 2179 1335 2212 fateris:

518 2232 661 2276 Corripis
684 2235 716 2264 et
739 2232 908 2276 reprimis;
932 2242 1013 2275 quos
1038 2231 1188 2273 corrigis,
1212 2231 1311 2273 erigis
1335 2241 1454 2273 aeque;

519 2283 668 2316 Exerces
692 2287 841 2323 cunctos,
865 2280 972 2316 animo
996 2293 1077 2325 quos
1100 2282 1210 2324 diligis
1233 2283 1335 2319 almo;

516 2335 650 2368 Viribus
673 2338 707 2368 et
728 2335 844 2368 validis
867 2335 1004 2367 virtutes
1027 2337 1122 2376 grata
1144 2334 1326 2370 ministras;

520 2388 738 2431 Displicuisse
762 2390 878 2431 putant
901 2386 1011 2418 stolidi
1035 2396 1130 2428 quos,
1154 2385 1263 2427 diligis
1286 2385 1395 2417 immo.

517 2439 592 2472 Rex
615 2439 782 2478 Salomon,
806 2438 958 2481 quoniam
980 2438 1089 2480 potius
1113 2440 1170 2469 tua
1192 2436 1279 2468 dona
1300 2437 1417 2479 petivit

516 2491 562 2523 Ut
585 2491 716 2534 sapiens
738 2494 852 2534 posset
874 2490 962 2530 fieri,
986 2489 1185 2532 praecelsior
1206 2489 1281 2520 ullis

516 2543 666 2585 Regibus
689 2543 834 2575 existens
858 2541 974 2584 opibus
997 2540 1143 2584 pollebat
1165 2540 1281 2583 opimis

516 2593 706 2636 Iudicioque
729 2597 798 2626 rato
822 2597 931 2626 tecum
953 2593 1040 2625 bona
1062 2592 1201 2635 plurima
1224 2593 1332 2624 sanxit

516 2645 738 2688 Doctrinaque
760 2649 818 2677 tua
840 2645 995 2677 mundum
1018 2644 1182 2676 redimivit
1203 2643 1343 2683 abunde,

517 2697 691 2729 Mirificum
715 2697 845 2729 domino
869 2696 986 2728 meruit
1008 2706 1137 2738 quoquc
1161 2695 1300 2728 condere
1323 2695 1495 2738 templum:

517 2749 549 2780 A
572 2752 605 2780 te
628 2748 802 2788 secedens,
827 2748 860 2780 in
884 2759 919 2780 se
943 2746 1115 2790 dispendia
1137 2757 1264 2789 passus,

256 2842 310 2877 [v.]
327 2843 362 2870 ao
379 2843 516 2876 *SICQUE
534 2845 590 2870 aad.

1746 203 1809 234 255
