2060 3074
280 145 343 175 644
934 139 1085 167 MILONIS
1104 139 1279 166 CARMINA.

562 242 600 261 955
644 229 682 260 In
707 232 738 260 te
763 227 930 260 claudetur
953 227 1052 258 series
1074 225 1231 268 perducta
1254 226 1428 258 Camenae.

645 281 717 312 Hoc
740 283 851 311 tamen
875 279 1027 320 exemplo
1050 278 1221 309 monstrari
1247 278 1308 309 rite
1331 277 1465 317 valebis,

645 333 748 369 Quam
772 332 919 374 speciosa
945 331 1054 371 mices,
1079 341 1175 373 quam
1198 330 1331 372 pulchro
1354 330 1433 362 flore
1457 330 1606 370 virescas,

645 384 739 421 Quod
763 384 862 415 dulcis
886 383 1050 423 Ionathas,
1073 377 1209 414 Davidjs
1232 385 1359 413 amator
1381 382 1530 422 amantis,

643 436 730 468 Dum
754 439 786 467 te
810 435 960 475 servavit,
984 445 1042 477 per
1064 437 1097 466 te
1121 434 1166 466 sic
1189 434 1318 465 fortiter
1343 434 1420 475 egit,

561 502 600 521 960
643 488 778 519 Hostilis
802 487 896 519 cunei
917 490 953 518 ut
976 487 1132 529 fugientia
1155 489 1248 528 terga
1270 486 1382 518 feriret

644 540 686 571 Et
708 540 819 582 populi
842 539 999 570 innumeri
1022 539 1146 570 iuvenis
1168 539 1286 570 virtute
1310 538 1455 570 subirent

644 592 730 624 Ense
754 602 878 632 necem,
902 593 1033 622 ruerent
1056 590 1147 622 fusae
1171 601 1230 633 per
1251 601 1354 632 prona
1377 593 1538 622 catervae.

645 644 696 676 Sic
719 644 829 683 victor,
853 646 1024 685 postquam
1048 653 1191 674 summae
1216 643 1396 684 gestamine
1420 643 1535 684 virgae

644 696 743 727 Mella
766 696 831 727 favi
853 695 963 727 fluvidi
985 695 1099 726 libavit
1123 697 1155 726 et
1178 695 1286 736 attigit
1309 705 1364 726 ore

563 761 601 781 965
646 748 695 779 Ac
718 748 807 779 tenui
830 750 926 789 gustu
949 747 1067 778 ieiunia
1089 747 1175 778 iussa
1198 746 1341 787 resolvit,

645 800 750 832 Versa
773 802 869 838 sorte,
893 799 1014 830 Achias
1039 798 1114 830 dum
1136 809 1200 830 non
1225 799 1370 830 consulta
1392 798 1543 830 sacerdos

645 853 720 884 Ulla
742 853 852 893 refert,
875 863 949 884 reus
973 855 1022 883 est
1045 852 1184 892 habitus,
1210 852 1263 894 qui
1286 851 1408 883 vicerat
1430 851 1555 883 hostes:

646 905 699 936 Sic
722 907 848 936 cassata
871 915 928 936 suo
950 904 1083 936 victoria
1107 906 1224 946 coepta
1246 903 1394 946 tropheo.

646 957 811 989 Sobrietas
834 957 955 988 violata
978 956 1074 988 citum
1099 966 1171 988 cum
1194 959 1298 987 morte
1322 956 1478 998 periclum

561 1023 600 1042 970
644 1009 784 1041 Inferret
805 1009 923 1049 iuveni,
947 1009 974 1039 si
996 1018 1061 1039 non
1085 1007 1252 1039 obstacula
1274 1008 1344 1050 regi

644 1061 731 1093 Irato
756 1061 887 1092 offerret
909 1060 1073 1103 popularis
1097 1059 1203 1092 contio
1227 1059 1326 1102 vulgi.

646 1113 698 1145 Sic
720 1115 901 1145 memorant
923 1112 1044 1144 loetale
1068 1112 1188 1143 malum
1211 1112 1362 1154 virusque
1387 1112 1503 1143 veneni

645 1166 840 1208 Serpentum
862 1165 1002 1196 humana
1026 1164 1171 1206 superari
1194 1174 1237 1195 ex
1261 1174 1317 1195 ore
1341 1164 1455 1195 saliva:

644 1218 716 1249 Hoc
739 1217 890 1249 humore.
898 1217 990 1258 gravi
1011 1227 1088 1248 mox
1111 1216 1201 1247 illum
1224 1226 1321 1258 posse
1346 1217 1465 1256 necari,

563 1285 601 1304 απ»
645 1271 776 1302 Ieiunus
800 1269 922 1301 colubri
945 1269 971 1300 si
994 1269 1077 1300 hanc
1099 1268 1256 1300 infuderis
1280 1268 1336 1300 ori.

644 1323 697 1355 Sic
720 1322 812 1364 vigor
834 1321 886 1353 hic
908 1321 1046 1352 hominis
1069 1321 1146 1352 facit
1167 1321 1257 1352 illum
1283 1321 1474 1352 occumbere
1497 1322 1602 1362 morti,

645 1375 697 1406 Sic
720 1374 881 1417 perimunt
903 1373 1046 1405 Satanan
1068 1373 1187 1404 ieiunia
1209 1373 1318 1404 sobria
1341 1372 1454 1404 dirum.

643 1427 754 1458 Virtus
776 1426 850 1457 viva
872 1426 960 1457 valet
982 1425 1131 1457 vitiorum
1155 1425 1284 1457 vincere
1306 1425 1406 1457 virus:

645 1479 736 1515 Quae
760 1481 889 1509 servata
911 1488 985 1509 suos
1009 1480 1125 1518 servat,
1149 1488 1232 1520 quae
1256 1477 1384 1520 perdita
1407 1477 1523 1519 perdit,

563 1545 602 1564 seo
646 1531 706 1562 Illa
729 1532 826 1572 caput
849 1530 934 1561 facta
959 1532 1017 1570 est,
1040 1529 1112 1561 finis
1135 1530 1176 1561 sit
1199 1532 1232 1560 et
1254 1530 1325 1571 ipsa
1348 1529 1464 1561 libelli:

523 1602 615 1628 LAUS
635 1601 699 1632 SIT,
719 1599 881 1631 CHRISTE,
899 1598 982 1630 TIBI,
1002 1598 1172 1631 QUONIAM
1192 1597 1274 1624 ISTA
1292 1598 1358 1625 EST
1377 1596 1566 1625 CLAUSULA
1585 1600 1698 1627 PRIMI.

458 1714 895 1760 CONSEQUITURQUE
921 1714 1094 1750 BREVIS
1121 1714 1382 1767 TITULATIO
1411 1714 1524 1751 RITE
1550 1715 1764 1754 SECUNDI.

333 1794 358 1826 Ι.
381 1793 561 1825 Praeconia
584 1792 636 1824 dei
659 1791 832 1834 genetricis
855 1790 977 1821 Mariae
1002 1789 1112 1821 debita
1135 1789 1307 1822 devotione
1331 1791 1545 1823 celebrantur.

318 1846 360 1877 ΙΙ.
384 1845 498 1877 Annae
520 1844 675 1887 pudicitia
698 1843 850 1885 exemplo
873 1842 1004 1874 turturis
1027 1842 1279 1875 commendatur.

297 1898 358 1929 ΙΙΙ.
382 1897 534 1929 Iohannis
556 1897 638 1928 mira
660 1895 856 1928 abstinentia
877 1894 1092 1936 praedicatur.

282 1949 360 1982 IIII.
383 1949 495 1980 Passio
519 1949 618 1991 ipsius
642 1951 675 1979 et
697 1947 832 1979 saevitia
855 1946 996 1978 Herodis
1018 1946 1165 1979 refertur.

386 2096 435 2122 957
455 2098 565 2130 spetiosa
583 2101 607 2122 et
624 2097 719 2121 similia
737 2096 839 2128 saepius
853 2096 876 2120 L
957 2094 1008 2121 964
1028 2095 1106 2121 fluide
1118 2095 1142 2120 L
1224 2095 1275 2121 968
1293 2099 1382 2130 tropeo
1400 2097 1440 2122 hie
1459 2101 1482 2122 et
1495 2096 1591 2128 paucis
1609 2096 1671 2121 lomb
1683 2095 1707 2121 Δ
1789 2095 1841 2122 972
1857 2096 1935 2122 letale

284 2141 324 2165 hic
343 2141 396 2166 illic
409 2141 433 2165 A
521 2139 571 2165 977
590 2144 683 2166 satana
694 2140 719 2164 A
806 2138 816 2173 ss
834 2141 854 2165 1.
871 2140 997 2165 Preconia
1014 2143 1038 2164 et
1055 2139 1091 2164 εἰσ
1109 2148 1172 2164 raro
1191 2148 1205 2165 e
1222 2149 1272 2172 pro
1291 2148 1306 2172 e
1318 2140 1342 2165 L

387 2217 521 2244 958--971
548 2217 638 2251 lRey.
661 2217 699 2249 14,
712 2217 746 2243 24
771 2216 914 2243 adim-avit
936 2216 1003 2243 Saul
1028 2216 1163 2254 populum
1186 2216 1280 2243 diceus
1305 2217 1483 2244 ‘maledictus
1506 2216 1561 2250 vir,
1587 2216 1637 2250 qui
1660 2215 1812 2244 comederit
1834 2206 1935 2250 panem

285 2277 371 2302 usque
389 2269 424 2295 ad
444 2278 599 2303 vesperam,
624 2269 712 2296 donec
730 2269 847 2296 ulciscar
866 2269 900 2295 de
919 2268 1040 2295 inimicis
1057 2268 1135 2295 meis'
1160 2289 1183 2295 ..
1203 2269 1237 2295 26
1256 2269 1397 2303 ingressus
1421 2270 1465 2295 est
1493 2268 1615 2303 populus
1633 2268 1737 2295 saltum
1756 2268 1785 2294 et
1802 2266 1936 2302 apparuit

286 2320 371 2346 fluens
389 2321 442 2347 mel
463 2342 485 2348 ..
504 2321 537 2347 27
557 2321 688 2348 Ionathas
707 2330 762 2348 non
781 2322 923 2354 audierat,
947 2330 1009 2348 cum
1027 2321 1171 2348 adiuraret
1188 2322 1269 2355 pater
1287 2321 1346 2348 eius
1365 2321 1514 2356 populum,
1538 2320 1722 2355 extenditque
1742 2320 1934 2347 summitatem

286 2372 395 2406 virgae,
418 2381 501 2406 quam
521 2373 643 2399 habebat
668 2373 696 2399 in
721 2382 819 2406 manu,
845 2375 873 2400 et
892 2373 1012 2400 intinxit
1034 2373 1064 2400 111
1086 2373 1180 2400 favum
1200 2361 1290 2400 mellis
1313 2375 1342 2400 et
1360 2373 1501 2401 convertit
1520 2381 1633 2400 manum
1651 2381 1731 2399 suam
1751 2372 1787 2399 ad
1805 2381 1836 2399 os
1853 2380 1935 2398 suum

345 2425 378 2451 36
397 2425 426 2451 ct
444 2424 486 2451 ait
503 2425 629 2452 sacerdos
649 2425 760 2456 (Achias
780 2426 819 2457 14,
834 2426 878 2458 18)
897 2425 1069 2452 ‘accedamus
1088 2425 1142 2452 huc
1160 2425 1196 2451 ad
1215 2425 1315 2452 denus.
1353 2426 1397 2455 377
1408 2427 1438 2452 et
1456 2425 1599 2453 consuluit
1617 2424 1683 2452 Saul
1701 2423 1845 2452 dominum
1863 2444 1870 2451 .
1881 2444 1889 2451 .
1907 2424 1936 2450 et

287 2485 340 2502 non
361 2476 502 2510 respondit
521 2477 545 2503 ei
565 2477 594 2503 in
607 2477 652 2503 die
666 2477 716 2504 illa
793 2478 827 2504 42
847 2479 875 2504 et
894 2477 935 2504 ait
948 2477 1014 2504 Saul
1035 2476 1149 2504 ‘mittite
1168 2479 1268 2504 sortem
1290 2477 1363 2504 inter
1376 2486 1419 2504 me
1439 2478 1468 2504 et
1482 2477 1555 2504 inter
1567 2477 1724 2504 Ionatham'
1744 2497 1750 2503 .
1763 2496 1770 2503 .
1789 2477 1819 2503 et
1836 2476 1936 2510 captus

288 2528 330 2553 est
348 2528 478 2554 lonathas
497 2549 519 2555 ..
538 2529 572 2554 43
591 2530 619 2555 et
637 2529 678 2555 ait
697 2529 852 2562 (Imzathas)
870 2531 996 2564 ‘gustans
1022 2529 1134 2563 gustavi
1160 2530 1189 2556 in
1208 2530 1371 2557 summitate
1388 2529 1485 2564 virgae
1504 2549 1528 2558 ..
1547 2529 1695 2564 paululum
1713 2528 1804 2556 mellis
1823 2529 1853 2555 et
1871 2536 1934 2555 eece

288 2587 339 2612 ego
358 2579 466 2605 morior'
485 2599 507 2606 ..
526 2579 559 2606 45
577 2579 704 2614 dixitque
724 2581 842 2615 populus
861 2581 895 2607 ad
916 2581 982 2608 Saul
1001 2583 1112 2616 ‘ergone
1130 2581 1262 2608 Ionathas
1281 2581 1422 2614 morietur,
1441 2581 1490 2616 qui
1502 2581 1570 2608 fecit
1585 2581 1704 2608 salutem
1717 2581 1791 2607 hanc
1803 2588 1936 2615 magnam

288 2629 315 2655 in
334 2630 416 2656 Israel
424 2631 444 2656 Τ
465 2651 487 2658 ..
506 2631 636 2658 liberavit
654 2640 719 2666 ergo
738 2633 858 2667 populus
877 2633 1024 2664 Ionathan,
1044 2634 1076 2660 ut
1087 2642 1144 2660 non
1158 2635 1324 2666 moreretur;
1342 2633 1389 2666 ψ’.
1405 2633 1511 2668 Θνορον.
1526 2633 1626 2661 Moral.
1641 2633 1682 2664 30,
1697 2633 1729 2660 18
1741 2632 1796 2666 (M.
1810 2632 1850 2664 76,
1863 2631 1935 2667 55⁷).

288 2682 424 2709 972—975
441 2683 559 2710 Ambros.
578 2683 648 2710 Hex.
668 2684 734 2710 VI4
759 2685 994 2712 medicamentum
1019 2685 1131 2719 quaeris
1156 2687 1184 2712 et
1207 2685 1343 2712 ieiunium
1366 2685 1455 2720 fugis,
1480 2685 1560 2719 quasi
1578 2684 1669 2712 maius
1687 2684 1765 2711 aliud
1783 2683 1935 2711 remedium

288 2733 407 2766 reperire
426 2734 524 2767 possis:
548 2734 634 2761 ieiuni
653 2735 773 2762 hominis
791 2737 905 2770 sputum
925 2736 948 2762 si
967 2744 1080 2771 serpens
1103 2736 1275 2770 gustaverit,
1298 2736 1417 2763 moritur
1434 2756 1441 2762 .
1462 2735 1553 2768 vides,
1578 2736 1686 2770 quanta
1703 2735 1746 2762 vis
1768 2734 1868 2762 ieiunii
1891 2734 1938 2766 sit,

290 2785 322 2810 ut
340 2786 368 2810 et
386 2786 468 2818 sputo
487 2794 535 2812 suo
554 2786 636 2813 homo
654 2788 794 2814 terrenum
813 2789 969 2822 serpentem
990 2787 1142 2814 interficiat
1161 2789 1190 2814 et
1209 2787 1309 2815 merito
1327 2787 1492 2822 spiritalem.
1886 2790 1911 2823 a}
