2060 3074
262 162 323 193 388

550 362 587 381 705

551 619 590 638 710

553 878 590 897 715

950 156 1133 184 DIALOGUS
1152 156 1237 183 AGII.

627 245 800 282 Quaeritur
823 244 997 276 almificum
1021 244 1182 282 meritum,
1206 253 1314 275 mores
1338 243 1522 282 reverendi,

668 297 797 338 Lingua
818 295 954 338 perinde
978 296 1033 338 pia
1058 295 1188 337 vitaque
1214 295 1283 327 iure
1309 305 1418 332 saera3

626 348 800 384 Quaeritur
822 351 859 379 ut
881 348 1012 390 generis
1035 357 1143 387 eausa,
1169 347 1216 378 sic
1239 347 1368 379 actibus
1393 347 1481 388 ipsis,

671 399 762 431 Siout
785 399 819 430 in
841 399 973 439 affeetu,
999 399 1046 431 sio
1071 402 1105 430 et
1127 399 1160 430 in
1185 398 1301 430 officio.

625 451 695 483 Vos
720 451 830 491 etiam,
855 454 988 483 sanctae
1012 448 1114 493 ipsius
1139 450 1322 493 dignaeque
1347 459 1484 490 sorores,

670 502 766 534 Hanc
789 506 928 535 matrem
951 506 1096 535 vestram
1120 502 1262 534 excolite
1286 505 1321 533 ut
1344 501 1519 533 dominam.

627 554 784 591 Quamvis
806 565 948 596 namque
972 554 1060 586 cluat
1083 554 1176 586 vobis
1201 564 1305 596 genus
1329 553 1478 585 omnibus
1502 562 1612 586 unum,

670 605 827 638 Attamen
850 606 933 638 haec
958 605 1077 637 Christi
1102 609 1151 638 est
1173 616 1308 638 munere
1332 605 1536 648 praeposita:

629 657 750 689 Christi
773 658 880 689 electa
902 658 974 689 loco
1000 657 1185 700 Christique
1209 658 1331 689 vicaria
1354 660 1496 693 constat:

673 709 804 741 Christo
828 720 885 742 vos
909 710 1015 752 agitis,
1042 710 1193 752 quicquid
1219 710 1248 742 ei
1273 710 1396 743 facitis:

630 761 760 794 Christo
784 762 871 794 facta
896 762 958 793 sibi
981 762 1090 793 forsan
1113 762 1231 793 iniuria
1253 762 1325 798 fiet;

674 812 822 845 Christus
846 813 1035 852 honoratur,
1060 813 1208 844 Christus
1232 813 1265 844 in
1289 813 1350 844 hac
1374 813 1500 844 colitur.

629 865 805 897 Praeterea
827 865 1010 896 naturalem
1033 867 1176 896 vestram
1201 875 1328 907 quoque
1354 867 1492 896 matrem

673 916 832 948 Omnibus
857 916 1051 948 omnimodis
1075 917 1218 948 excolite
1242 917 1418 959 obsequiis,

630 969 702 1000 Hoc
725 968 847 1000 domini
869 968 1003 1008 iussum,
1028 968 1088 1000 hoc
1112 971 1256 1000 vestrum
1280 969 1384 1000 nostis
1408 968 1575 1002 honorem.

675 1021 745 1053 Hoc
770 1020 872 1052 nostis
897 1023 1039 1052 vestram
1064 1020 1164 1052 affore
1189 1021 1368 1062 gloriolam.
