2092 3094
0 1957 10 1973 v

0 2888 6 2920 v'·
0 2627 11 2871 “v-cwwv‘*
0 2586 10 2602 ³.
0 2470 11 2566 *³5¹⁸*
2 2439 3 2442 Α
0 2408 2 2410 ·

894 118 1117 148 PROOEMIUM.
1766 125 1827 156 267

188 206 242 238 Ex
270 206 320 238 his
348 206 445 246 iqitur
469 206 707 238 Gentulensibus
734 206 825 238 libris
852 217 920 238 cum
943 208 1023 240 alios
1046 209 1210 249 scriyotores
1232 210 1296 240 tum
1320 209 1470 241 Serenum
1494 210 1726 242 Sammonicum
1748 211 1828 252 (20),

187 260 349 291 Avumum
369 259 451 299 (21),
486 258 705 298 Cyprianum¹
733 259 816 299 (25),
848 269 917 290 eum
943 260 1059 292 scilicet
1085 270 1174 300 quem
1201 260 1377 292 Alcliimum
1400 262 1560 301 appellare
1588 262 1678 300 solet,
1711 272 1829 294 sumere

182 312 308 351 poterat
321 310 467 350 tlorileyii
489 310 578 342 illius
599 310 656 350 qui
677 312 786 342 auctor
803 310 872 351 fuit
887 311 998 343 Micon
1019 311 1170 343 diaeonus
1189 312 1392 344 s'entulensis.
1430 313 1602 345 Fortunati
1622 316 1726 345 autem
1747 314 1830 346 illud

187 362 346 402 exemplar
379 361 560 393 Centulense
589 360 663 403 (cfr.
698 363 752 399 18,
782 363 837 403 19)
869 363 1062 402 deperditam
1088 373 1152 394 esse
1179 364 1225 395 bis
1255 364 1383 404 leqimus
1411 365 1444 395 in
1473 365 1664 396 carminibus
1695 365 1782 406 (CII
1801 367 1829 396 et

191 413 334 451 CLXII)
361 412 468 446 doleri.
515 413 585 453 Qua
616 413 652 445 de
675 424 708 444 re
730 414 776 444 ita
804 416 848 445 cst
870 415 1084 446 statuendum:
1106 415 1231 446 vlibrum
1255 415 1426 447 Fortunati
1452 426 1536 448 nunc
1559 416 1828 458 Petropolitanum

187 466 261 498 olim
279 465 424 497 Corbeiae
445 464 572 502 Veteris,
594 465 649 505 qui
663 465 801 507 sylloyen
823 466 1054 506 epiqraphicam
1077 467 1212 498 continet
1234 469 1338 507 aperte
1361 468 1509 508 scriptam
1528 468 1653 500 Contuli
1662 468 1684 506 ²,
1707 469 1828 500 saeculo

186 518 268 549 nono
289 517 324 548 in
341 516 460 548 Probae
482 516 622 548 versibus
643 516 770 548 desiisse
792 517 888 548 codici
903 517 968 557 ipse
983 517 1106 559 affioeus
1128 518 1211 550 docet
1233 519 1345 557 instem
1368 519 1422 559 qui
1445 529 1550 551 versus
1566 522 1669 551 tamen
1691 520 1726 551 in
1749 520 1828 551 libro

185 579 271 603 nunc
291 568 519 602 desiderantur.
563 567 651 600 Haec
673 571 717 600 est
739 569 839 600 altera
863 569 1034 601 Fortunati
1057 570 1238 608 ‘medietas',
1264 581 1343 610 quae
1365 573 1438 602 ante
1460 582 1490 603 a.
1513 573 1576 602 831
1602 571 1731 603 Centulo
1756 571 1829 603 Cor-

187 621 286 653 beiam
308 622 354 652 est
371 617 533 660 asportata
549 630 701 659 quamque
715 620 853 652 inveniri
870 630 933 652 non
950 631 1042 660 posse
1065 623 1093 652 et
1103 623 1194 661 poeta
1218 623 1362 662 queritur
1376 624 1405 654 ct
1421 623 1542 654 videtur
1565 623 1673 654 testari
1694 623 1827 655 voluisse

187 673 360 713 cataloyus,·
381 672 493 710 altera,
516 672 550 702 in
573 682 636 712 qua
659 674 751 703 crant
774 671 896 704 Probae
919 682 1034 710 versus,
1061 673 1186 705 (lentuli
1207 676 1401 706 remanserat
1423 675 1489 715 (18,
1514 675 1579 713 19).

289 723 318 755 5.
355 722 494 765 Odulf'us
521 723 672 755 ostiarius
709 724 906 756 Centulensis
935 724 1090 756 Libellum
1123 725 1160 756 cle
1194 727 1372 757 sanctorum
1405 726 1549 766 reliquiis
1583 737 1603 758 a
1633 736 1664 758 se
1697 726 1829 758 collectis

185 776 346 816 scripsisse
374 785 472 815 neque
499 775 539 807 ab
570 774 724 815 Hariulfo
753 776 891 807 traditur
919 786 1017 816 neque
1050 777 1089 808 ab
1124 777 1188 808 ullo
1221 787 1353 817 usquam
1381 778 1529 817 scriptore
1538 788 1548 815 ‚·
1580 777 1653 809 liaec
1686 788 1753 810 mea
1784 779 1829 809 est

185 828 369 865 coniectura,
391 826 445 858 secl
466 837 560 867 quam
583 838 698 859 mecum
717 827 867 869 facturus
889 829 944 866 sit,
977 829 1120 868 quisquis
1143 829 1308 860 iuterrtiore
1330 840 1407 861 cura
1430 830 1537 870 leqerit
1558 829 1702 870 Hariulfii
1724 830 1828 869 capita

186 879 252 912 III
260 881 300 910 11
317 879 360 911 12
374 881 424 917 14,
448 879 482 910 in
498 879 611 919 quibus
623 879 760 911 disertus
779 882 808 910 et
829 880 936 911 doctus
958 882 1011 918 cst,
1035 881 1090 920 qui
1105 881 1202 912 soleat
1223 883 1280 912 aut
1302 883 1400 913 tacere
1423 883 1479 913 aut
1497 882 1702 920 comminisci;
1718 883 1828 921 partes

185 933 288 963 autem
308 931 430 970 primas
452 930 496 962 ibi
517 931 584 971 ayit
608 930 747 972 Oclulf'us
770 931 924 963 aedituus.
970 933 1071 972 Atqui
1093 932 1227 964 eiusdem
1251 932 1360 964 odulfi
1389 933 1531 965 custodis
1561 933 1654 965 etiam
1676 933 1828 964 carminis

189 982 275 1015 CXL
296 991 387 1014 versu
409 983 452 1012 48
473 982 587 1014 mentio
606 983 659 1022 sit,
682 983 765 1022 quod
791 994 915 1015 carmen
937 994 966 1015 a.
990 985 1054 1014 866
1073 984 1171 1024 paulo
1192 986 1265 1024 post
1287 984 1416 1024 Rudolfi
1445 984 1566 1016 abbatis
1594 986 1720 1016 mortem
1746 994 1828 1016 com-

182 1034 319 1075 positum
341 1043 406 1066 esso
422 1044 483 1073 per
505 1044 536 1065 se
555 1036 651 1075 patet.
696 1035 749 1066 Ita
771 1035 935 1077 Hariulfo,
959 1036 1014 1075 qui
1039 1035 1192 1077 Odalfam
1220 1036 1380 1068 aedituum
1406 1037 1450 1068 ad
1469 1045 1570 1068 annos
1593 1037 1656 1067 864
1679 1035 1742 1067 865
1765 1037 1828 1067 866

185 1088 250 1118 867
271 1085 389 1124 laudat,
410 1085 488 1125 fides
509 1086 655 1117 accrescit
677 1097 760 1120 vera.
792 1087 869 1118 Post
883 1098 912 1119 a.
930 1088 994 1118 867
1008 1090 1036 1118 et
1050 1087 1136 1127 apud
1152 1087 1346 1129 Hariulfum
1364 1088 1468 1128 Odulfi
1484 1088 1632 1119 memoria
1653 1088 1828 1119 obmutescit

185 1140 215 1171 ot
239 1138 275 1170 in
303 1138 441 1169 carmine
467 1137 533 1176 CV,
560 1138 642 1177 quod
668 1149 698 1169 a.
722 1140 786 1170 870
816 1139 964 1178 scriptum
995 1139 1129 1177 videtur,
1158 1141 1249 1179 poeta
1278 1140 1406 1180 quidam
1429 1140 1498 1172 Iam
1526 1140 1593 1172 bini
1625 1140 1731 1180 inquit
1753 1143 1828 1171 sunt

186 1189 324 1222 revoluti
346 1190 432 1224 anni,
456 1193 625 1232 postquam
652 1194 745 1232 porta
769 1190 864 1222 huius
889 1192 1076 1222 monasterii
1108 1191 1186 1223 mihi
1209 1192 1384 1223 commissa
1407 1195 1482 1224 stat.
1527 1192 1623 1223 Anno
1647 1191 1742 1232 iyitur
1765 1193 1828 1222 868

183 1251 262 1274 novo
283 1240 404 1273 custode
421 1240 509 1282 facto
534 1241 671 1283 Odulflus
694 1252 732 1273 ez
754 1242 874 1273 custode
901 1242 1081 1283 scripserat,
1109 1243 1186 1282 quid
1207 1245 1307 1274 eustos
1335 1243 1520 1275 monasterio
1545 1243 1766 1283 prospeaeisset,
1794 1245 1828 1274 ut

185 1293 364 1334 Anqilberti
387 1292 502 1324 librum
518 1293 747 1324 memorialem*⁵
770 1294 902 1333 quodam
918 1294 1006 1325 modo
1021 1295 1186 1334 suppleret.
1217 1295 1268 1326 Ab
1283 1305 1368 1326 anno
1383 1297 1485 1326 autem
1501 1296 1563 1325 864
1580 1294 1661 1334 quod
1675 1294 1828 1335 reliquias

185 1347 214 1378 et
229 1344 394 1386 colliyendi
415 1346 443 1376 et
459 1347 569 1385 postea
591 1345 783 1377 describendi
799 1345 927 1376 initium
943 1346 1082 1387 sumpsit,
1107 1346 1178 1377 iude
1193 1346 1380 1385 declaratur,
1395 1346 1477 1387 quod
1491 1346 1544 1378 lioc
1558 1356 1644 1378 anno
1658 1345 1828 1378 Danorum

184 1399 267 1430 metu
287 1397 403 1429 sensim
425 1396 581 1428 desinente
603 1397 825 1428 numasterium
848 1397 1042 1428 devastatum
1072 1399 1250 1429 restaurare
1276 1400 1439 1438 coeperunt
1465 1399 1494 1429 et
1523 1398 1612 1429 novis
1634 1398 1828 1430 ornamentis

183 1459 305 1490 anyere.
344 1447 430 1480 Hinc
452 1448 660 1480 testimonium
683 1458 804 1480 sumam
826 1448 869 1480 ad
890 1449 1042 1480 carminis
1067 1448 1159 1481 CXX
1181 1451 1299 1489 tempus
1321 1449 1539 1490 definiendum.
1580 1449 1716 1482 Praeter
1741 1449 1827 1481 CXL

189 1501 295 1542 Odulfi
317 1499 494 1532 memoriam
518 1501 553 1530 in
579 1499 681 1538 CXX,
709 1499 880 1535 CXXVII.
908 1500 1095 1532 CXXVIII
1113 1501 1227 1541 sylloqe
1249 1501 1295 1533 ita
1315 1501 1434 1541 prodit,
1463 1503 1498 1532 ut
1525 1502 1580 1541 qui
1603 1511 1639 1533 ea
1661 1501 1829 1541 composuit

178 1553 280 1593 possit
298 1551 402 1594 fuisse
426 1551 570 1593 Odulfus.

216 1644 218 1646 ‚
289 1606 317 1635 6.
352 1603 387 1636 S.
417 1602 565 1635 Richarii
592 1603 825 1635 Min-acutorum
855 1603 930 1635 libri
939 1605 952 1623 ⁴
976 1606 1048 1644 post
1079 1615 1108 1636 a.
1136 1602 1166 1635 d.
1204 1604 1259 1636 VI.
1289 1604 1365 1636 Kal.
1395 1604 1478 1636 Mai.
1507 1606 1570 1635 866
1599 1604 1708 1644 scripti
1737 1606 1827 1636 sunt:

183 1665 316 1696 namquo
327 1657 399 1697 post
413 1665 443 1689 a.
460 1654 491 1686 cl.
514 1653 567 1687 VI.
587 1654 664 1687 Kal.
680 1654 757 1686 Nov.
782 1656 867 1686 864⁵
890 1655 921 1688 S.
950 1655 1096 1688 Ricliarii
1114 1656 1242 1698 festum,
1267 1656 1287 1688 i.
1311 1666 1334 1687 e.
1357 1667 1387 1688 a.
1411 1656 1441 1688 cl.
1472 1655 1524 1688 VI.
1544 1656 1621 1689 Kal.
1637 1655 1732 1694 Mai„
1755 1656 1827 1687 bis⁶

182 1707 364 1749 attinyitur:
379 1707 478 1739 altero
490 1708 594 1738 autem
605 1707 669 1738 loco
684 1706 850 1749 praedicta
863 1707 1023 1739 festivitas
1040 1707 1156 1739 ‹ticam-
1172 1711 1247 1750 post
1262 1708 1337 1740 anni
1351 1708 1505 1740 circulum
1518 1708 1700 1740 advenisse.
1725 1708 1826 1747 Atque

184 1759 327 1792 earmina
343 1758 516 1790 LXXXII
532 1760 560 1789 et
579 1758 785 1797 CXXXVII,
809 1759 922 1799 quippe
941 1770 999 1798 per
1021 1770 1100 1799 quae
1122 1759 1162 1791 ab
1184 1760 1291 1791 abbate
1313 1760 1441 1799 petitum
1464 1762 1548 1798 esset,
1572 1762 1608 1791 ut
1630 1759 1663 1792 S.
1680 1759 1827 1791 Richarii

190 1810 262 1843 Vita
283 1810 324 1843 ab
346 1810 500 1842 Alclivino
522 1810 594 1842 olim
615 1810 699 1842 (alita
722 1810 846 1842 tandem
868 1822 900 1842 co
923 1811 1176 1848 continuaretur,
1203 1813 1237 1842 ut
1258 1811 1448 1843 adderentur
1470 1812 1625 1843 miracula
1647 1811 1827 1848 recentiora,

183 1871 302 1894 necesse
324 1864 369 1894 est
391 1863 464 1894 ante
486 1862 603 1902 scripta
621 1861 747 1903 fuerint
771 1872 862 1902 quam
886 1862 1004 1902 scripta
1019 1865 1118 1894 essent
1133 1862 1238 1894 cadem
1253 1863 1416 1895 miracula.
1456 1863 1517 1895 Sed
1529 1863 1675 1902 temporis
1689 1862 1827 1902 spatium

183 1914 346 1946 interiacet
369 1914 590 1952 brevissimum,
613 1914 761 1953 quoniam
780 1914 926 1946 miraculi
948 1914 1111 1946 cuiusdam
1125 1915 1279 1953 nocturni,
1303 1915 1385 1955 quool
1399 1915 1499 1946 visum
1515 1916 1560 1946 est
1574 1925 1603 1946 a.
1621 1914 1650 1945 d.
1676 1913 1730 1945 VI.
1748 1913 1825 1946 Kal.

184 1965 268 1998 Mai.
283 1966 369 1997 8657
391 1967 447 1997 aut
469 1977 499 1998 a.
522 1965 552 1996 d.
583 1965 637 1997 VI.
661 1965 736 1998 Kal.
762 1965 844 1998 Mai.
868 1968 932 1997 866
941 1967 962 2004 ⁸,
985 1967 1167 1998 mentionem
1190 1967 1333 1998 carmina
1351 1966 1482 2008 faciunt
1505 1966 1590 1998 haud
1611 1966 1782 1998 obscuram.

287 2019 316 2050 7.
354 2018 587 2049 Centulensium
609 2018 747 2049 virorum
766 2020 893 2058 praeter
908 2018 1050 2049 carmina
1073 2018 1262 2056 memoriam,
1280 2018 1402 2058 pridem
1419 2028 1482 2050 non
1501 2018 1620 2055 erilem,
1642 2027 1735 2055 nunc,
1758 2027 1826 2048 eum

183 2069 226 2102 ad
245 2069 338 2110 fidem
359 2069 535 2101 carminum
556 2069 676 2110 ewiqere
697 2070 868 2109 possimus,
897 2070 991 2101 etiam
1017 2070 1251 2109 locupletiorem,
1282 2070 1430 2110 bifariam
1461 2069 1574 2101 clivulo.
1619 2068 1667 2100 Ac
1682 2069 1824 2108 primum

184 2121 285 2154 diwm
307 2120 344 2152 de
365 2120 537 2152 abbatibus.

286 2171 527 2204 Kurlomannus
550 2172 666 2205 Karoli
691 2172 782 2203 Calvi
806 2172 895 2212 filias
917 2173 1076 2204 salutatur
1101 2172 1226 2203 Centau·
1252 2173 1348 2204 abbas
1370 2183 1390 2204 a
1414 2175 1506 2212 patre
1532 2182 1633 2211 nuper
1663 2171 1826 2203 institutus

185 2224 323 2256 carmine
341 2224 368 2256 C
374 2223 408 2256 V.
446 2224 528 2256 Erat
550 2226 654 2256 autem
676 2224 772 2267 abbas
794 2224 883 2256 intra
903 2233 1005 2255 annos
1026 2226 1090 2254 868
1112 2226 1140 2255 et
1155 2225 1219 2255 873
1240 2224 1384 2255 destituto
1405 2223 1580 2262 Wclplione.
1620 2222 1687 2254 Hoc
1709 2223 1826 2254 (lullum

184 2277 262 2307 recte
283 2277 351 2308 erat
372 2276 547 2315 coniectum,
570 2275 784 2316 comprobatur
807 2275 957 2307 carminis
979 2285 1070 2307 versu
1095 2277 1135 2306 11
1145 2285 1230 2315 sqq:

543 2327 637 2360 Felix
660 2327 717 2359 illa
739 2327 808 2359 dies
832 2327 935 2365 nobis,
960 2327 992 2358 in
1016 2337 1080 2369 qua
1102 2326 1249 2359 reboavit

585 2379 676 2411 Vox:
696 2379 827 2411 ‘Vester
850 2379 936 2421 regis
960 2382 1071 2421 pastor
1094 2378 1189 2410 adest
1212 2377 1362 2420 genitus.'

546 2430 614 2462 Iam
637 2431 712 2473 quia
735 2430 872 2463 domnus
896 2430 989 2462 abest
1012 2429 1167 2472 Welpho.
1191 2429 1409 2462 memorabilis
1432 2428 1527 2467 abba,

588 2482 650 2520 Qui
673 2482 836 2525 quondam
860 2486 1004 2514 nostrum
1030 2483 1114 2514 rexit
1138 2481 1276 2513 amando
1300 2491 1441 2523 gregem⁷

543 2534 580 2566 In
604 2534 695 2566 vobis
718 2534 875 2578 siquidem
900 2545 985 2566 nunc
1009 2538 1074 2565 stat
1100 2544 1175 2576 spes
1199 2533 1341 2564 maxima
1364 2535 1484 2564 nostra.

289 2628 315 2660 1)
335 2627 420 2654 Cuius
437 2627 579 2655 editionem
594 2627 748 2661 propediem
766 2628 918 2654 habebimus
936 2636 953 2653 a
974 2627 1097 2659 Rudolfo
1110 2627 1204 2660 Peiper
1219 2630 1356 2660 paratam.
1426 2627 1453 2659 2)
1474 2627 1495 2653 I.
1510 2627 1544 2653 Β.
1558 2626 1590 2652 de
1603 2626 1680 2652 Rosci
1699 2625 1824 2659 Inscript.

186 2678 282 2706 Uter-ist.
303 2678 340 2705 II
353 2683 366 2705 1
379 2686 443 2713 paq.
458 2682 507 2717 ⁸72:
525 2679 575 2711 cfr.
599 2678 704 2705 Traube
722 2679 940 2713 Abhwndlunqen
958 2679 973 2705 l.
992 2687 1014 2705 c.
1030 2686 1091 2712 paq.
1110 2681 1158 2705 325
1166 2686 1221 2712 sqq.
1296 2678 1324 2710 3)
1345 2677 1392 2704 SS.
1414 2677 1474 2704 XV
1491 2681 1544 2704 173.
1618 2678 1646 2710 4)
1666 2677 1824 2703 Ediderant

186 2730 300 2757 Mabn'lio
318 2731 353 2758 A.
373 2730 421 2757 SS.
439 2738 504 2757 saec.
525 2730 614 2757 11213
632 2733 656 2757 et
678 2730 863 2757 Hensclienius
883 2731 916 2757 A.
935 2730 981 2756 SS.
1000 2730 1088 2763 April.
1103 2730 1155 2756 ΙΙΙ
1169 2733 1232 2763 447;
1250 2729 1379 2763 excerpsit
1399 2729 1607 2763 Holder-Eyyer
1626 2728 1673 2756 SS.
1696 2728 1756 2755 XV
1771 2732 1822 2755 915.

185 2782 211 2814 5)
232 2781 304 2808 Mat.
321 2790 348 2815 p.
367 2786 424 2808 224.
495 2783 522 2815 6)
544 2782 618 2809 Μαι).
632 2790 661 2816 p.
680 2786 727 2809 224
747 2786 770 2809 et
789 2787 843 2809 225.
915 2783 940 2816 7)
962 2781 1034 2808 Mati.
1050 2790 1078 2815 p.
1101 2785 1156 2808 224.
1227 2781 1255 2813 8)
1278 2781 1350 2807 Mab.
1366 2790 1394 2814 μ
1415 2785 1468 2807 225.

535 2834 539 2838 ,
1565 2823 1619 2850 34ὔ
