2060 3074
744 228 792 255 DE
810 227 1038 255 SOBRIETATE
1058 227 1165 254 LIBER
1179 227 1213 254 11.
1740 228 1804 258 649

437 327 475 347 no
519 314 692 347 Caelicolis
714 315 830 347 sociat:
854 315 971 346 saliens
993 315 1118 346 locusta
1140 313 1258 346 cibavit

520 366 685 409 Mellaque
710 366 751 398 de
775 366 860 398 foliis
883 377 1017 408 parcum
1038 375 1159 408 pavere
1183 365 1391 408 prophetam3

521 418 720 450 Posthabitis
743 419 834 450 stolis
856 421 969 450 aurato
993 418 1129 461 stamine
1154 418 1253 449 textis

522 469 636 502 Carnis
659 471 795 502 amictus
818 473 890 502 erat
911 470 983 502 vilis
1005 470 1125 512 lanugo
1149 470 1278 506 cameli;

520 521 656 554 Balteus
679 525 712 554 et
733 522 830 554 rutila
852 531 1054 564 gemmarum
1076 522 1148 554 luce
1172 531 1332 562 coruscus,

438 585 475 605 115
519 573 592 610 Quo
614 577 709 617 pater
730 584 806 606 usus
830 576 910 614 erat,
934 584 993 606 ceu
1016 574 1100 605 funis
1122 574 1216 606 viluit
1237 583 1344 615 asper,

520 624 609 656 Zona
633 626 754 658 etenim
777 628 884 657 castos
907 626 1007 657 cinxit
1029 626 1158 668 pellicia
1181 625 1318 657 lumbos.

561 686 621 718 IV.
644 686 757 723 Qualis
779 686 812 717 in
834 686 896 717 hoc
919 686 1029 726 virtus,
1053 686 1233 718 constantia
1257 688 1386 728 quanta,
1409 682 1558 727 probavit

519 738 642 780 Impius
664 737 816 770 Herodes
839 738 934 769 solita
957 737 1086 769 feritate
1108 738 1283 770 calescens.

523 789 587 827 Qui
609 790 671 822 sibi
694 789 735 822 de
760 789 910 821 thalamis
934 789 1040 821 frat-ris
1062 790 1130 821 sine
1153 790 1228 832 lege
1251 790 1394 832 iugalem

440 854 478 874 12⁰
521 842 692 874 Abstrahit
713 842 900 884 inlicitoque
923 841 1017 874 thoro
1041 842 1179 874 conubia
1200 842 1337 884 iungens

521 893 637 936 Turpis
661 893 812 926 adulterii
835 894 958 925 crimen
979 893 1167 936 facinusque
1190 897 1344 936 reportat.

521 945 595 978 Non
617 946 690 977 tulit
712 946 775 977 hoc
797 945 874 976 fidei
896 946 1025 977 fervens
1048 945 1164 977 ardore
1187 946 1360 988 propheta:

521 997 643 1039 Arguit
664 996 835 1029 Herodem
858 997 966 1029 verbis
988 997 1119 1039 pietatis
1141 997 1295 1039 iniquum,

523 1048 686 1086 Quatinus
708 1049 852 1081 incestae
876 1051 967 1080 curet
989 1048 1174 1080 rescindere
1197 1049 1336 1081 vinclum

440 1112 477 1132 125
520 1100 564 1133 Et
585 1100 648 1133 sibi
670 1101 870 1144 prospiciens
892 1100 1052 1132 scelerata
1074 1100 1192 1132 cubilia
1215 1101 1330 1132 solvat.

522 1153 616 1186 Talia
639 1154 791 1189 tractanti
813 1164 873 1185 rex
895 1153 1012 1196 impius
1035 1153 1172 1185 obstruit
1194 1164 1299 1194 aures,

522 1205 664 1248 Aspidas
686 1208 724 1237 ut
745 1205 834 1237 fama
856 1208 906 1237 est
927 1205 1117 1238 surdescere
1141 1206 1281 1238 carmine
1304 1205 1413 1246 Marsi,

522 1257 764 1300 Doctoremque
788 1267 866 1288 suae
890 1257 985 1288 solita
1007 1258 1175 1300 impietate
1198 1258 1310 1289 salutis

522 1309 737 1342 Constrictum
759 1310 872 1342 vinclis
894 1310 1070 1342 tenebroso
1094 1311 1126 1342 in
1149 1321 1279 1342 carcere
1303 1310 1433 1342 claudit.

440 1374 478 1394 ιω
521 1361 595 1393 Non
618 1361 726 1404 dispar
749 1365 842 1404 pater
864 1362 938 1394 huic
962 1365 996 1394 et
1021 1362 1149 1394 nomine
1174 1365 1208 1394 et
1229 1362 1410 1405 impietate,

521 1413 607 1446 Dum
630 1417 830 1446 monstrante
853 1424 950 1456 mago
974 1417 1088 1446 natum
1111 1414 1277 1456 cognoscit
1298 1414 1417 1455 Iesum,

521 1465 668 1508 Spondet
691 1465 892 1498 adorandum
916 1465 1068 1497 simulata
1091 1465 1224 1498 callidus
1246 1469 1327 1507 arte,

522 1516 597 1549 Non
619 1520 729 1549 tamen
751 1517 904 1549 effectum
928 1517 1060 1549 sceleris
1082 1517 1263 1555 habiturus;
1286 1517 1319 1549 id
1341 1518 1446 1560 ipsum

523 1569 660 1601 Incurrit
683 1569 807 1601 facinus
830 1569 976 1611 perversi
999 1579 1100 1612 prava
1123 1569 1282 1601 voluntas.

442 1633 479 1654 ηε
524 1620 553 1653 Ο
576 1621 652 1664 lupe
677 1631 775 1653 saeve
799 1631 912 1661 vorax,
936 1620 994 1652 tibi
1017 1621 1073 1652 lex
1096 1621 1282 1664 specialiter
1303 1621 1386 1652 infit:

523 1673 647 1705 ‘Matris
669 1673 712 1705 ab
734 1672 890 1704 uberibus
912 1683 977 1704 non
1000 1672 1121 1704 hedum
1144 1673 1176 1704 in
1199 1673 1283 1704 lacte
1307 1671 1531 1714 coquendum'.

522 1724 667 1768 Aegypti
689 1724 732 1756 ad
755 1725 894 1767 patriam
918 1725 984 1756 iam
1006 1724 1126 1767 Ioseph
1149 1727 1286 1756 vexerat
1308 1724 1410 1764 illum,

523 1776 628 1814 Quem
651 1780 686 1808 tu
710 1775 807 1808 dente
830 1776 972 1808 fremens
996 1776 1100 1808 vicina
1122 1786 1182 1819 per
1205 1775 1326 1818 oppida
1349 1776 1487 1818 quaeris,

523 1828 771 1871 Ingluviemque
796 1831 885 1860 tuam
908 1838 1083 1870 puerorum
1106 1827 1263 1859 mortibus
1286 1828 1410 1870 exples,

441 1892 479 1912 uo
522 1879 674 1923 Dumque
698 1889 741 1912 ex
764 1882 796 1911 te
821 1879 940 1921 genitis
962 1879 1123 1911 crudelius
1145 1879 1264 1920 ingeris
1288 1889 1392 1919 enses,

525 1931 571 1963 Ut
592 1931 681 1963 vivat
703 1931 762 1963 sub
786 1934 819 1963 te
842 1934 918 1962 nato
942 1931 1084 1962 securior
1107 1933 1157 1962 est
1178 1940 1241 1961 sus.

524 1983 588 2015 Hic
610 1983 778 2015 basiliscus
801 1982 895 2014 adest
918 1982 1051 2014 colubro
1075 1982 1163 2014 ferus
1186 1981 1292 2014 editus
1315 1992 1358 2013 ex
1381 1986 1425 2023 te,

262 2123 312 2150 118
330 2124 444 2157 impetus
461 2122 563 2148 herodis
575 2122 600 2147 L
682 2121 732 2147 124
749 2122 884 2153 Quatenus
897 2121 919 2146 L
973 2121 1101 2147 resindere
1112 2121 1136 2145 L
1219 2119 1266 2145 131
1286 2123 1348 2146 nato
1365 2128 1432 2145 corr.
1448 2120 1472 2144 L
1555 2119 1606 2145 140
1623 2121 1770 2146 crudelibus
1783 2120 1808 2146 A

160 2166 296 2194 142—249
313 2167 394 2192 tribua
404 2166 482 2199 soliis
499 2165 589 2191 weitin
606 2164 740 2197 perier-uu
752 2164 776 2189 L

264 2243 323 2271 114.
337 2243 387 2270 115
404 2241 492 2269 de.
506 2242 548 2274 29,
561 2241 578 2268 8
596 2240 695 2268 indues
707 2240 811 2268 tunicis
823 2240 905 2268 lineis
918 2240 1069 2275 cingesque
1082 2240 1176 2267 balteo
1195 2240 1212 2266 9
1232 2261 1237 2266 .
1248 2260 1255 2266 .
1274 2241 1412 2274 eruntque
1424 2239 1580 2266 sacerdotes
1591 2240 1660 2266 mihi
1673 2240 1809 2275 religione

159 2296 305 2330 perpetua.
393 2294 529 2321 117-129
554 2292 651 2320 Mauh.
671 2293 752 2326 14,·3;
769 2293 795 2320 4.
884 2293 935 2320 126
957 2293 1026 2319 Aen.
1056 2291 1165 2319 111440
1193 2291 1371 2326 placidasque
1397 2290 1450 2318 viri
1478 2291 1546 2318 deus
1573 2291 1695 2319 obstruit
1721 2300 1808 2319 aures.

161 2347 210 2374 127
230 2346 274 2374 st.
292 2346 365 2380 57,5
388 2345 464 2373 furor
486 2338 544 2372 inis
566 2345 718 2372 secuudum
741 2344 955 2372 similitudinem
979 2343 1129 2379 serpentis:
1153 2343 1227 2370 sieut
1249 2342 1354 2378 aspidis
1377 2343 1476 2370 surdae
1501 2345 1531 2370 et
1554 2343 1711 2371 obturantis
1728 2353 1809 2371 aures

160 2407 232 2431 suas,
250 2399 267 2426 6
285 2406 358 2432 quae
375 2405 432 2424 non
445 2396 578 2424 exaudiet
591 2405 687 2424 vocem
700 2396 916 2424 incantantium.
987 2396 1126 2423 130-140
1143 2395 1241 2422 Marus.
1260 2395 1409 2427 2‚16—20.
1480 2395 1537 2423 135.
1553 2396 1601 2422 136
1619 2395 1708 2423 Εωοᾱ.
1720 2396 1762 2427 23,
1777 2396 1809 2422 19

160 2457 217 2476 non
235 2457 338 2484 coques
356 2449 476 2476 hoedum
495 2448 524 2475 in
542 2448 617 2476 lacte
638 2448 736 2476 matris
761 2456 835 2475 suae.
925 2449 982 2475 140.
996 2448 1044 2475 141
1072 2447 1192 2474 Maoeob.
1211 2447 1266 2474 Sat.
1285 2447 1353 2481 114,
1367 2447 1397 2473 11
1422 2455 1484 2474 cum
1503 2447 1665 2482 (Auqustus)
1687 2447 1811 2474 audisset

160 2501 236 2528 inter
253 2509 362 2536 pueros,
381 2509 452 2535 quos
470 2500 499 2527 in
518 2500 600 2535 Syria
617 2500 742 2528 Herodes
760 2508 807 2527 rex
826 2500 990 2527 Iudaeorum
1011 2500 1088 2526 intra
1106 2499 1243 2526 bimatum
1262 2498 1345 2525 iussit
1363 2498 1495 2531 interfici.
1514 2498 1603 2526 filium
1620 2507 1732 2533 quoque
1750 2499 1809 2525 eins

160 2553 295 2586 occisum,
318 2553 361 2580 ait
378 2550 478 2580 melius
496 2554 539 2580 est
557 2552 674 2580 Herodis
692 2561 806 2588 porcum
826 2560 884 2579 esse
903 2560 987 2586 qnam
1006 2552 1094 2578 filium
1111 2551 1190 2585 (haec
1208 2551 1354 2578 Parisinus
1371 2550 1477 2577 videtwr
1490 2551 1625 2584 praebere,
1645 2551 1757 2578 mallem
1775 2551 1809 2578 Η.

161 2613 261 2640 porcus
285 2613 309 2632 e.
332 2614 359 2640 q.
384 2605 458 2632 fliius
480 2604 704 2638 much
729 2605 866 2631 verbomm
893 2606 1033 2630 seruam-a
1059 2606 1111 2630 est.-
1137 2604 1192 2636 est,
1219 2604 1252 2629 ut
1278 2611 1324 2629 sus
1353 2601 1403 2629 sub
1433 2603 1461 2628 te
1490 2601 1611 2629 securior
1635 2604 1702 2629 nato
1723 2602 1810 2629 vivat.

162 2656 299 2684 142—188
310 2655 396 2683 Mam.
406 2656 472 2687 631
484 2655 608 2683 Herodes
618 2656 713 2683 natale
722 2664 772 2683 suo
785 2663 882 2683 cenam
892 2655 960 2682 fecit
971 2655 1146 2690 principibus
1156 2656 1185 2682 et
1195 2654 1316 2681 tribunis
1329 2654 1358 2680 et
1370 2653 1467 2688 primis
1477 2653 1628 2681 Galilaeae.
1647 2654 1681 2680 22
1693 2662 1810 2688 cumque

162 2707 236 2735 intro
259 2707 327 2734 isset
350 2707 409 2735 filia
430 2707 519 2742 ipsius
536 2706 702 2734 Herodiadis
727 2709 756 2734 et
779 2707 910 2734 saltasset
928 2709 957 2734 et
975 2707 1127 2742 placuisset
1144 2706 1247 2733 Herodi
1272 2705 1410 2739 simulque
1433 2705 1672 2738 recumbentibus,
1697 2714 1744 2732 rex
1769 2706 1811 2732 ait

162 2759 274 2794 puellae
292 2760 366 2794 ‘pete
383 2767 402 2786 a
420 2767 464 2786 me
481 2758 600 2793 quodvis
619 2761 648 2785 et
666 2758 738 2786 dabo
758 2758 820 2792 tibi,
838 2759 906 2786 licet
923 2758 1071 2785 dimidium
1090 2757 1170 2793 regui
1189 2757 1261 2784 mei'.
1290 2757 1324 2784 24
1343 2765 1414 2791 quae
1427 2765 1489 2783 cum
1504 2757 1614 2789 exisset,
1633 2757 1707 2784 dixit
1725 2757 1809 2784 matri

162 2819 229 2839 suae
248 2811 325 2846 ‘quid
343 2811 466 2847 petam?
485 2812 515 2838 et
531 2811 583 2838 illa
600 2811 675 2838 dixit
693 2812 788 2846 ‘caput
806 2811 938 2838 Iohannis
956 2810 1116 2845 baptistae'.
1151 2811 1186 2837 25
1204 2817 1323 2844 cumque
1341 2809 1416 2835 intro
1435 2809 1502 2835 isset
1520 2809 1556 2836 ad
1580 2817 1686 2843 regem,
1710 2808 1811 2843 petivit

162 2862 257 2891 dicens
280 2863 366 2896 ινοῐο,
383 2865 416 2891 ut
439 2863 568 2899 protinus
593 2863 642 2890 des
660 2862 729 2890 mihi
752 2862 783 2889 in
806 2862 883 2890 disco
907 2863 994 2897 caput
1012 2861 1161 2889 Iohannis'.
1197 2861 1231 2888 26
1249 2862 1279 2888 et
1303 2860 1486 2888 contristatus
1510 2861 1553 2887 est
1570 2868 1616 2887 rex
1636 2861 1750 2894 propter
1767 2860 1810 2886 ius
