2040 2996
278 143 319 173 64
900 136 1050 164 ENGELM
1056 136 1117 163 ODI
1135 135 1311 162 CARMINA.

643 225 784 266 Legavit
806 227 965 263 tenerum,
989 234 1061 255 cum
1085 223 1188 265 prima
1211 222 1388 265 crepundia
1411 221 1534 258 matris,

564 283 588 301 ⁷⁰
646 276 738 313 Quae
762 276 891 318 genuit,
915 275 1000 317 nigri
1022 275 1181 307 fascirent
1203 274 1349 316 tegmina
1371 273 1471 316 panni

643 327 903 370 Expositumque
926 337 1027 359 vorax
1049 326 1189 359 ambiret
1211 326 1324 358 mortis
1347 326 1466 367 imago.

645 379 800 411 Germine
824 390 908 422 quae
932 389 1050 421 supero
1075 378 1174 410 divini
1198 378 1366 420 sanguinis
1390 380 1482 408 ortae

643 431 861 474 Angelicique
886 431 977 463 chori
999 434 1152 463 conserta
1175 430 1251 462 dote
1275 430 1427 472 gregales

644 483 692 515 Te
717 493 845 525 quoque
869 483 1036 515 concivem
1060 483 1143 515 caeli
1166 493 1263 524 super
1287 481 1390 514 ardua
1412 483 1542 523 raptum

564 543 587 561 7⁵
646 535 723 567 Rite
746 535 936 567 ministeriis
958 537 1109 577 aptarent
1133 534 1396 577 cunctipotentis.

643 588 714 620 Nec
736 589 860 620 incerta
883 588 964 620 fides
990 591 1046 620 aut
1069 599 1177 620 rerum
1200 588 1276 620 ficta
1298 587 1430 624 fabella,

644 640 689 672 Ut
712 640 874 682 quondam
899 640 1014 672 studiis
1037 641 1245 683 praepollens
1268 639 1365 671 docta
1389 641 1535 670 vetustas

645 692 836 734 Prodigiosa
859 703 995 724 vomens
1019 693 1101 725 laesi
1124 692 1321 724 documenta
1345 690 1472 723 cerebri

644 744 800 776 Lascivos
825 755 923 787 super
945 747 1032 776 astra
1055 747 1142 776 toros
1166 744 1345 785 mollesque
1369 741 1492 774 camilli

563 803 588 821 8⁰
647 795 829 838 Amplexus
852 797 965 828 statuit
988 796 1072 839 rapti
1097 795 1287 828 Ganimedis
1310 795 1452 827 honores

644 847 783 890 Hocque
807 848 903 880 deum
927 848 1138 880 Saturninum
1162 850 1320 880 venerata
1342 845 1474 878 decenti

646 899 818 932 Sacrorum
842 900 906 932 ritu
929 900 1051 942 stupris
1075 900 1251 932 maculavit
1274 899 1455 941 Olimpum;

644 951 769 983 Verum
792 962 850 994 pro
874 952 1000 984 meritis
1025 951 1202 983 imitandae
1227 950 1417 992 relligionis,

646 1002 720 1039 Qua
743 1003 873 1045 iugibus
897 1004 982 1035 votis
1006 1003 1134 1035 Christo
1158 1003 1288 1035 domino
1312 1002 1490 1041 famularis,

563 1062 588 1080 85
647 1055 741 1087 Haec
764 1055 823 1087 tibi
848 1055 1065 1087 Christicolae
1089 1055 1188 1098 digno
1214 1065 1380 1087 sacramus
1404 1054 1540 1086 honore.

650 1106 678 1139 Ο
701 1107 889 1139 veneranda
913 1108 973 1139 viri
997 1108 1138 1150 simplex
1162 1110 1196 1139 et
1219 1110 1333 1138 sancta
1356 1105 1501 1138 colendis

646 1158 741 1191 Mens
765 1159 949 1199 moderata,
973 1159 1065 1191 bonis
1090 1169 1286 1202 semperque
1309 1159 1436 1190 intenta
1459 1156 1620 1199 supernis,

646 1210 814 1252 Angelicis
838 1213 988 1243 conserta
1011 1211 1119 1243 choris
1145 1211 1272 1243 exultat
1294 1210 1327 1242 in
1351 1209 1456 1248 astris,

648 1262 777 1294 Gaudet
800 1263 991 1305 apostolicis
1014 1263 1095 1295 felix
1119 1262 1239 1294 sotiata
1261 1261 1414 1300 catervis,

565 1322 590 1339 ⁵³⁰
647 1314 789 1357 Agmina
812 1315 959 1357 martyrii
982 1315 1086 1347 cernit
1110 1314 1264 1346 decorata
1287 1324 1411 1351 cruore,

649 1365 732 1398 Cum
755 1377 856 1409 grege
882 1366 1056 1399 candidulo
1080 1366 1240 1409 spatiatur
1263 1365 1469 1408 virginitatis,

646 1418 684 1450 In
708 1418 966 1460 patriarcharum
991 1419 1069 1450 solio
1094 1418 1271 1461 requiescit
1295 1416 1434 1454 ovando,

648 1469 810 1502 Oonserto
834 1470 1012 1512 alloquitur
1035 1470 1151 1512 vigiles
1177 1480 1327 1501 sermone
1351 1468 1540 1512 prophetas,

647 1521 778 1553 Mistica
800 1532 995 1564 percurrens
1020 1522 1172 1564 epulatur
1195 1521 1348 1563 dogmata
1371 1521 1459 1552 vitae

566 1581 590 1598 ¹³5
648 1572 775 1615 Hisque
800 1573 867 1615 iugi
891 1573 998 1605 studio
1023 1573 1134 1606 caenis
1159 1572 1308 1605 satianda
1331 1572 1500 1605 recumbit.

647 1625 697 1657 Ac
720 1625 812 1657 velut
835 1626 998 1668 exemptis
1023 1625 1166 1668 zephyro
1192 1625 1337 1668 spirante
1361 1624 1498 1667 pruinis,

646 1676 780 1709 Florida
803 1687 876 1709 cum
899 1678 998 1709 tellus
1021 1678 1184 1720 pubentes
1208 1677 1347 1720 parturit
1369 1675 1506 1708 herbas·

647 1729 735 1761 Vere
757 1739 842 1760 novo
866 1730 1006 1772 pingens
1030 1729 1182 1761 distincta
1205 1729 1369 1761 coloribus
1394 1738 1482 1766 arva,

648 1780 831 1813 Exercetur
853 1791 951 1823 apum
976 1781 1099 1823 campis
1123 1780 1273 1823 dispersa
1295 1780 1448 1812 iuventus

553 1840 590 1858 1⁰⁰
649 1832 850 1864 Praeteritos
873 1832 989 1864 hiemis
1013 1835 1162 1864 metuens
1187 1834 1342 1874 quassata
1365 1831 1496 1863 labores

647 1884 899 1926 Purpureosque
922 1884 1003 1925 legit
1026 1884 1124 1916 flores
1148 1886 1182 1915 et
1205 1882 1339 1914 flumina
1360 1883 1453 1922 libat,

645 1935 716 1968 Nec
738 1946 830 1967 mora
853 1946 913 1967 nec
937 1935 1085 1978 requies,
1109 1935 1188 1977 quin
1212 1938 1274 1967 aut.
1291 1934 1453 1976 liquentia
1476 1934 1574 1966 mella

649 1987 803 2020 Includat
826 1987 916 2019 tenui
940 1987 1118 2030 compactis
1141 1990 1275 2019 nectare
1299 1986 1392 2018 cellis

384 2138 418 2164 69
440 2138 572 2171 crepundii
590 2145 657 2162 corr.
671 2136 696 2161 P
800 2134 831 2160 71
857 2136 969 2168 immago
991 2144 1058 2160 corr.
1072 2136 1097 2160 1’
1199 2135 1230 2160 77
1254 2136 1329 2161 docta
1347 2144 1414 2160 corr.
1427 2136 1452 2160 P
1554 2134 1587 2160 81
1610 2134 1810 2159 saturninunum
1833 2141 1901 2158 corr.
1913 2133 1940 2158 P

281 2182 313 2207 >57
333 2183 359 2208 in
378 2186 448 2208 tanta
466 2191 533 2207 corr.
552 2182 577 2206 P
662 2179 696 2205 89
714 2180 868 2213 apostolicus
881 2179 906 2204 P
922 2187 988 2204 corr.
1009 2179 1088 2204 Sirm.
1178 2178 1227 2204 100
1245 2180 1394 2212 praetoritos
1407 2178 1433 2203 P
1448 2187 1516 2204 corr.
1529 2178 1608 2204 Sirm.
1660 2177 1755 2203 laboris
1772 2185 1840 2201 corr.
1853 2175 1879 2201 P

385 2267 417 2293 71
438 2266 503 2292 Aen.
519 2266 559 2299 II,
579 2266 630 2292 369
650 2267 678 2292 et
697 2265 820 2299 plurima
838 2264 935 2291 mortis
954 2264 1056 2298 imago.
1153 2264 1186 2290 75
1206 2263 1318 2296 Fort.1,
1339 2265 1379 2295 15,
1398 2264 1433 2290 80
1450 2263 1515 2290 Rite
1534 2261 1703 2293 ministerim
1729 2262 1834 2296 Euqen.
1857 2261 1936 2288 Tala.

278 2321 349 2352 part.
370 2319 426 2351 III,
445 2319 487 2349 59,
506 2318 540 2344 44
557 2317 594 2344 ecl.
614 2318 677 2344 Lor.
693 2326 721 2351 p.
741 2318 774 2343 69
793 2317 825 2343 R.
844 2316 1039 2343 ministerium.
1117 2317 1148 2342 77
1170 2315 1247 2342 Fort.
1262 2315 1289 2342 G.
1306 2315 1335 2348 V,
1354 2317 1379 2346 5,
1397 2315 1431 2341 35
1450 2314 1533 2341 docta
1551 2315 1684 2340 vetustas.
1761 2315 1794 2340 79
1811 2321 1848 2347 sq.
1867 2313 1936 2340 Aen.

288 2371 370 2403 VIII,
399 2370 450 2397 388
480 2370 610 2404 amplexu
641 2369 731 2400 molli3
764 2369 787 2402 Ι,
814 2369 848 2395 28
875 2367 950 2402 rapti
980 2367 1150 2401 Ganymedis
1178 2367 1304 2393 honores.
1409 2367 1442 2392 81
1467 2366 1650 2393 Saturninum
1675 2366 1694 2392 i.
1712 2374 1736 2399 q.
1765 2365 1937 2393 Saturnium.

281 2423 313 2449 37
335 2421 411 2449 Fort.
427 2421 454 2447 C.
468 2421 517 2454 IV,
537 2421 578 2452 26,
596 2421 629 2447 27
649 2420 758 2447 Divinis
776 2420 887 2446 intent-a
902 2419 991 2446 bonis.
1062 2420 1094 2453 91
1115 2418 1201 2445 Prud.
1217 2417 1294 2445 cath.
1308 2418 1347 2451 II,
1368 2418 1416 2444 157
1430 2417 1464 2444 de
1476 2426 1562 2452 grege
1580 2417 1738 2449 candidulo,
1756 2417 1803 2450 afr.
1822 2425 1844 2444 c.
1858 2417 1880 2451 I,
1893 2417 1936 2444 48.

282 2474 315 2500 94
333 2474 380 2506 cfr.
402 2473 526 2500 Radbert.
545 2481 566 2499 e.
587 2473 644 2506 III,
666 2473 689 2499 1.
776 2472 809 2498 97
827 2480 862 2505 sq.
884 2471 943 2498 Cul.
963 2471 996 2497 70
1014 2479 1049 2504 sq.
1069 2470 1181 2497 Florida
1200 2479 1263 2497 cum
1281 2470 1366 2496 tellus
1384 2469 1554 2504 gemmantis
1572 2469 1650 2504 picta
1668 2477 1719 2504 per
1737 2469 1837 2496 herbas
1852 2469 1858 2503 Ι
1873 2478 1938 2496 vere

283 2534 354 2552 novo
383 2525 432 2558 (sic
447 2524 578 2558 Vossian.)
602 2523 677 2550 dulci
701 2523 836 2550 distincta
859 2522 998 2550 coloribus
1022 2531 1101 2553 a1·va;
1134 2522 1202 2561 Aera
1218 2521 1269 2554 IV,
1293 2522 1344 2549 514
1369 2521 1506 2555 pubentes
1530 2521 1640 2548 herbae.
1677 2520 1803 2548 Parturit
1820 2521 1870 2553 cfr.
1891 2520 1936 2548 Ge.

284 2577 326 2610 II,
346 2577 397 2603 330
422 2579 446 2602 et
469 2576 530 2602 Ecl.
550 2575 604 2608 III,
627 2576 669 2602 56.
787 2575 820 2601 99
847 2574 892 2601 Ge.
920 2574 974 2608 IV,
996 2575 1044 2601 159
1073 2574 1243 2601 Exercentur
1266 2574 1342 2608 agris
1375 2575 1420 2607 (sc.
1441 2575 1530 2608 apes);
1559 2574 1591 2600 ib.
1611 2574 1645 2600 ‘22
1672 2573 1772 2600 emissa
1798 2573 1938 2600 iuventus.

285 2629 334 2654 100
354 2627 385 2654 ih.
407 2628 455 2654 156
480 2628 669 2661 venturaeque
693 2627 793 2653 hiemis
816 2635 950 2653 memores
974 2627 1082 2653 aestate
1105 2626 1229 2652 laborem
1249 2627 1253 2659 Ι
1272 2625 1451 2660 experientur
1474 2625 1641 2659 (Euydmd.
1662 2625 1788 2652 laborum
1810 2625 1880 2658 loyt't,
1906 2627 1937 2651 ut

279 2680 386 2714 praebet
412 2679 541 2706 Rev-rums.
568 2679 678 2713 quidam
703 2687 724 2705 s.
752 2679 820 2713 IX).
936 2680 983 2706 101
1011 2678 1044 2705 ib.
1071 2679 1106 2705 54
1133 2679 1346 2713 Purpureosque
1377 2678 1488 2703 metunt
1517 2677 1598 2703 flores
1629 2678 1658 2703 et
1692 2676 1807 2703 flumina
1836 2676 1938 2703 libant.

285 2733 333 2758 102
350 2740 386 2765 sq.
407 2731 454 2758 Ge.
468 2731 527 2764 III,
548 2731 598 2757 110
616 2730 674 2757 Nec
691 2739 769 2757 mora
787 2739 838 2757 nec
857 2730 978 2764 requies;
1004 2730 1069 2757 Aen.
1088 2730 1112 2763 I,
1132 2730 1183 2757 432
1201 2738 1237 2763 sq.
1260 2731 1310 2756 aut
1328 2738 1390 2756 cum
1409 2729 1549 2763 liquentia
1567 2729 1650 2755 mella
1666 2730 1671 2762 Ι
1686 2728 1796 2763 stipant
1815 2729 1844 2755 et
1861 2727 1936 2754 dulci

283 2783 448 2810 distendunt
467 2784 577 2810 nectare
596 2783 680 2810 cellas
699 2783 775 2815 (hinc
793 2783 862 2809 enim
878 2782 989 2816 smnpsit
1008 2782 1136 2816 Emjelm„
1156 2790 1211 2808 mm
1229 2790 1260 2808 ex
1280 2781 1325 2808 Ge.
1340 2781 1389 2814 IV,
1410 2781 1459 2807 164
1476 2786 1532 2814 ΒΨ).
