2060 3074
284 136 345 166 762

282 219 334 245 Eia
353 219 434 253 pater
451 219 547 245 sancte
565 219 647 245 tanta
665 219 716 245 398

282 253 334 280 Eia
353 255 448 280 sancte
467 254 548 287 pater
566 254 646 279 tanto
664 253 716 279 402

282 288 367 314 Elabe
385 296 407 314 υ.
423 287 499 322 Λάβε
511 288 581 314 inter
592 287 673 313 initia
691 287 798 314 Graeca

282 322 392 356 Eloquii
412 323 490 349 cultu
508 323 670 349 vernantem
689 322 724 348 62

282 357 398 390 Eloquio
417 357 523 383 domini
542 357 653 391 fulgens
671 357 723 383 264

281 392 392 418 Emicat
411 400 443 418 ex
464 392 545 418 erebo
565 392 613 417 lux
631 391 682 418 536

282 426 393 452 Eminet
412 434 474 452 ecce
494 426 596 453 cherub
615 426 665 452 231

281 461 322 487 En
341 469 393 495 ego
412 461 541 487 tantillus
561 461 646 488 Otloh
665 461 716 488 555

282 496 322 521 En
342 496 479 522 Numerus
497 495 582 522 fortes
600 496 650 522 261

282 530 322 556 En
341 530 431 556 victor
449 530 538 556 David
557 530 607 557 261

281 564 378 591 Enitet
396 573 459 591 ecce
479 565 543 598 polo
563 565 613 591 185

282 599 347 626 Esse
365 599 433 625 sitas
452 599 500 626 olli
520 599 570 625 526

282 634 328 660 Est
349 634 446 660 domus
464 634 533 660 haec
552 633 655 660 Christi
673 633 724 659 349

281 669 316 695 Et
335 668 405 694 cinis
423 668 511 702 ipsius
530 668 639 694 tumulo
659 667 711 694 333

282 703 316 729 Et
334 703 445 729 cumulo
464 703 589 737 lapidum
609 703 660 729 333

282 738 316 764 Et
334 737 408 764 iacet
427 737 471 764 hic
491 738 580 764 sterili
599 738 651 764 333

281 773 316 798 Et
333 772 407 798 iacet
425 772 471 798 hic
489 773 580 799 tectus
599 772 649 799 347

280 807 316 833 Et
334 808 430 833 manet
448 807 584 834 obductus
603 807 654 833 333

280 841 405 875 Exiguus
424 841 543 868 nimium
561 841 702 868 modicum
720 841 772 867 364

281 876 407 910 Exiguus
425 885 511 910 parvo
530 876 687 903 tumulatus
706 876 756 902 317

281 910 408 937 Eximiae
427 911 557 937 dominae
570 919 728 937 resonemus
748 910 798 937 189

281 946 347 972 Exit
365 946 543 972 Hieronimus
562 946 650 972 Roma
668 945 720 972 248

281 980 391 1007 Exodus
410 980 548 1007 Hebream
566 980 659 1007 valide
678 981 730 1007 260

280 1016 422 1049 Expensas
441 1015 533 1049 operis
552 1015 661 1042 claudit
678 1015 730 1041 499

281 1050 431 1084 Expeteres
451 1050 499 1076 fidi
518 1050 541 1076 si
561 1050 671 1077 cartula
688 1050 722 1076 55

282 1085 384 1111 Exulta
403 1085 509 1111 laetare
528 1085 597 1111 satis
615 1085 666 1111 249

280 1180 404 1211 Fabrica
423 1184 502 1210 nulla
521 1185 600 1210 tenet
619 1184 668 1211 159

280 1223 368 1257 Ferge
387 1222 471 1249 decus
489 1224 586 1249 vatum
606 1223 658 1249 200

282 1258 362 1284 Ferte
381 1257 440 1284 viro
460 1257 563 1283 casiam
582 1257 635 1284 208

281 1293 364 1318 Festa
382 1292 613 1326 propinquabant
631 1291 720 1318 nostri
739 1291 788 1318 567

281 1327 368 1353 Filius
387 1335 449 1353 ecce
470 1327 546 1353 Petri
564 1327 616 1353 263

281 1361 368 1388 Filius
387 1362 433 1388 hic
451 1362 527 1388 Petri
547 1362 598 1388 253

280 1396 396 1423 Finibus
415 1396 539 1423 occiduis
557 1395 724 1423 describitur
747 1396 797 1422 691

281 1431 386 1458 Fistola
404 1439 426 1458 v.
446 1431 554 1457 Fistula

282 1466 391 1492 Fistula
409 1474 541 1492 conemur
559 1474 659 1500 parvos
678 1465 727 1492 341

281 1501 389 1527 Fistula
408 1509 486 1527 curre
504 1500 595 1527 virum
614 1501 665 1527 366

281 1536 389 1562 Fistula
407 1537 503 1562 nostra
521 1536 623 1562 referre
642 1535 693 1562 367

280 1570 386 1597 Fistola
404 1572 501 1597 nostra
519 1571 600 1597 sonet
619 1570 670 1596 185

280 1605 389 1631 Fistula
407 1605 588 1632 raucisonans
607 1614 681 1632 nunc
699 1603 752 1630 310

280 1640 388 1666 Fistula
407 1640 502 1666 treche
520 1640 578 1666 cita
595 1640 647 1666 345

279 1674 407 1701 Flamina
426 1683 475 1701 nos
495 1675 600 1701 Boreae
619 1675 670 1701 168

279 1709 391 1736 Florida
409 1717 491 1743 saepe
510 1709 579 1735 mihi
597 1709 649 1736 325

279 1744 391 1770 Florida
409 1744 600 1778 Thespiadum
618 1752 694 1771 soror
714 1745 763 1771 166

278 1778 406 1805 Floridus
425 1778 560 1805 adveniat
578 1778 658 1806 nobis
677 1779 727 1806 199

279 1813 406 1840 Floridus
426 1822 488 1840 ecce
508 1813 586 1840 venit
603 1814 654 1840 227

279 1848 435 1882 Florigeras
454 1848 559 1882 species
578 1848 634 1875 ista
651 1849 702 1875 207

279 1883 350 1909 Fons
369 1884 482 1910 aeterne
501 1883 568 1909 deus
587 1883 638 1910 232

280 1917 415 1944 Fontibus
433 1918 463 1944 in
482 1917 597 1951 liquidis
615 1919 666 1944 221

280 1953 430 1986 Fragmina
449 1953 611 1987 cupressina
629 1953 683 1980 tibi
701 1954 753 1980 318

279 1987 396 2013 Francia
414 1989 496 2022 grata
514 1987 568 2013 tibi
586 1988 638 2014 252

279 2022 483 2056 Francigenum
502 2021 604 2049 rectrix
622 2023 684 2050 laus
703 2023 754 2050 186

278 2057 375 2083 Frater
394 2058 487 2083 amate
505 2057 574 2083 satis
593 2058 645 2084 345

279 2091 435 2118 Frondibus
453 2091 483 2118 in
502 2091 595 2118 salicis
615 2091 665 2118 172

279 2126 384 2152 Fucata
403 2128 445 2153 est
463 2126 566 2153 veritas
585 2127 636 2152 219

278 2161 399 2195 Fulgida
419 2161 535 2188 sacratis
553 2161 664 2196 pollent
681 2161 730 2187 261

279 2196 399 2230 Fulgide
418 2196 518 2223 Caesar
537 2204 588 2222 ave
606 2196 657 2222 216

279 2230 418 2257 Funditus
430 2231 588 2258 aediculam
602 2230 733 2257 Tetsinus
745 2229 796 2256 336

279 2325 380 2357 Gallia
398 2330 490 2356 nutrit
508 2338 593 2364 equos
611 2331 663 2357 415

279 2369 377 2396 Gallus
396 2377 424 2395 se
443 2369 588 2396 excutiens
607 2369 708 2403 pennis
728 2369 778 2396 128

279 2404 428 2430 Gaudeant
446 2403 517 2430 caeli
535 2412 612 2430 mare
630 2404 681 2430 208

279 2438 464 2465 Gentaculum
483 2438 571 2465 nostri
591 2438 673 2478 cupio
692 2439 744 2465 322

280 2474 395 2499 Gemma
413 2473 542 2499 caelestis
560 2475 683 2507 pretiosa
701 2474 753 2500 393

279 2508 390 2535 Giranti
409 2516 510 2534 cuneos
529 2508 726 2535 Christicolum
743 2509 794 2536 461

279 2542 374 2569 Gloria
393 2544 488 2568 nostra
506 2542 580 2569 redit
599 2543 649 2569 178

280 2577 415 2604 Graculus
435 2577 553 2603 Iudaeus
572 2577 627 2604 iam
647 2577 699 2604 545

279 2612 444 2638 Graecarum
464 2611 570 2645 glossas
589 2612 701 2638 domino
720 2612 772 2639 686

280 2646 377 2673 Gratia
394 2646 553 2672 celsithroni
568 2646 725 2673 lumborum
744 2648 796 2674 315

280 2681 372 2707 Gratis
391 2680 420 2706 in
438 2681 490 2707 hoc
509 2680 597 2707 subiit
615 2682 664 2708 297

280 2715 429 2749 Gregorius
448 2717 589 2742 structura
607 2716 707 2742 humili
726 2716 778 2743 358

280 2747 422 2777 Guisindis
440 2750 566 2776 dextram
585 2750 703 2777 illustris
723 2751 772 2777 145

279 2784 452 2811 Guntharius
470 2785 581 2818 praesul
600 2785 703 2812 Christi
722 2785 772 2812 231

818 132 935 159 ΙΝΙΤΙΑ
954 132 1153 160 CARMINUM
1172 132 1400 160 LATINORUM.

850 244 918 276 Hac
935 249 1042 284 gemini
1061 257 1148 283 parva
1166 249 1217 276 358

850 288 909 314 Hac
927 287 1032 314 renitet
1050 287 1156 322 species
1174 288 1225 314 295

850 322 909 349 Hac
928 322 1078 356 requiescit
1097 322 1182 348 humo
1201 322 1252 349 409

850 357 910 383 Hac
928 357 1029 383 tellure
1048 365 1098 383 sua
1117 357 1169 384 344

850 391 993 418 Hactenus
1012 391 1145 425 antiquos
1163 391 1295 426 descripsi
1316 393 1367 419 645

849 426 992 453 Hactenus
1011 426 1127 453 eximios
1146 427 1236 453 sancti
1255 427 1306 453 598

850 461 992 488 Hactenus
1010 462 1044 487 ut
1061 460 1141 495 potui
1161 461 1213 488 300

850 495 925 522 Haec
943 503 1040 522 causas
1059 504 1074 522 ο
1097 495 1149 522 eris
1167 496 1219 522 613

850 530 925 557 Haec
944 530 1042 557 domus
1060 539 1076 557 0
1089 529 1144 556 ficii
1163 530 1214 556 296

850 565 926 591 Haec
944 566 987 591 est
1004 565 1080 591 alma
1097 564 1156 591 dies
1174 565 1226 591 218

851 599 925 626 Haec
945 599 1031 626 etiam
1049 599 1161 633 pictura
1179 599 1228 626 251

851 634 926 661 Haec
945 634 974 660 in
993 634 1098 660 honore
1116 633 1205 660 crucis
1223 634 1275 661 358

850 669 926 695 Haec
944 669 974 695 in
993 669 1097 695 honore
1115 668 1205 703 patris
1223 669 1275 695 359

850 703 926 730 Haec
943 703 1048 738 iugiter
1067 703 1174 737 lampas
1193 704 1244 730 353

850 738 925 764 Haec
943 738 1038 772 Lupus
1056 738 1125 764 haec
1142 737 1234 764 nitido
1252 738 1304 765 428

850 773 925 800 Haec
943 774 1068 800 nostram
1087 772 1230 800 dominam
1248 773 1299 799 533

850 807 925 834 Haec
943 816 1013 842 opus
1032 807 1068 834 ad
1085 807 1203 834 fratrum
1221 807 1273 834 342

851 842 927 868 Haec
944 842 1042 876 regina
1060 842 1161 876 potens
1180 842 1229 868 197

851 877 926 903 Haec
945 877 977 903 ut
995 876 1075 903 vobis
1093 877 1174 903 nulla
1191 876 1265 903 desit
1284 877 1334 905 415

851 912 930 938 Hanc
947 920 1025 938 aram
1043 911 1150 937 domini
1168 911 1220 938 409

851 946 930 973 Hanc
949 955 963 973 e
985 955 1001 973 o
1019 946 1172 973 Ratbertus
1191 946 1243 973 330

851 981 930 1007 Hanc
948 981 969 1007 li
990 989 1036 1007 am
1054 989 1131 1007 sacro
1149 981 1200 1007 547

851 1016 931 1042 Hanc
943 1015 1146 1049 paradisiacam
1160 1015 1303 1042 vernantis
1317 1014 1368 1042 207

851 1051 931 1077 Hanc
948 1050 1076 1077 tabulam
1095 1051 1187 1077 custos
1205 1050 1255 1076 347

852 1085 908 1111 Has
928 1085 1031 1112 Christi
1050 1084 1155 1119 species
1174 1085 1225 1111 296

852 1120 908 1146 Has
927 1127 980 1154 ego
999 1128 1153 1154 perparvus
1170 1119 1223 1146 368

852 1154 973 1216 Ηεριὲιὲίῆὴ
986 1155 1087 1182 Caesar
1105 1153 1217 1189 sapiens
1229 1153 1369 1188 benignus

851 1223 1005 1250 Hebraicus
1022 1223 1144 1258 populus
1163 1231 1272 1258 semper
1289 1225 1341 1252 615

851 1258 978 1285 Hellinas
997 1258 1140 1292 Troasque
1158 1266 1222 1285 suos
1240 1259 1290 1285 527

851 1293 904 1320 Hic
923 1293 1013 1319 Adam
1031 1293 1193 1327 pariterque
1211 1293 1262 1320 348

851 1328 904 1355 Hic
935 1327 1090 1362 Augustini
1122 1327 1228 1354 Aurelii
1260 1336 1282 1355 v.
1313 1329 1368 1355 Ab-

884 1362 1059 1396 handlunqen
1079 1362 1095 1389 l.
1112 1370 1133 1388 c.
1149 1370 1214 1396 paq.
1227 1366 1278 1390 322

851 1397 904 1424 Hic
923 1397 1046 1424 calamus
1064 1396 1140 1423 facto
1158 1397 1210 1424 243

851 1432 903 1459 Hic
922 1433 1008 1466 caput
1025 1431 1143 1458 indiculi
1161 1431 1215 1458 368

850 1467 902 1493 Hic
921 1466 991 1493 cinis
1010 1466 1054 1493 exi
1076 1475 1127 1493 uus
1145 1467 1197 1493 315

850 1501 903 1529 Hic
921 1501 1008 1528 clavis
1026 1501 1128 1528 coitur
1145 1501 1197 1528 296

851 1536 903 1563 Hic
923 1536 1008 1563 clavis
1027 1536 1097 1562 fixus
1115 1536 1166 1562 297

850 1571 903 1598 Hic
921 1571 1007 1597 cubat
1024 1570 1133 1597 aeterni
1151 1570 1202 1597 405

849 1606 903 1632 Hic
920 1606 988 1632 deus
1007 1605 1180 1632 omnivalens
1197 1605 1249 1632 319

849 1640 903 1667 Hic
920 1640 976 1667 duo
999 1641 1065 1667 sunt
1086 1640 1186 1666 fratres
1203 1640 1255 1666 690

849 1675 902 1702 Hic
921 1684 973 1709 ego
993 1675 1119 1701 Donatus
1137 1675 1188 1701 692

849 1710 902 1737 Hic
920 1718 972 1744 ego
992 1709 1127 1736 Gerwidis
1145 1709 1196 1736 319

849 1744 903 1772 Hic
921 1753 973 1779 ego
992 1744 1043 1771 sub
1062 1743 1150 1770 nimio
1168 1744 1220 1770 319

849 1779 902 1806 Hic
920 1788 972 1814 ego
991 1778 1100 1806 telluris
1118 1779 1170 1805 315
1269 1793 1271 1796 -

849 1814 902 1841 Hic
921 1814 1062 1848 euangelii
1081 1814 1218 1840 recitatur
1235 1813 1287 1840 316

850 1849 903 1875 Hic
921 1849 1007 1876 Evam
1028 1849 1055 1875 lo
1076 1848 1154 1875 uitur
1171 1848 1223 1875 359

850 1883 903 1910 Hic
920 1883 1042 1910 famulus
1088 1883 1196 1910 incmar
1212 1882 1264 1909 413

849 1918 902 1946 Hic
919 1918 1026 1953 gemini
1044 1917 1165 1944 rutilant
1185 1917 1234 1944 183

849 1953 901 1980 Hic
918 1953 1041 1980 hominis
1059 1961 1161 1987 pecora
1179 1952 1232 1979 360

849 1987 902 2015 Hic
919 1989 1002 2015 homo
1021 1988 1157 2014 formatur
1174 1987 1227 2014 260

848 2022 901 2050 Hic
919 2023 993 2050 iacet
1010 2022 1178 2049 Hincmarus
1195 2021 1247 2049 553

848 2057 901 2084 Hic
918 2058 963 2084 leo
981 2057 1121 2092 surgendo
1139 2057 1191 2084 253

848 2091 901 2119 Hic
918 2092 1016 2119 mundi
1035 2091 1141 2126 species
1159 2091 1210 2118 297

849 2126 902 2154 Hic
919 2135 1045 2154 normam
1064 2125 1154 2153 sancti
1173 2125 1225 2152 343

849 2161 902 2189 Hic
920 2162 1002 2197 panis
1020 2161 1101 2188 vivus
1119 2160 1171 2188 687

849 2196 902 2224 Hic
919 2196 1014 2231 pansis
1033 2195 1163 2223 dominus
1181 2195 1233 2221 297

849 2230 902 2258 Hic
919 2231 1090 2266 quicumque
1108 2230 1194 2257 cubat
1211 2230 1264 2256 316

849 2265 901 2293 Hic
920 2265 1089 2300 quicumque
1106 2265 1185 2291 lavat
1203 2264 1254 2291 328

849 2300 901 2327 Hic
919 2300 1034 2335 quidam
1054 2299 1142 2327 levita
1159 2299 1211 2326 365

849 2335 902 2362 Hic
919 2335 1035 2369 quidam
1053 2334 1158 2361 residet
1175 2333 1228 2360 296

848 2369 902 2397 Hic
919 2370 1055 2397 recubans
1072 2369 1179 2404 iugiter
1190 2368 1248 2394 342

849 2405 902 2432 Hic
920 2404 1036 2431 recubat
1054 2403 1165 2439 lepidus
1186 2404 1234 2429 141

849 2439 901 2467 Hic
918 2439 1043 2466 redolere
1061 2439 1153 2466 solent
1170 2437 1221 2464 323

848 2474 902 2501 Hic
919 2474 1040 2509 replicat
1058 2474 1169 2507 Moyses
1187 2473 1238 2499 261

848 2509 901 2536 Hic
918 2509 1022 2536 residet
1040 2508 1158 2535 Kar-olus
1175 2507 1228 2535 252

849 2543 899 2571 Hic
918 2543 1023 2570 retinet
1041 2551 1141 2578 corpus
1159 2542 1211 2570 352

847 2578 901 2605 Hic
919 2578 1020 2610 rutilat
1038 2587 1051 2604 s
1073 2577 1144 2604 ecies
1162 2577 1215 2604 310

847 2613 899 2640 Hic
918 2613 1033 2640 Saulum
1071 2611 1182 2639 ominus
1199 2611 1250 2638 249

847 2648 1034 2687 Hieronymus
1051 2646 1088 2680 cf.
1107 2645 1280 2673 Iheronimus

847 2683 1025 2709 Hierommus
1043 2681 1112 2708 velis
1131 2682 1208 2708 secat
1223 2680 1278 2707 259

847 2717 1027 2744 Hildebertus
1046 2716 1155 2742 meritis
1174 2715 1224 2755 qui
1242 2715 1295 2742 204

846 2751 1014 2778 Hildebolde
1034 2752 1101 2778 tuae
1119 2758 1229 2784 requies
1246 2750 1297 2778 427

847 2786 918 2813 Hinc
937 2786 1045 2814 cervisa
1062 2785 1147 2812 abeas
1165 2785 1217 2812 690

1420 218 1518 280 ginno
1535 219 1703 254 ululansque
1720 220 1750 247 lu
1771 230 1804 248 us
1823 222 1874 249 128

1445 254 1469 280 is
1487 254 1578 280 fateor
1595 254 1728 289 colaphos
1781 257 1797 282 3

1420 289 1469 315 His
1488 297 1599 322 quoque
1618 289 1769 323 discipulos
1786 291 1839 319 428

1420 322 1502 358 H(oc)
1522 323 1588 362 agni
1609 325 1715 350 cratere
1733 333 1810 353 sacro
1827 326 1879 354 236

1420 357 1479 384 Hoc
1497 357 1567 384 cinis
1586 358 1703 392 exiguus
1721 359 1774 386 354

1420 392 1479 419 Hoc
1497 400 1549 432 ego
1568 392 1712 426 cyborium
1729 394 1780 420 347

1420 426 1479 453 Hoc
1498 426 1611 453 discunt
1629 436 1723 454 omnes
1741 428 1793 455 280

1420 461 1478 488 Hoc
1489 461 1659 489 Gillebertus
1671 462 1722 488 sub
1735 471 1872 491 marmore
1883 465 1937 492 680

1420 496 1479 523 Hoc
1497 496 1571 523 iacet
1588 496 1619 523 in
1637 496 1719 524 busto
1738 498 1788 524 311

1421 530 1481 557 Hoc
1499 530 1575 558 iacet
1593 531 1623 557 in
1641 532 1750 559 tumulo
1768 533 1820 560 313

1421 565 1479 592 Hoc
1497 565 1553 592 iter
1571 567 1683 600 oportet
1700 566 1752 593 299

1421 599 1480 626 Hoc
1497 600 1627 627 Matheus
1645 609 1732 635 agens
1750 602 1802 628 263

1420 634 1480 661 Hoc
1497 643 1594 662 nemus
1612 635 1794 662 umbriferum
1811 637 1864 663 690

1421 669 1480 696 Hoc
1498 677 1568 703 opus
1587 670 1718 704 exiguum
1738 671 1849 705 praesul
1867 673 1920 699 414

1421 703 1568 738 Hoc-opus
1586 704 1704 731 illustris
1722 705 1774 732 144

1422 738 1480 765 Hoc
1498 738 1596 773 patulo
1615 739 1718 766 colitur
1735 740 1786 766 297

1421 772 1480 800 Hoc
1498 773 1612 808 peplum
1630 774 1723 800 fuerat
1741 775 1792 801 687

1421 807 1480 834 Hoc
1492 816 1542 842 per
1553 807 1608 835 iter
1619 808 1712 843 rogito
1725 808 1785 836 313.
1807 809 1938 837 4ὺῆωᾶ-

1456 842 1554 876 langen
1570 843 1588 870 1.
1600 851 1623 870 c.
1637 851 1703 877 pay.
1715 846 1762 871 316

1422 877 1480 904 Hoc
1492 877 1608 904 recubat
1625 877 1708 905 busto
1723 878 1784 904 314.
1807 878 1937 906 Athona-

1455 911 1555 946 lunyen
1572 912 1589 939 l.
1602 920 1622 939 c.
1638 921 1701 946 pay.
1715 915 1763 939 314

1422 946 1481 973 Hoc
1498 946 1610 981 signum
1628 947 1711 974 iussit
1727 947 1780 975 425

1421 980 1480 1007 Hoc
1498 981 1609 1015 signnm
1629 982 1745 1009 zabulus
1763 982 1815 1009 297

1421 1015 1480 1042 Hoc
1498 1015 1552 1042 tibi
1571 1016 1606 1043 de
1623 1017 1709 1043 titulo
1727 1017 1779 1043 416

1421 1050 1481 1077 Hoc
1499 1059 1548 1077 vas
1565 1059 1749 1078 marmoreum
1766 1050 1819 1078 344

1421 1085 1477 1111 Hos
1496 1085 1612 1119 pietatis
1630 1094 1645 1112 e
1666 1095 1716 1113 uos
1733 1086 1784 1112 211

1422 1119 1608 1181 Ηέᾛαηᾱῡω
1622 1121 1639 1147 d
1655 1119 1754 1156 omini)
1768 1119 1939 1156 ce(ra.x)a.vit

1422 1188 1522 1216 Hostes
1539 1189 1683 1223 prosaicus
1701 1189 1846 1216 duodenus
1864 1189 1913 1216 ‘141

1423 1223 1502 1250 Hunc
1520 1223 1644 1258 genitrix
1662 1224 1768 1251 domini
1785 1225 1839 1251 410

1423 1258 1502 1285 Hunc
1521 1259 1623 1285 librum
1641 1259 1761 1286 Karolus
1779 1258 1830 1286 752
1858 1290 1860 1292 Γ

1422 1293 1503 1320 Hunc
1520 1293 1630 1327 Moyses
1648 1302 1753 1328 agnum
1771 1294 1824 1321 254

1422 1327 1502 1354 Hunc
1520 1328 1600 1362 pueri
1618 1329 1699 1362 parvi
1716 1329 1768 1355 295

1421 1362 1503 1390 Hunc
1520 1362 1661 1390 tumulum
1679 1363 1777 1398 quiqui
1796 1363 1850 1390 680

1420 1458 1485 1490 Iam
1503 1461 1608 1488 dudum
1626 1461 1751 1489 monitus
1768 1461 1820 1489 308

1421 1502 1482 1528 Iam
1499 1501 1564 1527 fisus
1583 1500 1667 1527 simul
1684 1501 1738 1527 300

1421 1536 1480 1562 Iam
1507 1535 1616 1570 pridem
1641 1535 1760 1562 nimium
1782 1537 1938 1566 recidebam

1422 1605 1479 1631 Iam
1498 1604 1607 1639 pridem
1625 1603 1742 1631 nimium
1761 1605 1859 1634 risorie
1876 1607 1929 1634 854

1422 1639 1480 1666 Iam
1498 1639 1608 1674 pridem
1625 1641 1732 1668 vestras
1749 1640 1803 1667 306

1423 1674 1480 1700 Iam
1499 1674 1567 1708 quia
1585 1673 1630 1700 hic
1647 1673 1730 1701 sedeo
1749 1674 1801 1701 344

1422 1709 1482 1735 Iam
1501 1709 1568 1743 quia.
1586 1710 1662 1735 retro
1679 1708 1790 1743 aliquid
1807 1709 1860 1738 295

1421 1744 1481 1770 Iam
1498 1744 1576 1770 rotat
1593 1743 1666 1770 alter
1682 1744 1735 1770 324

1422 1778 1517 1805 Iamne
1534 1778 1611 1805 viam
1628 1786 1745 1812 carpens
1763 1778 1814 1805 169

1422 1813 1530 1840 Ianitor
1547 1814 1614 1840 ante
1632 1813 1706 1839 fores
1723 1813 1775 1839 226

1422 1848 1542 1875 Idoneae
1559 1856 1634 1874 nunc
1652 1855 1726 1874 nunc
1764 1847 1840 1874 elida
1859 1848 1895 1876 52

1422 1882 1594 1910 Iheronimus
1613 1882 1706 1917 fulget
1723 1890 1737 1908 c
1815 1883 1866 1910 138

1421 1917 1501 1944 Illius
1520 1919 1549 1944 et
1567 1917 1652 1944 tellus
1671 1917 1792 1951 speciem
1810 1917 1862 1944 332

1421 1951 1581 1979 Immortale
1599 1951 1683 1979 decus
1700 1951 1817 1978 Martini
1834 1952 1870 1979 86

1420 1987 1544 2022 Imperat
1561 1986 1738 2021 omnipotens
1754 1986 1852 2021 procul
1872 1987 1923 2014 150

1421 2021 1572 2056 Imperium
1590 2021 1688 2048 mundi
1705 2022 1850 2056 pressante
1868 2021 1900 2048 91

1420 2056 1453 2083 In
1471 2065 1552 2083 cruce
1570 2055 1619 2090 qui
1637 2055 1735 2083 mnndi
1753 2056 1806 2084 243

1420 2091 1453 2118 In
1470 2091 1523 2118 hec
1541 2090 1673 2118 leronimi
1691 2090 1783 2125 cripta
1799 2091 1852 2119 358

1420 2126 1453 2152 In
1470 2125 1525 2153 hoc
1541 2125 1626 2152 altari
1644 2126 1803 2152 sanctorm
1821 2125 1874 2153 Μ

1420 2160 1453 2187 In
1471 2161 1524 2188 hoc
1541 2159 1680 2187 nobilium
1697 2160 1799 2187 florent
1815 2160 1869 2188 212

1420 2195 1453 2222 In
1470 2195 1523 2222 hoc
1541 2194 1667 2230 quinque
1684 2194 1751 2221 libri
1769 2195 1822 2222 326

1420 2230 1453 2257 In
1470 2230 1523 2257 hoc
1561 2229 1661 2264 uisque
1678 2229 1757 2264 legat
1773 2229 1826 2257 676
1879 2237 1882 2239 ·

1420 2265 1453 2291 In
1471 2264 1548 2291 omni
1567 2273 1601 2291 us
1619 2264 1702 2291 rebus
1719 2272 1829 2299 semper
1847 2265 1896 2292 151

1420 2299 1453 2326 In
1471 2299 1540 2326 solio
1558 2307 1653 2333 regem
1670 2299 1723 2326 262

1419 2333 1565 2374 Incipiunt
1581 2342 1685 2368 parvae
1703 2341 1788 2368 super
1804 2333 1856 2360 319

1419 2368 1520 2396 Inchte
1538 2368 1664 2403 parentis
1681 2368 1755 2395 alme
1773 2368 1824 2395 149

1420 2403 1520 2430 Inclite
1538 2404 1630 2430 rector
1647 2411 1700 2430 ave
1719 2403 1771 2429 180

1419 2438 1536 2465 Inclitus
1555 2446 1619 2465 ecce
1636 2445 1727 2464 comes
1745 2437 1799 2464 220

1420 2473 1536 2500 Inclitus
1554 2472 1620 2499 hinc
1637 2472 1758 2499 fratrum
1776 2471 1828 2498 198

1419 2507 1535 2534 Inclitus
1557 2507 1588 2534 in
1626 2507 1697 2534 rimo
1714 2506 1855 2534 Martinus
1874 2506 1925 2533 188

1418 2542 1487 2569 Inde
1507 2550 1591 2569 secun
1611 2550 1644 2568 us
1662 2541 1749 2568 habet
1767 2541 1820 2568 740

1418 2576 1524 2604 Indolis
1542 2585 1558 2604 ο
1577 2576 1718 2611 praeclare
1736 2575 1805 2603 satis
1822 2575 1876 2603 350

1418 2611 1538 2638 Innovat
1555 2611 1706 2645 antiquum
1724 2610 1824 2637 melior
1840 2610 1893 2638 226

1417 2645 1515 2673 Insons
1534 2654 1584 2680 pro
1603 2645 1685 2672 nobis
1702 2645 1755 2672 264

1418 2680 1496 2708 Inter
1512 2681 1655 2715 florigeras
1674 2679 1743 2707 lenti
1764 2679 1816 2706 362

1418 2715 1567 2742 Inventum
1586 2714 1673 2742 fuerit
1691 2714 1714 2741 si
1733 2722 1830 2741 verum
1849 2713 1901 2740 219

1418 2750 1508 2785 Ipsius
1526 2751 1556 2776 et
1573 2758 1673 2784 corpus
1690 2749 1808 2776 recubat
1825 2748 1878 2775 333

1417 2785 1480 2819 Ipse
1498 2784 1591 2811 Micon
1609 2792 1713 2818 paucos
1731 2784 1783 2811 294

1866 2823 1908 2854 ιζ·

2054 1151 2060 1184 ¹}
