2060 3074
241 134 303 164 412
870 130 1053 157 HINCMAItI
1072 130 1248 158 CARMINA.

606 218 664 250 Est
687 218 805 260 quibus
828 217 870 249 ad
892 218 1054 257 meritum,
1077 217 1151 248 finis
1176 217 1203 248 si
1226 227 1361 260 corpore
1387 217 1508 250 Christi

540 283 565 301 τι,
646 269 744 301 'Pales
769 269 925 308 inveniat,
950 279 1031 311 quos
1054 269 1141 300 bona
1164 268 1251 300 faeta
1274 269 1399 300 iuvant.

605 320 658 352 Ad
682 331 763 363 quos
788 321 982 363 perveniunt
1005 320 1127 352 domini
1151 321 1308 362 mysteria
1331 321 1415 360 viva,

650 372 751 404 Cuius
777 376 810 404 et
833 373 951 404 inferni
974 372 1108 415 spiritus
1132 375 1227 403 antra
1250 373 1342 414 petit.

607 425 726 467 Sicque
751 435 829 456 suos
854 425 957 456 lectos
983 423 1097 456 eduxit
1121 424 1280 466 sanguine
1304 427 1426 457 saneto.

647 477 721 508 Hoc
746 487 780 508 se
805 476 925 508 salvari
949 477 1003 518 qui
1027 479 1162 508 tenuere
1186 476 1293 507 fidem.

540 542 564 560 τε,
601 529 673 560 Lex
697 529 816 571 inquit:
842 539 955 560 carnes
979 528 1054 570 agni
1078 527 1273 560 mandentur
1295 529 1328 559 in
1351 538 1449 560 unam

647 581 723 612 Rite
747 581 890 619 domum,
914 581 1086 622 quisquam
1110 581 1205 612 tollet
1227 584 1260 611 et
1282 580 1357 612 inde
1381 581 1472 619 nihil,

605 632 657 670 Et,
682 643 800 675 panem
825 636 1003 675 potumque
1027 633 1114 664 volet
1138 632 1191 674 qui
1215 643 1344 664 sumere
1370 633 1466 665 vitae.

648 684 839 716 Catholicae
864 687 995 716 maneat
1018 684 1147 716 iunctus
1171 694 1280 715 amore
1303 684 1411 721 domo,

605 737 638 768 Si
664 737 733 768 vult
757 747 830 768 cum
854 737 974 768 sanctis
999 736 1133 767 caelesti
1156 736 1190 767 in
1213 736 1290 768 sedo
1313 746 1445 768 manere

539 802 563 819 so
647 788 750 831 Inque
773 788 892 821 decore
917 799 975 820 suo
1000 788 1085 830 regis
1109 788 1233 820 honore
1256 788 1328 820 frui.

605 840 706 872 Cuius
730 843 907 883 conspectu
931 841 1071 880 satiaris,
1094 840 1185 882 virgo
1209 840 1322 875 Maria,

648 892 711 929 Qui
737 893 839 925 decus
864 893 1035 936 imperium
1060 903 1132 924 cum
1156 896 1250 936 patre
1275 903 1404 935 semper
1427 893 1536 929 habet,

604 944 668 981 Qui
693 944 769 976 dum
794 945 946 984 surrexit,
971 945 1146 976 multorum
1171 955 1304 987 corpora
1327 944 1407 976 fecit

647 996 801 1039 Surgere,
826 1007 907 1039 quos
932 1007 1041 1029 secum
1065 997 1158 1028 vexit
1180 996 1221 1028 ad
1244 999 1332 1028 astra
1355 997 1431 1039 poli.

538 1061 562 1080 85
602 1048 752 1080 Sanctior
775 1049 826 1080 his
851 1049 988 1088 cunctis,
1013 1048 1148 1080 verbum
1173 1059 1257 1089 quae
1281 1049 1415 1091 gignere
1439 1049 1526 1080 vitae

648 1101 750 1133 Facta
773 1111 809 1132 es
834 1100 931 1142 digna
954 1103 1010 1132 tuo
1035 1110 1170 1142 corpore
1195 1100 1353 1142 virgine0.

603 1152 696 1189 Quae
721 1163 796 1184 caro
821 1155 935 1184 sancta
958 1152 1010 1183 dei
1033 1162 1098 1184 non
1123 1154 1174 1184 est
1197 1154 1350 1193 corrupta
1373 1151 1558 1194 sepulchro,

646 1204 716 1236 Nec
741 1208 806 1244 tua,
831 1214 895 1246 qua
918 1214 1034 1246 corpus
1059 1207 1244 1246 sumpserat
1268 1204 1339 1246 ipse
1364 1203 1456 1236 deus.

603 1256 685 1288 Cum
709 1267 782 1299 quo,
809 1256 906 1288 stella
928 1256 1039 1295 maris,
1063 1255 1189 1288 resides
1212 1256 1244 1287 in
1269 1256 1409 1287 culmine
1434 1256 1515 1287 caeli

537 1321 563 1340 90
644 1308 883 1340 Concelebrata
906 1308 967 1350 piis
990 1308 1143 1340 laudibus
1167 1307 1335 1350 angelicis,

603 1360 676 1397 Quo
699 1361 821 1403 pietate
845 1361 907 1392 mei
932 1370 1123 1400 memorare,
1147 1360 1300 1402 benigna,
1324 1360 1455 1393 miselli.

646 1412 720 1449 Qua
743 1423 760 1445 e
785 1423 881 1444 cruce
906 1413 1074 1444 clamavit:
1100 1412 1213 1444 ‘Filius
1237 1423 1314 1444 ecce
1337 1411 1423 1443 tuus'

603 1465 721 1507 Atque,
745 1468 781 1496 ut
803 1465 985 1508 discipulus
1009 1475 1119 1497 curam
1141 1464 1199 1496 tibi
1221 1464 1322 1496 ferret
1345 1464 1484 1496 honoris.

646 1517 739 1549 Dixit
762 1517 916 1549 Iohanni:
942 1517 1061 1550 ‘Mater
1084 1520 1117 1549 et
1140 1527 1218 1549 ecce
1239 1515 1316 1548 tua’.

536 1583 561 1602 95
600 1569 713 1601 Mortis
737 1569 769 1601 in
793 1569 928 1601 articulo
953 1570 1020 1601 vita
1042 1573 1075 1601 et
1098 1569 1293 1601 resurrectio
1317 1572 1427 1600 nostra

645 1621 807 1653 Exhibuit
829 1621 959 1654 tibimet
982 1621 1041 1653 hoc
1064 1621 1195 1664 pietatis
1219 1631 1308 1663 opus.

602 1672 684 1705 Cum
706 1673 836 1714 moriar,
861 1674 942 1705 caeli
966 1673 1062 1705 claris
1086 1673 1236 1716 praelata
1257 1672 1423 1710 ministris,

645 1725 774 1757 Christo
800 1736 1017 1768 conregnans,
1042 1726 1086 1757 sis
1109 1725 1173 1767 pia,
1198 1735 1330 1767 quaeso,
1354 1725 1442 1764 mihi,

600 1776 646 1809 Ut
669 1780 796 1820 partem
819 1787 947 1810 merear
971 1788 1044 1810 cum
1069 1777 1131 1815 his,
1155 1787 1235 1819 quos
1260 1777 1365 1819 gratia
1389 1777 1505 1813 salvat,

525 1842 562 1860 100
644 1828 683 1860 In
705 1829 798 1869 lucis,
822 1829 914 1872 pacis
939 1833 1036 1869 sorte,
1061 1829 1190 1872 quietis.
1237 1827 1356 1862 Amen.

339 1923 438 1955 Hanc
456 1927 565 1955 autem
592 1934 691 1966 supra
713 1925 825 1967 scripti
848 1925 951 1956 libelli
977 1924 1212 1957 subnexionem
1237 1927 1367 1956 centum
1391 1924 1538 1956 versibus
1562 1927 1710 1957 constare
1733 1925 1888 1968 disposui.

235 1977 388 2018 quoniam
413 1976 562 2018 decalogi
587 1976 740 2008 denarius
765 1987 824 2019 per
849 1987 883 2008 se
907 1977 1143 2019 multiplicatus
1167 1977 1199 2008 in
1223 1977 1446 2008 centenarium
1471 1977 1583 2018 surgit.
1629 1977 1671 2008 Et
1695 1978 1778 2009 sicut
1801 1977 1887 2010 idem

235 2028 413 2070 decalogus
438 2028 614 2060 dilectione
638 2028 690 2060 dei
715 2032 748 2060 et
771 2029 912 2071 proximi
936 2028 1146 2071 adimpletur,
1170 2029 1216 2060 ita
1238 2028 1388 2060 nimirum
1412 2028 1473 2060 hac
1497 2028 1626 2070 gemina
1649 2028 1823 2061 dilectione
1845 2028 1887 2061 ad

235 2084 402 2113 aeternam
426 2081 534 2121 vitam,
559 2092 642 2123 quae
668 2081 817 2122 signatur
843 2081 1031 2113 centenario
1054 2091 1200 2120 numero,
1224 2081 1422 2123 pervenitur.

338 2193 372 2218 70
390 2194 489 2219 inuenit
508 2194 532 2218 A
552 2193 587 2226 (et
605 2203 635 2220 ex
656 2195 695 2220 sil.
715 2195 755 2226 M)
861 2194 894 2220 74
919 2196 991 2220 Haec
1010 2195 1065 2220 Mo
1115 2199 1233 2221 renuerat
1252 2194 1306 2219 MC
1354 2195 1404 2220 fide
1424 2194 1446 2219 C
1497 2193 1530 2219 76
1552 2194 1630 2220 nichil
1649 2193 1681 2218 M
1783 2192 1815 2219 77
1834 2194 1888 2220 uite

233 2242 256 2262 et
274 2238 309 2262 sic
327 2238 386 2263 hinc
400 2238 499 2269 passim
517 2247 531 2263 e
543 2247 592 2271 pro
611 2247 641 2264 ae
654 2238 687 2263 M
763 2238 796 2264 78
815 2239 949 2264 Catholiea
963 2239 985 2263 Ο
1062 2237 1096 2264 86
1115 2243 1153 2264 est
1166 2238 1221 2263 MC
1296 2236 1329 2262 89
1348 2246 1398 2270 que
1413 2238 1434 2262 (J
1509 2237 1542 2262 91
1561 2237 1611 2268 Qui
1633 2237 1656 2262 A
1735 2235 1769 2262 92
1786 2238 1845 2268 Qua
1863 2237 1886 2270 e]

234 2283 272 2306 De
292 2281 315 2305 A
428 2280 462 2306 98
484 2282 602 2307 Christus
622 2282 645 2307 C
744 2281 754 2314 ΙΙ
776 2282 844 2308 hanc
870 2282 1064 2307 ‘substa-ionem*
1087 2291 1136 2317 om.
1155 2282 1178 2306 A
1234 2279 1362 2313 uersibus]
1385 2281 1486 2306 duobus
1506 2281 1528 2305 0
1539 2281 1573 2305 0¹
1596 2281 1697 2305 duobus
1720 2281 1838 2306 uersibus
1857 2280 1891 2305 M

234 2325 353 2350 nimirum
374 2334 418 2358 per
436 2325 503 2350 hanc
521 2326 650 2358 geminam
669 2325 830 2351 dilectionem
851 2325 874 2351 Ο
885 2326 918 2350 0¹
974 2334 1040 2358 quae
1060 2324 1188 2358 signatur]
1208 2325 1324 2358 quesitur
1344 2324 1380 2350 0¹

338 2410 370 2436 75
390 2409 477 2436 Exod.
498 2411 536 2436 12.
643 2411 677 2437 89
702 2411 798 2437 Maria
819 2410 902 2438 stella
921 2410 1005 2437 Maris
1029 2413 1067 2437 est
1089 2418 1120 2436 ex
1142 2410 1217 2442 salsa
1239 2409 1400 2444 Hieronymi
1423 2409 1576 2444 etymoloqia
1596 2417 1664 2442 quae
1690 2408 1764 2436 valde
1780 2409 1888 2443 placuit

234 2461 315 2487 medio
338 2469 400 2488 aevo
423 2462 470 2494 cfr.
493 2471 513 2489 e.
531 2472 555 2497 9.
577 2463 597 2489 Ι
599 2463 714 2496 ldefonsi
737 2466 767 2490 ut
786 2463 896 2490 Arerali
913 2463 964 2496 fert
982 2463 1073 2496 opinio
1097 2470 1204 2489 carmen
1226 2462 1257 2488 in
1275 2461 1386 2488 Arm-ali
1405 2461 1511 2488 Isidoro
1530 2461 1546 2487 1
1551 2461 1576 2488 V
1583 2462 1635 2489 500
1658 2463 1683 2488 et
1701 2461 1829 2488 Munium
1850 2460 1887 2487 ad

234 2514 406 2548 Ilymnorzcm
428 2523 455 2540 n.
481 2515 539 2541 529.
645 2515 679 2541 92
691 2523 745 2549 sqq.
771 2515 826 2542 1071.
852 2516 892 2549 19,
909 2516 943 2542 26
951 2523 989 2549 sq.
1093 2515 1103 2548 ll
1126 2514 1236 2540 ‘Melite'
1259 2513 1290 2539 in
1310 2512 1387 2540 Glavc
1409 2513 1448 2540 ed.
1469 2513 1549 2539 Pitra
1568 2513 1690 2547 Spieiley.
1713 2513 1816 2539 Solesm.
1836 2513 1889 2539 ΙΙΙ

230 2573 292 2598 pay.
317 2565 368 2591 ‘28⁴5
391 2565 491 2592 Decem
515 2566 551 2592 ad
575 2566 757 2601 decalogum;
777 2575 840 2600 pay.
863 2567 914 2594 289
938 2566 1055 2593 Centum
1080 2566 1115 2592 ad
1142 2567 1294 2599 martyrum
1318 2564 1454 2597 structum,-
1478 2565 1524 2597 οβ’.
1549 2564 1682 2591 Isidorum
1704 2565 1734 2590 da
1758 2565 1885 2591 Numer-is

233 2617 271 2644 ed.
293 2618 368 2644 Arer.
386 2618 408 2644 V
417 2619 476 2647 234,
497 2619 583 2651 meum
608 2617 783 2645 Hincmamm
801 2618 832 2645 de
849 2619 951 2651 ferculo
970 2618 1068 2646 Salam.
1088 2618 1126 2646 cd.
1146 2618 1227 2645 Sirm.
1246 2617 1266 2644 Ι
1277 2618 1335 2644 760.
