2138 3106
0 2935 6 2942 .v
0 2912 9 2924 ·.
0 2868 14 2905 J-.·v
0 2823 5 2862 ·=-
0 2757 13 2811 -ῃ

841 192 929 219 mco
935 193 995 219 NIS
1014 193 1055 220 IN
1074 193 1195 220 FESTA.
1778 196 1839 226 307

551 279 657 321 Ipsius
682 279 818 312 obtentu
840 290 900 311 nec
924 291 990 311 non
1015 279 1210 322 Christoque
1233 281 1366 312 favente

594 330 747 364 Sistimus
771 332 890 364 inlaesi
913 331 1053 373 denique
1077 343 1137 364 nos
1161 332 1286 365 famuli.

487 389 512 408 ¹⁵
548 381 753 426 Quapropter
776 383 873 416 hodie
897 383 1019 415 Christi
1043 384 1217 416 iubilemus
1241 387 1379 416 ovantes

592 434 726 467 Laudes
749 446 807 478 pro
830 435 935 467 sancti
958 435 1103 467 Richarii
1126 436 1269 474 meritis;

550 485 596 517 Ut
619 487 744 518 cunetis
767 490 898 519 nostrae
922 487 1074 530 placeant
1097 487 1326 530 praesentibus
1351 488 1434 520 odae

593 538 663 570 Nec
687 539 794 571 minus
818 542 852 571 et
875 539 1016 572 domino:
1043 539 1105 571 hoe
1129 540 1228 582 igitur
1251 550 1380 572 moneo.

550 590 659 633 Atque
682 591 771 633 pium
794 602 874 634 puro
899 602 1073 634 poscamus
1097 591 1195 624 corde
1219 596 1402 634 patronum,

489 648 517 667 2⁰
593 642 639 674 Ut
661 646 772 675 noster
795 644 911 686 cuspis,
937 644 978 675 sit
1001 644 1096 676 simul
1121 647 1155 676 et
1178 644 1325 686 clypeus,

553 693 715 731 Quatinus
738 696 854 727 armati
877 696 1031 738 precibus
1055 707 1212 739 superare
1236 707 1395 738 queamus

594 746 737 779 Infestos
761 748 896 780 nimium
920 748 1102 781 catholicae
1125 749 1278 780 eclesiae.

551 798 634 839 Hoc,
659 799 780 840 mundi,
805 800 917 841 facias,
940 804 1058 840 rector,
1082 801 1158 843 quia
1181 801 1263 832 haec
1287 800 1346 832 tibi
1370 811 1467 843 posse
1490 804 1553 837 est;

596 851 646 883 Sit
669 855 796 884 tantum
820 853 915 892 velle,
941 863 1150 895 quaesumus,
1174 864 1192 884 o
1217 853 1356 893 domine,

491 909 515 928 2⁵
551 902 595 935 Et
618 903 679 935 tibi
701 903 786 936 festa
811 904 890 945 dies,
916 908 1121 948 praeceptor,
1145 905 1234 937 laeta
1255 915 1314 947 per
1337 915 1440 937 annos

596 955 806 988 Innumeros:
830 956 927 999 pauci
951 957 1104 989 versiculi
1127 957 1189 989 hoc
1213 957 1366 999 rogitant.

948 1147 1075 1180 XXVI.

737 1210 799 1247 DE
826 1210 977 1247 FESTA
1005 1211 1043 1248 S.
1064 1211 1280 1249 MARTINI.

551 1285 652 1318 Sacra
675 1286 746 1319 dies
770 1287 889 1319 colitur
911 1286 1008 1319 hodie
1032 1297 1092 1330 per
1114 1287 1246 1319 elimata
1268 1287 1381 1319 mundi
1580 1301 1605 1317 a.
1617 1292 1642 1318 d.
1656 1292 1713 1318 ΙΙΙ.
1722 1292 1763 1318 Id.
1776 1292 1840 1318 Nov-

593 1338 727 1370 Martini
750 1339 864 1379 sancti,
888 1339 1050 1382 praesulis
1074 1339 1208 1381 egregii.

553 1389 654 1422 Cuius
679 1391 766 1423 enim
789 1391 932 1423 Turonis
956 1402 1074 1434 corpus
1099 1395 1248 1423 servatur
1271 1392 1305 1423 in
1328 1392 1420 1431 urbe,

593 1441 679 1474 Olim
703 1453 786 1485 quae
810 1443 907 1475 nituit
929 1454 1049 1476 nomen
1073 1443 1198 1475 habens
1222 1443 1321 1483 aliud,

503 1501 514 1519 ⁵
552 1493 660 1526 Huius
683 1495 770 1527 enim
794 1495 922 1527 meritis
947 1495 1094 1528 vocitata
1117 1500 1169 1528 est
1192 1496 1297 1528 altera
1319 1496 1441 1532 Roma3

594 1545 660 1578 Sed
683 1547 739 1578 vix
761 1547 865 1589 prima
887 1551 1009 1587 manet,
1033 1548 1130 1580 busta
1153 1548 1298 1580 secunda
1320 1549 1415 1581 iacet.
1578 1559 1603 1576 a·
1617 1551 1643 1593 (ἦ.
1658 1551 1716 1589 III·
1730 1551 1772 1577 Id-

540 1597 633 1629 Nam
656 1609 749 1630 sacer
771 1599 910 1631 antistes
934 1600 1037 1632 valuit
1060 1610 1272 1643 compescere
1296 1601 1443 1632 flammas
1612 1585 1674 1611 ΛΜ
1691 1588 1746 1611 ‘⁹⁵3'

593 1650 703 1692 Atque
726 1650 808 1682 inibi
830 1654 958 1684 atroces
983 1655 1138 1684 sternere¹
1154 1662 1271 1694 nempe
1296 1652 1393 1691 viros,

549 1701 665 1743 Ignem
689 1702 744 1744 qui
767 1701 930 1744 quondam
954 1703 1078 1743 lenivit,
1103 1714 1168 1746 qua
1190 1703 1383 1743 recubabat,

489 1759 514 1777 ¹⁰
591 1751 779 1784 Accensum
803 1753 891 1784 circa
913 1753 1097 1785 aediculam
1122 1754 1240 1786 subito.

551 1803 698 1846 Quisque
721 1808 832 1847 potest
854 1805 952 1837 hodie
976 1809 1123 1838 nostrum
1147 1806 1208 1838 sub
1233 1806 1379 1849 principe
1403 1806 1495 1848 pigro

593 1856 720 1889 Sistere
744 1867 879 1889 securus
903 1868 941 1889 ac
965 1857 1061 1889 simul
1085 1858 1292 1890 incolumis?:

550 1908 615 1940 Sed
639 1908 789 1941 dominus
812 1909 914 1942 iudex
937 1921 1060 1954 aequus
1084 1922 1213 1954 quoque
1236 1911 1323 1943 haud
1344 1911 1413 1943 sine
1437 1922 1537 1943 causa

592 1960 739 1993 Percutit
760 1962 937 1994 invalidum
962 1963 1048 1995 eheu
1071 1962 1188 2006 'tquam
1211 1963 1331 2006 polum.

489 2020 512 2039 ιδ
548 2012 672 2044 Idcirco
696 2014 813 2056 cuique
836 2014 968 2046 assidue
992 2018 1138 2047 nostrum
1162 2016 1362 2058 vigilandum
1385 2019 1444 2055 est,

594 2063 641 2096 Ut
662 2064 767 2107 fugiat
789 2076 892 2108 prava
914 2077 976 2098 nec
1000 2067 1122 2099 sterilis
1145 2071 1288 2108 maneat,

550 2115 623 2153 Quo
646 2117 800 2159 precibus
824 2118 883 2149 iuti
907 2121 1093 2150 sanctorum
1118 2119 1189 2151 iure
1213 2130 1371 2162 queamus

594 2167 632 2200 In
654 2179 756 2211 regno
780 2168 903 2201 Christi
926 2171 1105 2214 participes
1129 2171 1210 2203 fieri.

548 2219 617 2251 Nos
639 2220 736 2252 hodie
759 2220 894 2253 Martini
916 2222 1144 2265 pontificisque
1169 2223 1274 2256 iuvari

488 2278 514 2298 2⁰
593 2272 765 2304 Summissi
788 2274 930 2316 petimus
955 2285 992 2306 ae
1016 2275 1141 2307 meritis
1166 2275 1329 2317 precibu8‚

550 2323 596 2355 Ut
618 2327 732 2356 nost'er
753 2325 846 2357 locus
870 2325 1016 2358 inlaesus
1040 2330 1206 2359 mereatur
1227 2327 1344 2359 adesse

593 2375 663 2408 Nec
686 2387 752 2408 non
774 2378 870 2409 tutati
893 2378 996 2420 ipsius
1021 2382 1055 2411 et
1077 2378 1200 2411 famuli.

548 2427 684 2471 Hasque
708 2438 825 2471 preces
849 2430 936 2470 audi,
960 2430 1102 2471 domine,
1127 2431 1284 2463 miserere
1309 2442 1445 2463 serenus

592 2479 706 2521 Nobis,
729 2481 858 2524 plasma
881 2485 973 2514 tuum
997 2483 1053 2525 qui
1076 2493 1188 2514 sumus
1211 2483 1363 2515 inmeriti.

290 2609 322 2636 13
340 2610 434 2636 christo
452 2619 518 2637 corr.
538 2611 564 2636 B
663 2611 695 2637 19
713 2613 790 2639 corda
809 2622 876 2639 corr.
895 2613 921 2638 B
1007 2613 1042 2640 20
1059 2614 1175 2648 clypleus
1194 2614 1219 2639 B
1305 2613 1339 2640 24
1357 2615 1485 2648 poscimus
1503 2615 1536 2639 H
1628 2614 1663 2641 25
1680 2617 1714 2642 Et
1731 2617 1766 2643 sic
1785 2617 1843 2642 BH

185 2653 218 2679 sit
235 2653 286 2683 sub
304 2654 547 2694 (mbineellequ-in
564 2664 648 2695 [nm-q.
667 2656 692 2681 B
714 2692 729 2695 -

288 2695 404 2730 [XXVI]
427 2698 474 2723 DE
491 2699 512 2724 F
529 2699 580 2724 sel
599 2699 733 2726 MARTlN
752 2699 778 2724 B
883 2699 915 2725 14
935 2710 970 2726 an
989 2700 1153 2734 ''quamquei²
1171 2702 1219 2734 cfr.
1238 2702 1311 2734 infra
1329 2711 1350 2727 c.
1370 2700 1556 2732 LXXIII,25.

289 2781 412 2817 [xxvm
433 2782 554 2817 Carmen,
572 2783 596 2810 si
613 2783 752 2810 minimum
769 2785 929 2819 respicimus,
947 2794 975 2813 ιι.
987 2786 1037 2812 854
1057 2787 1189 2820 scriptum.
1261 2787 1278 2813 5
1297 2786 1353 2818 Cfr.
1366 2785 1518 2813 Duemmler
1538 2787 1628 2814 Gesch.
1642 2787 1667 2814 d.
1683 2787 1836 2820 Ostfraenk.

187 2833 306 2860 lte-‘cha’
326 2834 348 2867 1,
362 2835 420 2861 386.

1583 2887 1631 2914 39⁸
