2060 3074
724 138 770 164 DE
788 138 1016 167 SOBRIETATE
1035 140 1142 167 LIBER.
1156 141 1189 167 11.
1721 146 1784 177 663

499 223 590 259 Quae
615 225 656 255 sit
681 225 839 256 sobrietas
862 236 1023 268 quamque
1046 227 1130 259 hanc
1152 238 1283 260 servare
1306 229 1436 260 salubre
1461 233 1510 260 est

496 274 540 306 Et
561 279 689 318 turpem
711 277 888 318 ingluviem
912 281 1068 320 quantum
1093 279 1196 311 vitare
1219 290 1354 312 necesse
1378 284 1437 321 est,

497 326 646 362 Qualiter
668 328 774 359 aversi
796 328 932 360 redeant
954 329 1102 372 lapsique
1125 335 1312 374 resurgant:

495 378 656 420 Prodigus
680 380 832 422 exemplo
856 380 943 422 quod
965 385 1123 421 monstrat
1145 383 1229 415 filius
1251 394 1326 416 uno,

414 442 453 462 επ
497 429 602 462 Omne
625 431 746 462 bonum
770 431 831 463 sibi
854 433 1015 464 conlatum
1038 434 1161 476 pietate
1184 438 1320 477 paterna

496 481 644 514 Perdidit
666 483 721 514 ille
744 483 843 515 miser
865 485 1088 517 meretricibus
1110 486 1325 529 inlaqueatus,

495 533 695 566 Luxuriosus
718 535 804 566 iners
826 536 968 578 pollutus
992 536 1137 579 degener
1159 549 1280 580 amens,

495 585 648 618 Dedecus
672 586 714 617 ad
737 589 862 618 tanturn
885 588 995 630 lapsus
1017 599 1075 631 pro
1099 589 1192 622 fauce
1216 592 1338 623 voraci:

495 637 672 670 Porcorum
695 638 817 681 siliquis
841 639 970 671 fervens
992 640 1134 673 instabat
1158 642 1301 675 edendis.

411 701 450 721 625
493 689 525 721 A
546 690 653 732 patria
675 693 709 721 et
731 691 879 732 genitore
902 692 956 733 pio
980 692 1076 734 longe
1100 693 1155 724 ille
1178 698 1332 735 remotus,

495 741 582 774 Exul
604 745 640 773 ut
662 742 794 784 antiqua
815 743 957 785 paradisi
979 744 1021 775 ab
1045 744 1123 776 sede
1148 745 1277 788 fugatus

495 793 622 826 Primus
643 793 751 825 Adam
775 805 847 826 cum
869 795 960 837 prole
985 806 1043 827 sua
1066 795 1196 829 deserta
1218 808 1396 840 peragrans

495 845 612 877 Incidit
634 845 765 877 insidias
789 846 911 878 crudeli
934 847 966 878 in
989 848 1083 879 fauce
1106 848 1283 887 latronum3

495 897 691 929 Vulneribus
714 898 828 939 fossus,
852 898 991 931 nudatus
1015 901 1158 942 tegmine
1182 901 1320 933 honesto

412 961 451 981 6³0
494 949 629 982 Pellitos
651 949 780 981 habitus
803 951 949 993 sumpsit,
974 952 1049 994 quia
1073 952 1210 984 credidit
1231 953 1326 985 hosti.

497 1001 602 1038 Quem
626 1005 738 1033 tamen
760 1005 796 1033 ut
819 1005 964 1044 quaerat,
989 1003 1123 1035 caelesti
1145 1004 1187 1036 ab
1211 1004 1289 1037 sede
1312 1005 1417 1037 viator

497 1052 684 1084 Humanum
709 1054 858 1085 tractavit
879 1054 942 1086 iter
965 1054 1163 1098 tandemque
1188 1060 1354 1099 repertum

497 1103 632 1136 Sustulit
653 1104 686 1135 in
710 1105 814 1147 carnis
837 1105 918 1137 mira
940 1106 1064 1148 pietate
1087 1107 1241 1149 iugalem,

496 1155 599 1188 Duxit
622 1158 656 1188 et
676 1157 709 1188 in
733 1156 895 1189 stabulum
919 1158 1076 1190 ecclesiae
1101 1169 1275 1202 curamque
1298 1160 1436 1202 peregit,

414 1221 452 1241 ωε·
497 1207 644 1240 Aedibus
668 1211 702 1240 et
722 1209 847 1252 superis
869 1210 934 1241 iam
956 1220 1076 1252 magna
1099 1221 1142 1242 ex
1163 1214 1256 1253 parte
1280 1212 1408 1244 locavit.
1458 1251 1463 1253 ⁴

233 1357 284 1384 617
302 1365 407 1384 neeesse
424 1355 472 1389 est]
490 1360 530 1383 est
547 1364 594 1382 om.
608 1355 632 1380 L
718 1355 770 1381 622
788 1357 947 1383 Luxoriosus
958 1357 983 1382 A
1036 1358 1154 1391 pullutus
1171 1363 1194 1384 et
1211 1359 1247 1385 sic
1264 1359 1367 1392 saepiae
1378 1359 1403 1385 L

131 1434 226 1462 dabat.
258 1435 289 1461 17
307 1434 338 1460 in
355 1442 385 1461 se
403 1435 497 1460 autem
516 1441 643 1460 reversus
661 1432 747 1459 dixit:
771 1433 871 1467 quanti
890 1434 1073 1461 mercennarii
1092 1434 1181 1469 patris
1205 1435 1260 1461 mei
1286 1435 1432 1463 abundant
1454 1437 1587 1471 panibus;
1611 1447 1663 1473 ego
1682 1440 1775 1466 autem

130 1486 177 1513 hic
193 1486 268 1513 fame
285 1493 378 1521 pereo.
409 1485 443 1512 18
461 1493 572 1520 surgam
593 1486 622 1512 et
639 1484 687 1511 ibo
705 1484 741 1511 ad
759 1485 869 1519 patrem
888 1493 979 1512 meum
999 1487 1028 1512 et
1046 1485 1136 1512 dicam
1155 1486 1198 1512 illi
1218 1487 1314 1521 'paten
1334 1488 1447 1522 peccavi
1465 1488 1495 1515 in
1514 1489 1621 1516 caelum
1641 1491 1670 1517 et
1687 1499 1780 1518 coram

130 1538 177 1565 te'.
208 1537 240 1565 19
263 1538 292 1565 et
316 1537 372 1564 iam
397 1545 454 1564 non
475 1545 536 1563 snm
561 1536 664 1571 dignus
682 1536 777 1564 vocari
799 1536 872 1564 filiun
895 1538 973 1564 tuus:
999 1538 1045 1565 fac
1066 1546 1111 1565 me
1134 1538 1207 1565 sicut
1230 1547 1317 1565 unum
1336 1539 1371 1566 de
1388 1541 1586 1568 mercennariis
1605 1541 1669 1568 tuis.
1699 1542 1734 1569 20
1752 1543 1781 1569 et

131 1597 249 1624 surgens
261 1588 339 1616 venit
356 1589 392 1616 ad
411 1589 521 1623 patrem
534 1596 623 1615 suum.
654 1596 716 1615 cum
736 1589 831 1615 autem
849 1589 940 1616 adhuc
955 1589 1038 1624 longe
1051 1590 1130 1622 esset,
1149 1589 1222 1617 'vidit
1239 1590 1319 1617 illum
1339 1592 1421 1626 pater
1438 1593 1467 1619 et
1487 1592 1676 1620 misericordia
1687 1594 1780 1620 motus

131 1642 175 1668 est
198 1635 230 1668 et
245 1649 390 1668 accurrens
412 1639 515 1668 cecidit
537 1648 621 1675 super
645 1640 747 1668 collum
772 1640 833 1668 eins
857 1642 886 1667 et
908 1641 1050 1668 osculatus
1069 1643 1112 1668 est
1132 1641 1221 1670 illum.
1250 1663 1274 1670 ..
1292 1643 1327 1670 22
1350 1643 1423 1670 dixit
1446 1645 1527 1678 pater
1544 1645 1580 1671 ad
1605 1653 1698 1672 servos
1716 1645 1780 1672 ‘cito

130 1692 252 1727 proferte
274 1692 376 1720 stolam
401 1692 520 1728 primam
545 1693 574 1719 et
598 1691 710 1720 induite
730 1691 811 1719 illum
837 1693 866 1719 et
890 1692 956 1719 date
979 1693 1096 1720 anulum
1119 1693 1149 1720 in
1171 1702 1286 1721 manum
1305 1715 1329 1722 ..
1348 1695 1382 1722 23
1407 1696 1436 1722 et
1461 1695 1594 1723 adducite
1612 1697 1732 1724 vitulum
1752 1698 1782 1723 et

131 1743 250 1772 occidite
267 1745 297 1771 et
314 1744 467 1779 epulemur,
484 1743 520 1772 24
536 1743 605 1778 quia
623 1743 670 1771 hio
687 1743 762 1771 filius
779 1752 857 1771 meus
876 1765 882 1771 .
893 1765 900 1771 .
918 1745 1038 1772 revixit?
1067 1746 1102 1773 25
1120 1747 1182 1773 erat
1198 1747 1294 1774 autem
1313 1747 1386 1774 filius
1405 1747 1465 1774 eius
1484 1748 1577 1775 senior
1595 1748 1624 1775 in
1643 1757 1719 1783 agro.
1751 1750 1781 1775 et

131 1805 194 1824 cum
211 1795 320 1824 veniret
342 1797 372 1823 et
394 1796 634 1831 adpropinquaret
658 1795 767 1828 domni,
790 1796 902 1823 audivit
924 1797 1119 1832 symphoniam
1143 1799 1172 1825 et
1196 1798 1318 1826 chorum.
1353 1799 1387 1826 29
1407 1820 1430 1826 ..
1450 1799 1523 1826 dixit
1545 1800 1621 1834 patri
1639 1808 1689 1827 suo
1708 1803 1781 1827 ‘ecce

130 1850 176 1876 tot
192 1847 274 1876 annis
298 1847 388 1875 servio
409 1847 463 1875 tibi
482 1849 511 1874 et
532 1856 685 1882 numquam
703 1848 867 1875 mandatum
892 1850 972 1876 tuum
991 1849 1123 1883 praeterii
1143 1851 1172 1876 et
1194 1859 1348 1885 numquam
1374 1850 1443 1877 mihi
1467 1851 1570 1878 dedisti
1591 1851 1724 1884 haedum,
1749 1853 1782 1879 ut

130 1909 194 1929 enm
219 1899 317 1928 amicis
338 1899 407 1927 meis
429 1900 571 1935 epularer:
594 1900 630 1927 30
653 1899 702 1927 sed
720 1901 870 1935 postquam
893 1900 967 1927 filius
993 1901 1059 1928 tuns
1078 1901 1136 1933 hic,
1159 1901 1208 1935 qui
1232 1901 1378 1929 devoravit
1400 1902 1586 1930 substantiam
1614 1912 1693 1931 suam
1719 1912 1781 1930 cum

131 1951 336 1985 meretricibus,
355 1951 447 1984 venit,
469 1950 596 1979 occidisti
615 1950 658 1978 illi
676 1951 815 1979 vitulum:
846 1952 879 1979 31
902 1954 933 1979 at
951 1952 1011 1987 ipse
1029 1952 1102 1980 dixit
1120 1953 1163 1980 illi
1183 1973 1207 1981 ..
1225 1953 1260 1980 32
1278 1953 1394 1988 ‘epulari
1420 1954 1580 1988 oportebat,
1606 1954 1674 1989 qnia
1696 1955 1782 1982 frater

132 2005 198 2032 tuus
221 2003 268 2031 liic
290 2005 417 2031 mortuus
439 2005 502 2031 erat
525 2004 554 2030 et
575 2002 692 2037 revixit,
716 2003 838 2038 perierat
861 2005 891 2031 et
915 2003 1046 2031 inventus
1070 2005 1129 2031 est.'
1164 2004 1262 2032 Isidor.
1287 2004 1401 2039 Alleyor.
1414 2006 1466 2032 216
1483 2006 1536 2039 (Μ.
1554 2006 1596 2038 83,
1610 2006 1673 2040 126)
1698 2006 1781 2033 homo

131 2055 238 2083 habens
255 2055 326 2083 duos
342 2055 414 2083 filios
431 2055 500 2083 deus
519 2056 562 2082 est
579 2054 686 2082 habens
703 2055 774 2082 duos
791 2056 925 2091 populos,
948 2065 1066 2090 quorum
1090 2056 1179 2084 maior
1201 2056 1318 2091 figuram
1337 2057 1431 2084 tenuit
1448 2057 1627 2090 Iudaeorum,
1652 2058 1702 2092 qui
1719 2066 1782 2092 per-

131 2107 237 2135 mansit
252 2107 283 2134 in
300 2107 347 2135 dei
368 2107 460 2140 cultu;
484 2107 558 2135 alter
574 2107 668 2134 iunior
685 2107 826 2142 gentium,
851 2107 900 2142 qui
923 2107 1066 2135 conditore
1089 2107 1200 2135 deserto
1223 2116 1318 2135 servus
1342 2108 1434 2136 factus
1458 2110 1501 2136 est
1523 2109 1675 2142 idolorum,
1697 2117 1781 2144 quem

131 2167 182 2195 per
199 2161 354 2195 egestatem
371 2159 434 2186 fidei
454 2160 640 2186 revertentem
660 2159 812 2187 clementer
829 2159 950 2194 suscipit
967 2159 1035 2187 deus
1054 2162 1136 2195 pater
1154 2161 1184 2187 et
1202 2169 1252 2195 pro
1264 2159 1444 2187 conversione
1463 2160 1522 2188 sius
1540 2160 1591 2187 sub
1610 2160 1694 2188 vituli
1712 2162 1781 2196 typo

131 2211 261 2240 immolat
277 2211 366 2239 fllium
385 2211 511 2244 unionum
534 2211 637 2239 tribuit
658 2211 744 2239 etiam
767 2211 884 2239 anulum
909 2211 974 2239 fidei
997 2213 1027 2239 et
1049 2212 1123 2239 stola
1145 2211 1368 2239 immortalitatis
1391 2211 1486 2239 induit
1509 2220 1585 2244 eum,
1611 2220 1782 2247 quamquam

131 2263 252 2291 Iudaeus
269 2263 356 2291 fiataer
373 2262 469 2291 livoris
487 2265 653 2298 torqueatur
675 2253 798 2296 iniridiaq
825 2265 939 2299 propter
962 2264 1082 2292 salutem
1105 2265 1200 2292 tamen
1223 2264 1283 2291 eius
1306 2264 1442 2299 gaudium
1467 2263 1591 2292 concinit
1617 2264 1781 2299 angelorum

133 2315 308 2350 symphonia.

235 2367 373 2395 625—639
399 2366 468 2395 Luc.
497 2367 538 2399 10,
558 2366 594 2394 w
623 2366 705 2394 homo
735 2367 851 2402 quidam
882 2366 1069 2394 descendebat
1098 2366 1135 2394 ab
1159 2366 1333 2394 Hierusalem
1356 2367 1386 2394 in
1411 2367 1542 2395 Hiericho
1567 2368 1596 2395 et
1626 2367 1728 2395 incidit
1752 2367 1783 2394 in

133 2418 269 2452 latrones,
295 2418 344 2454 qni
368 2418 597 2454 despoliaverunt
625 2427 689 2446 eum
711 2420 741 2446 et
762 2418 856 2454 plagis
880 2418 1011 2454 inpositis
1033 2418 1177 2451 abierunt,
1207 2418 1341 2446 semivivo
1364 2418 1471 2446 relicto.
1506 2419 1539 2446 31
1565 2438 1589 2447 ..
1613 2419 1740 2446 sacerdos
1759 2439 1783 2446 ..

132 2469 307 2505 praeterivit.
334 2470 370 2498 32
387 2470 518 2498 similiter
529 2471 560 2498 et
572 2470 679 2498 Levita.
710 2492 716 2498 .
727 2491 733 2498 .
751 2471 786 2498 33
804 2470 997 2498 Samaritanus
1015 2471 1111 2498 autem
1129 2470 1246 2505 quidam
1265 2491 1271 2498 .
1283 2491 1289 2499 .
1308 2470 1498 2498 misericordia
1517 2472 1608 2498 motus
1621 2472 1670 2498 est.
1701 2471 1736 2498 34
1753 2472 1782 2498 et

133 2521 362 2558 adpropinquans
379 2522 512 2558 alligavit
528 2523 645 2551 vulnera
662 2523 722 2551 eins
741 2523 892 2551 infundens
911 2523 1004 2551 oleum
1023 2524 1053 2550 et
1070 2523 1166 2550 vinum
1185 2523 1214 2550 et
1232 2522 1313 2550 illum
1331 2522 1414 2550 duxit
1431 2522 1460 2549 in
1480 2522 1622 2550 stabulum
1641 2523 1670 2550 et
1687 2531 1782 2550 curam

133 2573 193 2602 sius
216 2573 284 2610 agit.
320 2574 416 2602 Isidor.
435 2575 548 2610 ΔΠῳοτ.
560 2575 612 2603 204
630 2575 683 2608 (Μ.
702 2575 744 2607 83,
759 2575 820 2609 124)
838 2575 928 2607 homo,
953 2575 1002 2609 qui
1025 2574 1212 2602 descendebat
1237 2583 1254 2601 a
1273 2574 1423 2601 Ierusalem
1450 2574 1480 2601 in
1499 2574 1607 2602 Iericho
1631 2575 1660 2601 et
1682 2574 1784 2601 incidit

133 2625 163 2652 in
180 2625 316 2658 latrones.
334 2626 395 2662 ipse
412 2627 503 2654 Adam
520 2627 659 2662 figuratur
676 2627 705 2654 in
723 2635 826 2662 genere
845 2636 908 2659 suo,
934 2627 983 2661 qui
1002 2627 1069 2654 dum
1087 2626 1231 2654 deseendit
1249 2626 1284 2653 de
1301 2625 1432 2660 paradiso
1456 2625 1572 2653 caelesti
1589 2626 1621 2653 in
1637 2625 1782 2658 mundum,

133 2677 234 2705 incidit
251 2677 281 2704 in
297 2678 413 2713 angelos
431 2678 619 2706 tenebrarum.
654 2679 706 2706 205
725 2679 917 2706 Samaritanus
936 2679 1061 2706 Christus
1081 2680 1124 2706 est
1140 2679 1233 2705 custos
1253 2679 1356 2710 noster,
1374 2677 1422 2712 qui
1442 2677 1476 2704 de
1495 2678 1572 2705 caelo
1589 2677 1734 2705 deseendit
1751 2679 1780 2704 et

131 2736 220 2764 genus
239 2729 391 2757 humanum
403 2739 422 2758 a
433 2730 595 2757 vulneribus
613 2732 790 2766 peccatorum
809 2730 927 2757 curavit.
955 2729 1110 2765 Hiormtym.
1124 2729 1251 2764 Exponit.
1269 2729 1302 2756 v'n
1314 2729 1381 2756 Luc.
1399 2729 1416 2756 1.
1429 2737 1451 2756 c.
1470 2729 1575 2764 (Miync
1592 2730 1635 2762 30,
1647 2729 1711 2764 592)
1730 2730 1783 2756 ‘in—

134 2779 210 2808 fudit
225 2781 288 2809 oleo
301 2783 330 2808 et
341 2782 416 2809 vino'
434 2781 584 2810 severitate
602 2784 631 2809 et
649 2782 790 2809 suavitate
809 2782 972 2817 scripturae,
991 2782 1114 2817 praemio
1134 2784 1162 2809 et
1182 2790 1279 2816 poena.
1312 2781 1355 2808 ‘ad
1369 2781 1523 2808 stabulum'
1541 2781 1560 2809 i.
1574 2781 1611 2808 ad
1629 2781 1782 2808 ecclesiam.

1522 2833 1578 2860 84·
