2040 2996
650 143 697 170 DE
715 143 947 171 RECTORIBUS
965 143 1205 171 CHRISTIANIS.
1693 149 1751 179 159

212 230 325 262 Multis
347 229 434 262 unde
458 229 542 261 dolis
565 230 706 272 optimus
728 231 784 263 ille
960 238 984 256 1³
1037 230 1123 262 Nam
1147 234 1283 263 caecant
1305 233 1415 264 oculos
1444 234 1531 275 regis
1554 233 1704 274 honores,

214 280 348 324 Anceps
371 281 408 313 fit
430 281 576 315 titubans
599 282 684 314 sicut
706 282 854 314 harundo
1037 282 1164 314 Aurum
1187 282 1319 317 divitiae
1343 284 1454 316 nubila
1476 285 1624 326 mendae,

212 333 412 376 Ignoratque
436 333 537 365 miser
558 333 693 376 figmina
715 333 791 365 falsi
1037 333 1158 366 Vultus
1181 334 1315 367 feminei
1337 336 1457 368 blanda
1480 338 1641 381 voluptas,

211 385 282 418 Nec
304 385 416 418 lucent
439 384 570 417 domino
594 385 716 418 lumina
739 385 824 418 veri:
1038 385 1113 417 Cari
1135 385 1278 418 falsidici
1301 398 1419 431 pompa
1442 391 1600 431 potestas.

913 516 946 538 x.

196 573 322 616 -Reges
345 577 465 619 terrae,
487 584 570 618 quos
591 575 678 607 male
701 578 797 618 gesta
1036 575 1201 618 Affligunt
1223 576 1320 608 nimis
1343 577 1395 609 hic
1419 580 1453 610 et
1475 578 1508 609 in
1531 589 1658 612 aevum.

210 625 430 666 Dedeborant,
455 627 620 659 similesne
642 626 794 659 videntur
1038 627 1125 664 Quid
1147 628 1271 661 floretis
1294 631 1446 672 tempora
1469 629 1583 663 fronde

212 677 323 720 Apris,
346 678 431 710 ursis
454 678 715 721 tigridibusque?
1035 679 1202 711 Ardentes
1224 682 1377 723 ostroque
1401 680 1547 713 decori?:

212 728 259 761 Hi
281 729 420 762 maiores
444 733 562 763 suntne
584 730 729 763 latrones
959 738 983 757 ¹⁵
1038 731 1129 768 Quos
1154 734 1326 774 exspectat
1350 731 1498 765 clibanus
1522 733 1617 776 ignis,

145 788 157 806 ⁵
211 780 449 823 Terrigenum?
473 781 618 814 rabidive
641 782 775 815 leones?
1039 782 1146 819 Quem
1169 793 1230 814 nec
1255 782 1350 816 sedet
1373 784 1522 817 roscidus
1545 785 1658 818 imber.

210 831 383 874 Unguibus
407 833 645 876 accipitresque
668 836 829 876 rapaces?
1038 833 1103 870 Qui
1125 833 1294 866 dominum
1316 835 1398 867 lucis
1422 846 1482 868 nec
1505 837 1633 877 amatis,

211 883 358 927 Contigit
380 884 556 925 Antiocho,
578 884 756 926 Pharaoni,
1038 885 1078 917 In
1101 885 1254 918 tenebras
1277 897 1334 919 vos
1358 887 1540 920 exteriores

209 935 334 968 Herodi
357 936 541 979 miseroque
563 936 671 968 Pilato
1036 937 1149 969 Ibitis:
1173 937 1238 969 illic
1262 938 1367 980 gloria
1389 942 1500 971 vestra

209 987 440 1023 Momentanea
462 988 600 1031 perdere
623 998 736 1030 regna,
957 996 982 1015 2⁰
1035 988 1141 1020 Areus
1164 990 1324 1022 marcebit
1346 991 1415 1022 sine
1438 991 1520 1029 fine;

130 1045 155 1064 ¹⁰
208 1038 290 1071 Cum
314 1039 412 1071 sociis
435 1039 626 1073 Acheronta
648 1039 777 1072 subire:
1038 1040 1147 1072 Iustos
1170 1051 1248 1073 vero
1272 1042 1361 1074 celsa
1384 1053 1501 1074 corona

210 1089 264 1122 Sic
287 1101 419 1134 semper
441 1092 598 1135 reprobos
620 1091 708 1124 mala
730 1090 849 1124 damna
1038 1091 1241 1125 Glorificabit
1264 1093 1387 1136 luxque
1410 1094 1519 1128 beata.

904 1222 945 1245 xi.

468 1280 625 1314 Conditor
648 1292 810 1325 supernus
833 1282 932 1322 orbis,
955 1282 1134 1325 imperator
1156 1282 1298 1314 omnium

466 1333 544 1375 Ipse
568 1336 696 1374 cuncta,
719 1343 804 1377 quae
827 1333 962 1374 creavit,
985 1333 1123 1376 pulchra
1144 1334 1223 1366 fecit
1246 1334 1376 1367 artifex.

465 1384 556 1418 Inter
578 1385 662 1418 haec
685 1388 796 1418 creata
819 1388 947 1428 septem
970 1385 1159 1428 pulchriora
1182 1386 1404 1428 praeminent:

467 1436 561 1469 Picta
584 1437 668 1470 caeli
691 1447 789 1480 spera
810 1437 892 1469 lucis
915 1437 1076 1470 emicante
1101 1437 1223 1480 gratim

402 1495 413 1513 ⁵
466 1487 564 1520 Alma
587 1488 666 1521 solis
688 1489 773 1521 inter
795 1491 884 1521 astra
907 1488 1149 1532 candidansque
1169 1490 1290 1532 gloria;

465 1539 515 1572 Ac
538 1540 659 1573 referta
681 1543 756 1584 post
778 1539 909 1574 bicorne
933 1541 1011 1573 luna
1034 1544 1174 1574 stemma
1196 1541 1331 1579 lumine;

466 1591 668 1625 Fructuosus
692 1595 725 1626 et
747 1592 912 1626 virescens
934 1593 1049 1625 hortus
1072 1593 1152 1626 flore
1177 1594 1376 1636 germinum:

468 1643 604 1676 Tethios
627 1644 853 1687 serenitasque
876 1645 946 1677 visa
970 1645 1118 1678 mulcens
1142 1645 1302 1683 omnium;

466 1695 607 1728 Sanctus
630 1707 669 1729 ac
692 1696 811 1729 chorus
834 1697 960 1740 piorum
984 1700 1017 1730 te
1040 1696 1137 1729 deum
1161 1697 1354 1735 colentium;

387 1754 412 1772 ¹⁰
464 1747 633 1780 Gloriosus
656 1750 754 1791 atque
777 1751 886 1781 rector
909 1749 1050 1792 optimus
1074 1759 1133 1792 per
1156 1750 1273 1782 omnia.

464 1799 626 1833 Liberalis
649 1803 683 1832 et
705 1810 842 1833 serenus
866 1801 1039 1833 sanctitate
1062 1801 1240 1844 praeditus,

464 1850 653 1894 Aequitate,
676 1852 819 1894 puritate
842 1852 949 1885 cordis
972 1853 1028 1885 ille
1052 1853 1245 1896 praeminet.

467 1902 572 1940 Quem
595 1903 706 1936 tremit
728 1904 1008 1947 superborumque
1033 1904 1302 1947 reprobum(que)
1329 1906 1479 1945 caecitas⁷

466 1955 530 1993 Qui
552 1956 656 1989 bonos
678 1957 816 1990 honorat
839 1960 956 2000 sponte
980 1957 1131 2000 largitate
1156 1958 1263 2000 regia:

391 2014 415 2033 1⁵
468 2007 599 2040 Pacifer
619 2007 739 2041 beatus
762 2009 818 2041 ille
841 2009 877 2041 fit
901 2008 1067 2051 (honusta)
1092 2009 1198 2049 vinea,

465 2058 636 2092 Trinitatis
660 2062 712 2093 est
734 2060 841 2104 imago
866 2060 964 2103 digna
988 2063 1075 2094 sorte
1099 2061 1263 2094 caelitum.

899 2191 950 2214 xu.

465 2247 603 2280 Fabrica
625 2249 714 2281 nulla
737 2252 830 2282 tenet
853 2250 1006 2289 stabilem
1030 2261 1090 2293 per
1113 2253 1262 2293 tempora
1284 2247 1430 2290 formam,

511 2299 547 2331 Si
569 2310 634 2332 non
658 2300 788 2333 fulturis
811 2301 889 2333 nixa
912 2302 955 2334 sit
976 2302 1032 2334 illa
1055 2302 1138 2339 suis;

204 2436 237 2463 14
253 2438 360 2464 111th
376 2447 443 2464 corr.
462 2439 551 2466 Maius
603 2440 664 2466 lima
677 2441 702 2466 P
717 2450 785 2467 corr.
803 2441 892 2466 Maius
980 2440 1012 2466 18
1030 2439 1082 2466 *an
1099 2440 1233 2466 scelesta?
1355 2440 1401 2474 [x.]
1420 2439 1437 2467 4
1454 2442 1499 2474 Hy
1510 2441 1536 2467 P
1620 2441 1637 2467 6
1658 2442 1750 2475 accipi-

98 2480 196 2513 tr'uque
210 2481 236 2506 P
325 2480 358 2507 13
386 2481 501 2516 *frondtss
529 2483 614 2516 proles
630 2483 656 2509 Ρ
751 2483 782 2510 16
806 2483 891 2510 *ledet
902 2484 927 2510 Ρ
1049 2482 1104 2516 [XL]
1131 2482 1146 2508 7
1168 2487 1239 2509 ortus
1255 2483 1281 2508 P
1299 2492 1366 2510 corr.
1385 2484 1474 2510 Maius
1564 2484 1582 2510 8
1599 2483 1712 2510 *mulcet
1727 2484 1752 2509 P

99 2521 117 2548 9
135 2521 182 2550 'ut
193 2523 218 2549 P
271 2522 324 2550 *tm
341 2524 404 2551 deus
419 2525 431 2550 ἵ
524 2525 557 2551 13
576 2524 702 2560 *superba
720 2526 762 2559 (a
778 2526 910 2560 superbia)
929 2536 979 2560 que
998 2527 1135 2559 reprobum
1152 2527 1253 2552 celsitas
1266 2526 1292 2551 P
1385 2526 1418 2553 15
1435 2526 1562 2553 *honusta
1579 2536 1627 2553 om.
1641 2528 1677 2558 P;
1699 2529 1748 2559 cfr.

99 2573 182 2599 supra
199 2575 220 2592 c.
237 2566 300 2599 VII,
315 2565 333 2593 4
427 2567 460 2594 16
482 2577 575 2602 ymago
587 2569 612 2595 P
731 2568 796 2603 [xm]
816 2569 942 2595 Nicolam
962 2570 1078 2595 &aarum
1103 2569 1134 2595 de
1152 2570 1336 2596 concordantia
1355 2570 1481 2596 catholica
1506 2571 1570 2596 liber
1587 2570 1646 2596 III.
1659 2571 1749 2604 praef.

100 2608 149 2641 sol.
160 2608 211 2634 LI‘
228 2609 256 2635 in
267 2610 375 2636 edicione
387 2610 478 2637 lodoci
492 2611 575 2638 Bada
586 2611 672 2639 Parin.
686 2615 746 2639 1514
765 2613 806 2645 (a
818 2614 895 2646 prelo
908 2612 1071 2645 Aecmnoss
1088 2613 1248 2638 Venerabilis
1262 2614 1381 2639 Sedulius
1396 2613 1499 2646 (rectius
1510 2613 1571 2639 ibid.
1584 2614 1626 2639 lib.
1639 2613 1699 2645 III,
1717 2613 1750 2638 12

98 2651 146 2683 fol.
163 2651 241 2678 LIX‘
264 2653 298 2678 Et
320 2653 381 2686 quia
402 2654 434 2680 de
456 2654 580 2688 regimine
604 2655 762 2689 reipublicae
786 2660 890 2682 sanctus
908 2655 1034 2687 Thomas,
1056 2655 1163 2688 Egidius
1186 2656 1217 2681 ds
1235 2657 1327 2688 Roma,
1351 2657 1471 2682 Sedulius
1489 2657 1592 2690 Seotus,
1614 2660 1674 2682 ante
1692 2657 1749 2682 illos

203 2737 258 2771 [m]
281 2736 320 2764 ’17
349 2737 426 2765 Faue.
450 2739 500 2772 IV,
515 2739 550 2766 99
578 2739 683 2767 blanda
712 2740 850 2774 voluptas.
979 2740 1026 2775 [Χ]
1050 2739 1083 2766 14
1101 2740 1168 2766 Aen.
1187 2740 1215 2774 V,
1237 2741 1286 2767 133
1308 2748 1344 2775 sq.
1369 2742 1499 2775 ostroque
1522 2741 1614 2768 decori
1633 2741 1637 2774 Ι
1658 2742 1749 2767 cetera

99 2786 220 2822 populea
238 2787 348 2816 velatur
365 2788 462 2817 fronde
481 2789 619 2819 iuventus.
