2060 3074
629 677 1584 759 PRAETERITA.

855 854 984 891 VITA
1012 855 1360 893 LEUDEGARII.

276 949 350 978 pay.
389 940 408 968 1
558 938 596 969 de
618 938 811 979 Leudeqarii
832 938 906 970 vitis
927 939 998 971 vide
1019 939 1080 972 Br.
1097 940 1237 979 Krusch,
1260 940 1303 974 N.
1318 940 1360 972 A.
1383 940 1476 972 XVI
1486 940 1558 972 565.

387 992 409 1022 2
552 990 744 1030 psalterium
776 991 974 1023 Luxoviense
1007 1001 1092 1024 anno
1121 993 1206 1023 1683
1236 1003 1258 1024 a
1289 992 1465 1024 Mabilione
1498 992 1638 1024 Iawom'i
1670 993 1785 1033 visum,
1818 997 1930 1036 postea

559 1042 722 1075 Ambrosii
749 1043 789 1075 F.
809 1042 912 1075 Didot
939 1043 1075 1083 factum,
1105 1054 1192 1076 nune
1221 1044 1362 1076 Parisiis
1389 1047 1446 1083 est,
1473 1055 1565 1076 nouv.
1594 1055 1661 1085 aeq.
1685 1044 1739 1078 lat.
1755 1046 1857 1086 2196,
1886 1046 1931 1090 cf.

559 1094 597 1126 L.
618 1094 736 1127 Delisle
758 1094 924 1136 Melanyes
950 1095 988 1127 de
1007 1095 1233 1137 paleoyraphie
1249 1107 1324 1137 pay.
1345 1096 1408 1127 154
1430 1099 1460 1128 et
1482 1096 1530 1128 M.
1553 1096 1662 1129 Stokes
1687 1097 1786 1130 Three
1807 1099 1931 1131 months

558 1147 595 1178 in
617 1146 667 1178 the
688 1146 802 1186 forests
825 1146 864 1187 of
883 1146 1006 1179 Franee
1021 1158 1098 1188 pay.
1114 1149 1188 1180 243.

384 1201 405 1229 3
427 1199 500 1230 adn.
516 1199 539 1230 2
555 1209 616 1238 pro
639 1197 888 1231 ‘monasterium’
911 1198 972 1240 leye
994 1199 1154 1232 ‘eeclesia’.

427 1251 503 1284 adn.
519 1253 540 1282 3
562 1251 646 1292 leye:
667 1250 827 1282 interdum
849 1261 870 1294 p
883 1261 1015 1292 quoque
1036 1262 1096 1295 pos
1119 1251 1273 1292 explicari
1295 1252 1389 1284 debet.

387 1305 408 1334 8
428 1315 455 1335 v.
495 1304 537 1334 93
559 1303 775 1335 medicamina
797 1303 883 1335 ferre
907 1303 1034 1336 Paulus
1057 1304 1095 1336 de
1114 1304 1313 1344 Winterfeld.

386 1357 406 1386 9
428 1366 455 1388 v.
473 1356 535 1386 119
557 1356 716 1388 remeavit
737 1356 946 1395 retinendum,
964 1366 1026 1397 pro
1050 1356 1170 1388 dudum
1192 1356 1327 1396 fortasse
1349 1356 1480 1388 tandem
1502 1357 1710 1389 scribendum.

432 1419 459 1439 v.
476 1409 539 1439 124
562 1408 601 1448 ef.
626 1407 751 1439 Heiriei
774 1408 849 1440 Vita
874 1408 1029 1440 Germani
1051 1409 1077 1440 I
1086 1409 1160 1447 338,
1183 1408 1273 1448 apud
1293 1419 1340 1440 me
1355 1418 1432 1449 pay.
1448 1410 1522 1440 447.

429 1470 457 1491 v.
475 1461 537 1491 131
560 1459 710 1492 Sedulius
736 1459 840 1493 Garm.
858 1460 1004 1500 paschal.
1027 1461 1092 1493 III
1103 1462 1144 1492 61
1166 1460 1212 1492 nil
1235 1463 1311 1493 vota
1333 1464 1487 1494 moratus.

366 1513 407 1542 10
429 1523 455 1543 v.
473 1514 536 1543 160
559 1513 670 1544 forsan
694 1516 750 1553 (z
767 1514 860 1554 casu)
882 1515 972 1545 reete.

367 1566 407 1595 11
429 1575 455 1596 v.
474 1566 536 1595 184
559 1564 689 1607 lignifer
713 1567 747 1596 et
768 1567 858 1604 reete,
883 1565 923 1605 cf.
947 1576 971 1597 e.
993 1576 1022 1606 9.
1046 1565 1139 1597 Beda
1161 1565 1199 1596 de
1220 1565 1386 1596 miraculis
1411 1564 1574 1597 cuthberti
1598 1566 1662 1597 III
1674 1566 1703 1598 5.
1815 1608 1820 1613 1

366 1618 408 1648 12
428 1627 455 1648 v.
471 1618 536 1649 226
551 1619 627 1657 post
648 1627 707 1648 rex
730 1616 795 1649 dele
818 1627 945 1650 comma.
971 1637 1010 1641 —
1033 1628 1061 1649 v.
1076 1618 1141 1649 241
1163 1628 1208 1649 an
1236 1627 1372 1651 merens.
1403 1617 1479 1660 quid
1506 1621 1603 1660 agat?
1631 1628 1707 1650 nam
1735 1619 1840 1650 metor
1865 1618 1929 1659 fre-

560 1679 659 1709 quens
680 1672 735 1701 est.

367 1722 407 1751 16
429 1731 456 1752 v.
472 1722 537 1752 373
559 1721 599 1761 ef.
622 1721 740 1752 Avitus
762 1721 807 1753 II
816 1722 890 1754 237.

367 1775 408 1804 17
429 1784 456 1804 v.
471 1774 536 1804 413
558 1776 678 1805 sertam
701 1773 786 1813 Neff.

367 1827 408 1855 18
431 1836 457 1856 υ.
473 1827 538 1856 470
559 1836 618 1857 nos
640 1828 729 1864 reete,
753 1826 793 1866 ef.
823 1825 930 1858 Ursin.
954 1825 999 1858 II
1010 1825 1059 1857 15.
1085 1845 1126 1849 -—
1150 1826 1236 1857 claro
1252 1835 1316 1866 pro
1338 1825 1424 1857 clara
1448 1825 1533 1865 Neff.

365 1877 407 1909 25
430 1888 456 1910 υ.
517 1879 537 1908 6
560 1877 599 1918 ef.
623 1878 745 1909 Arator
767 1878 811 1910 ad
832 1877 1025 1910 Florianum
1046 1889 1073 1909 v.
1090 1880 1110 1909 7
1131 1878 1238 1910 ieiuno
1262 1888 1411 1910 sermone
1435 1877 1565 1920 quidem
1589 1877 1647 1909 sed
1669 1878 1803 1920 pinguia
1825 1881 1931 1920 gesta.

364 1930 407 1961 29
429 1940 456 1960 v.
474 1930 538 1961 157
559 1933 631 1970 (pro
654 1930 732 1972 158)
755 1930 837 1962 haec
863 1930 902 1962 G.

430 1993 457 2014 v.
476 1982 538 2012 165
548 1984 653 2014 —167
674 1983 720 2014 sic
750 1982 994 2023 interpungendi
1023 1982 1171 2025 pervigili
1201 1981 1346 2014 excubiis
1377 1991 1453 2013 eura
1481 1991 1548 2013 nox
1579 1981 1650 2024 ipsa
1679 1983 1821 2021 tenetur,
1855 1983 1930 2023 post

560 2038 696 2066 ventura
718 2034 787 2066 dies
803 2045 927 2066 sacram
944 2035 994 2067 eui
1011 2034 1141 2066 tradere
1158 2035 1310 2077 palmam,
1333 2033 1486 2076 depulsis,
1509 2034 1619 2074 vellet,
1643 2033 1786 2065 tenebris
1801 2032 1929 2065 Aurora

561 2086 700 2118 rubebat
721 2087 857 2119 interea.
881 2106 921 2110 —
944 2097 971 2118 v.
989 2088 1051 2117 181
1068 2087 1180 2126 pot-ius
1203 2085 1372 2129 (sanetum)

367 2140 410 2170 32
434 2149 459 2170 v.
476 2139 541 2170 277
563 2139 684 2179 eorriyo
706 2149 832 2181 pugnas
856 2149 946 2171 aeras
969 2139 1094 2182 (pugna
1109 2149 1217 2171 sacras
1233 2139 1353 2180 eodem),
1377 2138 1414 2170 de
1436 2148 1497 2178 quo
1512 2136 1714 2177 metaplasmo
1736 2137 1807 2168 dixi
1821 2147 1893 2178 pay.
1911 2138 1933 2167 3

563 2191 637 2222 adn.
655 2192 685 2222 3.
1665 2215 1669 2217 Δ

368 2245 409 2273 34
432 2253 458 2274 v.
475 2243 538 2273 385
561 2242 622 2283 leye
644 2246 738 2274 terna
759 2245 870 2274 manet
892 2253 1032 2286 persona
1055 2242 1127 2283 deo,
1153 2242 1333 2275 substantia
1356 2242 1504 2285 simplex.

369 2296 412 2325 37
432 2305 459 2325 v.
476 2297 540 2326 477
562 2294 623 2335 leye
646 2295 750 2326 simili.

717 2443 970 2480 PASCHASII
998 2443 1245 2480 RADBERTI
1272 2443 1503 2480 CARMINA.

370 2529 412 2557 38
563 2528 599 2559 de
615 2527 771 2559 Radberti
785 2529 860 2567 vita,
884 2528 1038 2567 doctrina,
1062 2529 1206 2568 operibus
1227 2528 1270 2571 ef.
1287 2528 1372 2561 Seite
1386 2530 1416 2559 et
1431 2527 1557 2566 Hauek,
1581 2526 1930 2568 Real-Encyklopaedie

559 2579 585 2620 fl
618 2580 878 2619 protestantisehe
913 2580 1096 2621 Theoloyie²
1126 2581 1205 2612 XII
1217 2582 1299 2619 474;
1333 2579 1525 2618 Duemmler,
1562 2579 1752 2620 Allqemeine
1784 2579 1931 2611 deutsche

563 2630 757 2671 Bioyraphie
789 2632 934 2663 XXVII
951 2634 1030 2671 108‚·
1070 2632 1207 2671 Traube,
1244 2631 1498 2672 Abhzmdlunyen
1530 2631 1586 2663 der
1619 2631 1722 2672 bayer.
1755 2630 1931 2663 Akademie

563 2683 587 2713 I
602 2682 647 2715 Ol.
671 2683 762 2714 XIX
775 2683 838 2714 Bd.
862 2683 908 2715 II
919 2683 1012 2715 Abtk.
1030 2694 1106 2724 pay.
1123 2685 1187 2715 340
1209 2686 1238 2715 et
1259 2684 1294 2715 in
1317 2684 1368 2715 his
1391 2683 1498 2716 Poetis
1512 2683 1647 2723 passim.

372 2733 413 2763 39
434 2733 508 2764 adn.
523 2734 541 2763 5
564 2737 706 2766 actorum
733 2734 859 2766 concilii
887 2735 1029 2767 Parisiis
1056 2746 1140 2767 anno
1162 2736 1227 2767 847
1253 2735 1314 2776 (vel
1333 2736 1412 2776 846)
1439 2735 1542 2766 habiti
1568 2734 1727 2774 exemplar
1752 2733 1933 2766 corbeiense

564 2786 666 2826 (nunc
686 2786 898 2826 Beroiinense,
921 2798 948 2819 v.
966 2787 1058 2826 Rose,
1080 2786 1518 2829 Meerman-Handschriften
1533 2797 1610 2827 paq.
1627 2787 1706 2828 155)
1721 2788 1795 2826 post
1817 2796 1934 2837 episop-
