2060 3074
732 152 780 179 DE
797 152 1027 180 SOBRIETA'I'E
1044 153 1151 180 LIBER
1164 154 1198 181 ΙΙ.
1725 157 1787 188 653

506 236 616 269 Prima
639 238 711 270 tulit
732 238 834 271 hostis
857 240 952 282 prisci
975 240 1187 283 temptamina
1211 240 1366 282 Christus,

505 288 637 321 Esuries
660 291 749 322 cuius
772 294 956 333 suspectum
979 292 1102 324 fecerat
1123 292 1229 329 illum;

505 339 676 373 Accedens
699 345 874 384 temptator
897 343 955 375 ait:
981 344 1017 375 ‘si
1040 344 1122 375 filius
1145 354 1180 376 es
1204 344 1267 385 dei,

422 403 461 423 τεο
503 391 598 424 Haec
620 403 721 435 panes
744 404 824 425 saxa
847 405 918 426 esse
942 394 1043 431 iube’;
1068 396 1119 427 cui
1141 396 1287 438 protinus
1310 396 1364 428 ille

504 443 700 486 Moysaycae
723 445 806 487 legis
828 456 1017 488 responsum
1039 447 1180 479 reddidit
1202 450 1300 490 atque

507 495 616 527 Saxea
638 499 831 528 tractantem
855 507 916 528 ceu
938 508 1018 529 saxo
1042 499 1179 540 perculit
1201 499 1315 541 ipsum.

503 546 575 579 Nec
597 551 706 579 tamen
729 548 855 580 absistit
877 549 980 591 primo
1004 549 1066 581 hoc
1090 551 1266 582 certamine
1290 551 1403 590 victus,

504 598 619 631 Donec
642 599 685 631 ad
709 600 838 631 solitum
862 604 939 632 nota
962 601 1090 633 feritate
1115 601 1257 633 duellum

422 662 461 683 κε,
506 650 637 683 Viribus
661 651 716 683 ille
740 652 805 683 suis
829 652 953 684 audens
976 653 1099 684 maiora
1121 653 1250 685 rediret.

503 703 593 735 Mille
617 703 708 735 dolos
731 715 873 744 versans,
897 705 1021 737 animas
1044 709 1110 737 tres
1134 709 1243 738 mente
1266 716 1444 747 resumens,

505 755 572 787 Ter
593 758 773 798 prostratus
795 756 894 797 humi,
918 760 1031 800 captus
1055 758 1148 789 simul
1173 768 1228 790 ore
1251 758 1377 790 trifauci

503 807 679 850 Imperium
702 808 812 840 mundi
835 809 938 851 liquit,
963 809 1050 852 quod
1073 810 1186 841 fraude
1210 811 1353 842 tenebat.

505 859 595 892 Sicut
618 860 704 891 enim
727 861 833 892 lentus
857 860 1003 903 graditur
1024 872 1084 904 per
1107 872 1207 893 saxea
1230 873 1363 904 serpens

421 923 461 943 m
503 911 583 943 Post
605 922 663 943 sua
684 921 748 943 non
771 915 953 944 monstrans
975 913 1076 944 ullum
1099 914 1237 956 vestigia
1260 914 1393 954 sulcum,

505 963 578 995 Non
601 974 694 995 secus
717 964 751 995 in
774 963 902 996 Christo
926 965 1054 1007 peccati
1076 965 1211 997 vulnera
1234 966 1304 997 fixit

504 1014 630 1047 Hostis:
656 1015 688 1046 in
710 1015 772 1047 hoc
794 1016 898 1058 primo
921 1017 1056 1048 victoria
1078 1020 1206 1060 coepta,
1230 1017 1289 1048 sed
1311 1018 1366 1049 illo

505 1067 667 1110 Tempore
690 1067 837 1110 perfecta
859 1071 920 1109 est,
944 1078 1007 1111 quo
1031 1079 1111 1100 crux
1134 1067 1283 1100 Calvarie
1306 1069 1372 1100 fixa
1395 1072 1453 1108 est,

506 1118 604 1151 Cuius
626 1119 659 1151 in
681 1119 820 1151 ancistro
844 1120 961 1152 fortem
983 1119 1166 1152 Leviathan
1189 1120 1353 1152 aduncans

423 1184 462 1204 ππ.
505 1171 631 1203 Extulit
653 1172 774 1203 elatum
797 1172 878 1203 mira
899 1172 1018 1204 virtute
1043 1172 1256 1215 triumphum:

505 1223 617 1255 Fortia
638 1233 698 1266 per
719 1223 867 1266 geminos
890 1223 1071 1256 extendens
1094 1224 1226 1256 brachia
1249 1234 1355 1256 ramos

506 1272 623 1307 Oinnia
645 1276 813 1318 pertraxit,
837 1275 976 1318 pedibus
999 1286 1128 1318 quoque
1152 1279 1253 1308 strata
1275 1276 1414 1318 subegit.

505 1326 568 1363 Qui
590 1337 693 1369 genus
715 1327 889 1360 humanum
911 1328 944 1359 in
967 1327 1083 1360 radicis
1106 1328 1229 1370 origine
1255 1331 1376 1360 tactum

506 1378 572 1412 Ore
594 1382 756 1411 venenato
779 1379 902 1411 colubri
926 1380 1050 1422 pietate
1074 1379 1223 1420 redemit,

424 1443 464 1463 κω
506 1430 678 1473 Sanguinis
701 1441 744 1463 ex
766 1432 871 1474 pretio
895 1431 1113 1474 chyrographi
1137 1431 1248 1463 debita
1270 1432 1365 1464 solvit

505 1483 685 1526 Affixitque
707 1484 793 1515 cruci
815 1483 1034 1515 dominantem
1058 1483 1171 1516 fraude
1194 1487 1365 1526 tyrannum

504 1535 684 1575 Evacuans,
710 1535 827 1567 hostile
850 1536 961 1578 iugum
984 1546 1004 1567 a
1027 1536 1152 1568 cervice
1175 1536 1303 1567 reiecit:

505 1587 621 1620 Victus
641 1587 682 1619 ab
705 1587 767 1620 hoc
789 1587 922 1619 zabulus
944 1587 1136 1630 superabilis
1150 1587 1234 1620 'inde
1258 1590 1396 1627 tenetur,

507 1639 647 1671 Victoris
669 1639 696 1671 si
719 1639 804 1672 colla
826 1640 903 1682 iugo
927 1639 1108 1671 subdantur
1130 1639 1243 1671 amico.

422 1703 461 1723 πε.
504 1690 564 1723 Ille
587 1691 688 1731 iubet,
711 1691 739 1723 si
761 1690 848 1734 quod
870 1691 1014 1731 facimus,
1037 1691 1064 1722 si
1087 1691 1156 1723 iure
1179 1693 1328 1733 petamus

505 1743 682 1783 Auxilium,
705 1753 757 1782 ne,
781 1742 867 1786 quod
890 1743 1036 1783 facimus,
1058 1742 1144 1774 bona
1166 1746 1276 1774 nostra
1298 1746 1463 1785 putemus:

504 1794 609 1827 Nemo
633 1794 719 1827 cadit
741 1795 880 1837 gravius,
904 1805 1001 1837 quam
1024 1795 1078 1837 qui
1101 1795 1218 1827 virtute
1242 1795 1396 1837 superbit,

504 1847 658 1879 Deterius
680 1847 795 1885 nullus,
819 1857 915 1889 quem
938 1846 1123 1889 desperatio
1148 1847 1275 1888 frangit.

505 1899 610 1932 Omne
633 1899 753 1931 etenim
776 1898 895 1931 donum
919 1898 1087 1930 desursum
1111 1899 1259 1941 pervenit
1281 1899 1314 1930 in
1336 1910 1405 1939 nos,

423 1963 463 1984 πο
506 1951 611 1983 Omne
632 1951 751 1983 malum
771 1961 814 1983 ex
835 1951 928 1983 nobis
949 1951 1001 1983 vel
1022 1949 1109 1993 quod
1130 1951 1215 1982 male
1239 1951 1385 1993 suggerit
1405 1951 1519 1982 hostis:

507 2003 561 2035 Sic
583 2003 664 2035 deus
686 2006 736 2035 est
757 2003 899 2043 summis,
922 2003 967 2035 sic
988 2003 1083 2034 limus
1105 2003 1207 2044 surgit
1229 2002 1271 2034 ab
1293 2002 1374 2034 imis.

503 2055 596 2087 Haec
619 2059 668 2086 est
690 2058 801 2086 nostra
822 2054 914 2095 fides,
938 2054 1021 2086 hanc
1045 2054 1228 2096 quaerimus
1251 2053 1325 2086 inde
1349 2055 1496 2094 salutem,

506 2107 629 2140 Terrea
652 2108 707 2150 qui
731 2108 835 2147 celsis,
860 2108 1014 2139 caelestia
1037 2107 1165 2139 miscuit
1187 2107 1268 2144 imis,

505 2159 591 2191 Dum
615 2159 726 2202 procul
749 2162 839 2191 actus
862 2159 960 2190 homo
984 2169 1004 2190 a
1025 2158 1174 2200 paradiso
1199 2157 1343 2190 redditur
1365 2159 1468 2190 astris.

425 2224 463 2244 ιω
507 2211 579 2243 Hac
601 2210 753 2243 mercede
777 2211 907 2253 placent
930 2211 1023 2253 primi
1047 2210 1217 2242 commissa
1240 2210 1398 2252 parentis:

507 2263 542 2299 Si
564 2263 690 2295 caelum
714 2255 850 2305 capiam,
873 2263 954 2294 levis
978 2265 1030 2294 est·
1049 2262 1179 2293 amissio
1203 2264 1319 2293 terrae.

509 2314 664 2346 Materies
686 2314 811 2346 infirma
834 2325 952 2354 sumuS,
976 2313 1034 2345 sed
1058 2313 1170 2345 fortior
1193 2313 1287 2344 hoste
1312 2316 1370 2353 est,

244 2450 297 2478 259
314 2453 341 2479 di
353 2452 377 2478 Δ
464 2452 515 2479 261
534 2454 659 2487 Mosaycq
672 2453 696 2478 L
783 2452 834 2479 268
852 2453 933 2486 liquid
944 2453 969 2478 L

246 2528 306 2556 274.
321 2529 373 2556 275
400 2529 506 2564 δῆμον.
529 2529 628 2556 Moral.
649 2529 798 2556 XXXIII
808 2529 842 2556 20
868 2528 916 2561 (ad
943 2528 991 2554 Iob
1015 2529 1057 2561 40,
1074 2529 1109 2555 20
1135 2536 1171 2554 au
1199 2528 1344 2554 extrahere
1371 2527 1476 2562 poteris
1504 2528 1658 2556 Leviathau
1688 2530 1790 2565 hamo).

142 2579 203 2607 280.
215 2580 264 2607 281
285 2580 380 2607 Gelon.
399 2581 424 2612 2,
439 2581 471 2607 14
488 2580 583 2607 delens
601 2581 675 2615 quod
694 2580 824 2607 adversus
843 2588 893 2606 nos
912 2580 972 2606 erat
990 2579 1177 2613 chirografum
1195 2578 1322 2610 decretis,
1341 2578 1416 2612 quod
1435 2580 1496 2605 erat
1515 2580 1685 2607 contrarium
1703 2581 1793 2614 nobis,

144 2632 174 2658 et
190 2630 282 2666 ipsum
300 2631 368 2658 tulit
385 2631 420 2658 de
438 2632 538 2664 medio,
556 2632 673 2666 affigens
692 2631 761 2658 illud
781 2631 864 2658 cruci.
951 2631 1010 2658 289.
1021 2631 1073 2656 290
1091 2630 1179 2657 Iacob.
1200 2631 1222 2661 1,
1236 2631 1268 2656 17
1291 2638 1372 2656 omne
1391 2629 1488 2656 datum
1507 2630 1643 2665 optimum
1663 2634 1693 2659 et
1711 2641 1793 2660 omne

143 2682 247 2710 donum
266 2683 419 2718 perfectum
437 2683 580 2710 desursum
600 2685 642 2710 est
659 2683 828 2710 descendeus
845 2691 862 2709 a
880 2683 960 2717 patre
979 2681 1128 2714 luminum;
1148 2681 1233 2708 Iacob.
1255 2682 1277 2713 1,
1293 2681 1323 2708 13
1336 2689 1425 2713 nemo,
1444 2689 1507 2708 cum
1526 2682 1687 2717 temptatur,
1707 2684 1791 2716 dicat,

144 2733 277 2768 quoniam
294 2743 312 2762 a
329 2734 381 2762 deo
399 2736 564 2770 temptatur.
650 2735 702 2762 295
725 2734 831 2762 Lucam
851 2733 911 2761 137
930 2733 985 2760 iam
1005 2732 1088 2765 nihil,
1107 2741 1123 2759 ο
1142 2731 1244 2767 superi,
1264 2732 1419 2766 querimur:
1438 2733 1542 2760 scelera
1560 2733 1616 2761 isto.
1634 2735 1768 2770 nefasque
1788 2737 1791 2771 Ι

144 2785 197 2814 hac
214 2786 340 2815 mercede
357 2786 480 2822 placent.

248 2837 353 2865 Porus
371 2846 455 2866 unm
477 2847 536 2866 uvi
554 2826 678 2866 Cmonm
697 2837 745 2870 111,
762 2837 788 2864 2.
1555 2837 1590 2864 83
