2040 2996
279 104 340 136 228

842 103 984 132 SEDULII
1003 103 1133 133 SCOTTI
1151 104 1318 133 CARMINA
1335 104 1369 133 11.

643 190 787 224 Caesare
811 192 850 224 de
874 192 1004 234 gemino
1028 192 1122 224 floret
1144 192 1226 224 haec
1250 193 1346 225 tertia
1368 194 1488 236 palma,

689 243 795 286 Regia
818 245 915 276 stella
938 245 1036 276 micat
1059 244 1203 276 Caesare
1226 244 1267 277 de
1290 246 1431 287 gemino.

643 295 794 338 Ostriger
816 297 870 329 hic
892 297 1006 328 rutilat
1029 297 1127 328 bellis
1151 307 1317 339 cornuque
1341 301 1502 336 coruscat,

688 347 850 393 Egregius
873 349 1025 391 princeps
1049 349 1188 390 ostriger
1210 348 1263 380 hic
1286 349 1410 380 rutilat.

560 406 583 424 ¹⁵
645 398 833 432 Chrismata
855 401 947 443 pacis
971 403 1073 432 amat:
1097 411 1164 443 pax
1188 401 1245 432 olli
1268 411 1399 443 semper
1421 401 1605 438 habundet;

688 450 859 494 Septriger
880 451 934 484 hic
957 455 1063 484 rector
1087 452 1264 484 chrismata
1286 453 1376 495 pacis
1399 457 1496 485 amat.

1037 570 1164 592 Lxxvnl.

891 624 1004 657 ITEM
1027 624 1090 656 AD
1114 624 1311 657 BERTAM.

638 684 790 717 Caesaris
814 685 867 717 hic
891 685 1015 718 domini
1039 686 1253 728 deargentata
1276 687 1425 718 columba

684 737 776 769 Inter
798 737 1022 780 Francigenas
1048 738 1187 770 candida
1210 738 1312 770 Berta
1335 739 1428 778 nitet,

637 788 742 821 Stella
766 790 960 829 venustatis,
984 790 1101 822 niveae
1125 791 1271 822 rectricis
1295 791 1415 832 imago,

680 841 759 873 Flos
781 841 1005 884 Ermingardis
1030 842 1294 885 Caesareumque
1317 843 1427 874 decus.

569 899 580 917 ⁵
638 893 766 925 Nobilis
788 894 845 925 illa
869 894 931 926 fuit
953 897 1059 926 mater
1082 895 1270 937 rectrixque
1295 895 1402 935 beata,

679 945 809 977 Nobilis
833 946 867 977 in
890 957 1024 988 genere,
1049 946 1168 978 nobilis
1193 950 1291 989 atque
1315 947 1390 987 fide,

631 996 759 1028 Nobilis
783 997 816 1028 in
839 997 960 1029 sanctis
983 998 1139 1029 rutilabat
1161 999 1305 1030 moribus
1328 999 1395 1039 illa,

677 1049 805 1081 Nobilis
829 1050 861 1081 in
886 1060 984 1081 sensu
1005 1050 1239 1092 proloquioque
1262 1051 1332 1093 pio;

633 1100 756 1132 Sancta
778 1101 840 1132 fuit
864 1101 982 1140 studio,
1007 1102 1163 1133 caelestia
1188 1112 1318 1144 semper
1340 1103 1472 1135 amabat

549 1160 573 1178 ¹0
678 1152 784 1184 Omne
807 1153 930 1184 malum
955 1153 1097 1195 fugiens,
1122 1163 1218 1186 omne
1241 1154 1429 1197 bonumque
1453 1166 1608 1198 sequens*

630 1203 770 1236 Divitias
792 1204 904 1236 mundi
927 1205 1081 1247 despexit
1103 1215 1238 1237 munere
1262 1205 1398 1238 Christi:

676 1255 764 1287 Hinc
789 1256 962 1298 acquisivit
983 1257 1132 1299 praemia
1155 1268 1283 1289 summa
1305 1258 1390 1300 poli;

627 1307 679 1339 Ad
702 1307 828 1340 fontem
851 1309 961 1340 vivum
986 1309 1122 1340 sitiebat
1145 1312 1256 1341 mente
1279 1309 1391 1341 beata:

676 1359 763 1391 Hinc
787 1360 987 1392 desiderium
1010 1361 1101 1392 venit
1124 1361 1270 1403 adusque
1295 1372 1404 1398 suum;

549 1418 573 1435 ¹⁵
633 1411 743 1453 Larga
765 1411 828 1443 fuit
850 1412 1012 1453 manibus,
1035 1413 1147 1455 plures
1171 1413 1287 1445 ditavit
1310 1424 1432 1456 egenos

673 1462 742 1495 Ceu
767 1464 880 1496 stellas
904 1464 988 1496 caeli
1010 1483 1054 1487 —
1075 1465 1147 1507 quis
1171 1465 1358 1498 numerabit
1381 1468 1457 1498 eos?

626 1514 707 1551 Quis
731 1526 905 1548 numerare
929 1520 1040 1559 potest
1063 1517 1221 1550 doetusne
1245 1518 1391 1549 notarius
1416 1521 1497 1558 arte,

670 1566 809 1603 Quantis
833 1568 1000 1600 distribuit
1024 1579 1171 1610 munera,
1194 1573 1316 1612 quanta
1339 1569 1466 1602 dedit&

623 1618 709 1650 Hinc
733 1619 796 1651 sibi
819 1623 996 1663 perpetuos
1020 1621 1192 1653 thesauros
1217 1621 1362 1653 condidit
1385 1622 1492 1662 astris,

541 1676 566 1695 2⁰
670 1670 807 1703 Exultat
830 1673 970 1704 multum
992 1673 1045 1704 hic
1067 1673 1224 1705 tribuisse
1248 1673 1361 1710 deum;

623 1722 693 1754 Nec
716 1734 816 1765 parce
840 1725 939 1756 sevit:
964 1724 1125 1757 mercedis
1150 1725 1225 1757 hinc
1249 1726 1343 1757 metit
1366 1726 1520 1768 amplum,

667 1774 854 1818 Dapsilitas
877 1776 987 1818 largas
1011 1776 1117 1809 reddit
1140 1778 1255 1820 opima.
1271 1788 1382 1819 gazas.
1407 1796 1446 1801 —-

621 1825 722 1859 Cuius
745 1828 900 1860 nobilitas
923 1829 957 1860 in
979 1829 1080 1869 vobis,
1105 1829 1230 1872 optima
1251 1829 1363 1870 Berta,

668 1878 779 1911 Claret
802 1880 835 1911 in
859 1880 1031 1923 exemplis,
1055 1881 1200 1913 moribus
1224 1884 1323 1924 atque
1347 1882 1456 1914 bonis:

537 1936 562 1955 2⁵
627 1930 822 1973 Congaudet
843 1933 984 1974 populus
1009 1932 1105 1964 simili
1128 1936 1160 1965 te
1183 1934 1276 1976 prole
1299 1935 1455 1977 parentis,

666 1983 828 2015 Exultant
851 1985 948 2016 variis
972 1984 1066 2017 dives
1089 1986 1250 2028 inopsque
1273 1986 1388 2018 modis.

619 2034 800 2067 Terrenum
824 2047 978 2079 sponsum
1002 2037 1156 2069 caelestis
1179 2048 1265 2070 nunc
1290 2038 1377 2081 capit
1400 2038 1490 2070 aula:

663 2087 751 2119 Hinc
775 2088 834 2120 tibi
857 2099 943 2121 nunc
966 2089 1080 2121 melior
1102 2100 1241 2132 sponsus
1265 2090 1416 2132 inestque
1440 2090 1533 2122 deus.

615 2138 765 2171 Turturis
789 2150 867 2172 ecce
892 2150 997 2182 genae
1020 2141 1139 2173 florent
1161 2141 1222 2173 tibi
1244 2142 1363 2173 mentis
1387 2142 1557 2182 honestae,

533 2197 558 2215 ³0
662 2190 793 2223 Emicat
816 2192 954 2224 interius
978 2196 1088 2225 castus
1113 2204 1268 2236 amorque
1292 2193 1355 2225 dei.

616 2242 685 2274 Vos
708 2243 871 2286 niveaque
895 2245 979 2276 stola
1004 2255 1144 2288 sponsus
1169 2244 1338 2277 decoravit
1361 2245 1455 2277 Iesus

661 2296 770 2337 Atque
793 2295 973 2338 pudicitiae
998 2289 1118 2339 sparsit
1141 2297 1174 2328 in
1197 2307 1252 2328 ore
1276 2306 1377 2337 rosas,

615 2345 771 2378 Cinxerat
795 2350 828 2379 et
851 2348 987 2390 gemmis
1011 2348 1166 2379 virtutum
1190 2351 1305 2391 pectus
1329 2359 1516 2387 amoenum,

661 2397 773 2440 Elegit
797 2410 951 2442 sponsam
975 2410 1034 2442 spe
1057 2400 1193 2432 meliore
1218 2410 1321 2431 suam.

532 2456 556 2475 ³5
619 2448 771 2481 Caesaris
794 2450 878 2482 hanc
901 2451 1029 2494 prolem
1054 2462 1223 2491 conserva,
1248 2451 1390 2492 Christe,
1413 2452 1601 2494 benignam,

659 2501 746 2534 Huic
770 2504 980 2545 margaritae,
1004 2507 1117 2536 sancta
1139 2504 1255 2544 Maria,
1279 2504 1364 2536 fave.

345 2647 469 2681 [Lxxva
488 2650 527 2675 ed.
547 2650 698 2676 Dnemmler
716 2651 818 2677 Seduc'ii
836 2661 915 2677 carm.
935 2661 964 2685 p.
978 2651 1012 2678 33
1024 2661 1060 2690 sq.
1151 2652 1183 2678 12
1200 2653 1323 2686 uquisiuit
1342 2654 1365 2678 0
1383 2662 1449 2679 corr.
1468 2653 1618 2679 Duernmler
1705 2652 1738 2678 13
1755 2654 1862 2679 siciebat
1881 2654 1904 2679 0

240 2689 271 2714 21
293 2691 362 2727 seuit
383 2692 404 2716 Ο
482 2692 516 2717 29
535 2694 626 2719 florent
644 2694 690 2719 tibi
706 2694 878 2728 Wataeenbach]
898 2696 1049 2721 florentibus
1064 2695 1086 2721 Ο
1164 2695 1198 2721 34
1216 2705 1287 2729 spem
1309 2697 1332 2722 0
1352 2706 1419 2722 corr.
1438 2696 1588 2722 Dnemmler
1669 2701 1730 2729 pont
1747 2696 1782 2722 36
1800 2697 1869 2722 Finit
1880 2697 1903 2722 0

343 2766 470 2802 [Lxxvm.]
491 2769 503 2794 1
526 2768 581 2801 Cfr.
596 2769 710 2803 XLIII,
730 2771 754 2797 2.

845 2772 877 2798 19
895 2779 915 2798 e.
925 2779 949 2806 9.
965 2771 1071 2798 Iurene.
1091 2772 1114 2804 I,
1132 2773 1184 2799 650
1202 2772 1321 2799 Condite
1338 2773 1483 2799 thesauros
1501 2772 1580 2799 vobis
1597 2772 1628 2799 in
1646 2772 1750 2799 vertice
1768 2772 1847 2800 caeli.

2023 2153 2040 2277 -:.'h:9'vae-—

2023 2286 2040 2378 ..ἂ-ιι.
