2040 2996
819 137 1047 167 PROOEMIUM.
1703 146 1762 178 153

115 218 283 264 speciales
306 222 503 254 Francorum
532 226 734 266 protectores
766 228 841 256 sunt
870 225 1046 267 Dyonisius
1077 230 1199 268 martyr
1229 227 1378 260 dominus
1409 231 1574 272 preciosus
1608 231 1692 263 unde
1721 232 1763 263 sit

112 273 221 313 igmaro
243 274 301 313 cfr.
327 273 455 315 Greyor.
485 275 531 307 ed.
554 275 685 307 Krusch
697 287 734 316 p.
750 277 814 307 465
830 287 874 316 sq.
920 278 956 315 9)
981 277 1140 308 Polemius
1162 277 1281 310 Silvius
1307 280 1353 312 ed.
1378 281 1553 314 Mommsen
1575 283 1707 323 Abkdly.
1731 284 1761 315 d.

112 323 237 356 Saechs.
263 325 334 357 Ges.
351 326 380 357 d.
405 326 499 358 Wiss
514 327 580 360 III.
598 329 663 359 231
690 327 774 360 CIL.
791 329 818 366 I,
834 330 900 360 332
913 339 976 368 sqq.
1001 329 1093 360 Seeck
1115 330 1204 361 notit.
1228 331 1312 371 diyn.
1332 343 1364 371 p.
1380 334 1444 363 254
1459 344 1523 373 sqq.
1549 334 1642 366 Riese
1661 345 1761 375 yeoqr.

111 377 187 408 min.
212 379 275 408 130
295 389 358 418 sqq.
387 378 444 418 cfr.
469 379 601 420 Abhdlq.
632 379 733 418 VIII,
755 381 817 411 694
867 382 923 417 10)
952 381 1036 410 99-
1041 382 1102 411 106
1119 381 1311 414 Aratcorum
1339 384 1494 424 interpres
1520 386 1578 426 cfr.
1615 386 1762 418 Caesaris

111 422 235 459 Aratea
268 429 314 460 ed.
342 429 478 471 Breysiq
506 431 611 464 Berol.
636 434 722 463 1867
735 443 772 472 p.
795 431 964 463 XXVIII
1008 433 1066 469 11)
1097 435 1268 465 107-122
1296 435 1458 467 Manilius
1490 437 1518 469 C
1543 438 1632 477 apud
1657 439 1760 470 Iacob

112 481 169 521 12)
199 482 300 511 123-
308 483 371 512 137
398 482 507 515 Sidon.
530 482 635 523 Apoll.
669 484 814 515 carmina
847 484 953 515 omnia
979 484 1126 523 epistolae
1155 485 1282 517 selectae
1333 489 1389 527 13)
1422 490 1595 520 138—156
1626 489 1762 522 Paulini

111 530 228 563 Nolan.
257 533 402 564 carmina
428 534 486 574 cfr.
510 534 631 566 Auson.
657 534 798 567 Schenkl.
817 545 851 575 p.
875 535 985 567 XLII
1002 535 1126 575 Peiper.
1152 537 1304 569 XXXII
1350 538 1404 580 14)
1434 540 1604 571 157-164
1637 540 1759 573 Cassio-

111 583 221 615 dorius
242 584 280 615 de
302 585 461 621 inst.„div.
483 587 590 626 script.
636 588 692 626 15)
719 587 891 619 165-172
915 586 1042 618 Gitonis
1064 597 1160 619 carm.
1184 589 1230 620 cd.
1254 600 1279 621 e.
1301 600 1329 629 q.
1357 591 1494 630 Quercet.
1519 591 1577 624 SS.
1606 593 1677 624 hist.
1702 594 1759 625 Fr.

110 634 179 673 IV,
201 635 270 667 898
298 630 363 676 sqq.
423 639 479 675 16)
514 640 692 670 173-174
723 638 860 671 Wnrici
889 649 1015 670 carmen
1045 639 1092 670 ed.
1121 640 1236 671 Kraus
1263 640 1374 672 Jahrb.
1405 643 1435 674 d.
1464 642 1702 684 Alter-thumsfr.
1730 645 1759 676 L

103 696 140 726 p.
162 687 336 720 233—247
381 690 437 730 17)
462 691 633 721 175-178
653 700 780 722 carmen
802 690 958 722 Mettense
978 691 1072 722 cuius
1092 691 1220 723 ultimos
1246 691 1369 724 CXXI
1384 704 1491 725 versus
1514 695 1558 727 ed.
1580 695 1760 727 Duemmler

111 738 154 770 N.
169 738 211 770 A.
232 739 266 778 V,
281 742 346 771 433
359 752 423 781 sqq.
447 741 505 781 cfr.
524 741 586 779 XI,
603 743 666 773 643
679 752 744 782 sqq.
768 742 830 774 duo
852 741 962 782 hymni
983 742 1029 774 de.
1053 742 1086 775 S.
1105 742 1261 783 Goryonio
1283 744 1465 784 (descripsi)
1510 748 1565 784 18)
1592 748 1760 778 179-186

112 789 295 823 Theoderici
316 792 444 824 Solinus
469 793 617 825 metricus
639 794 696 833 cfr.
728 793 766 825 de
789 793 987 834 Reiffenberq
1008 795 1169 826 annuaire
1190 795 1220 827 d.
1238 795 1257 827 l.
1275 795 1343 827 bibl.
1361 807 1387 828 r.
1405 797 1434 827 d.
1452 797 1510 828 Br.
1528 798 1589 836 IV,
1613 800 1655 829 67
1672 809 1735 839 sqq.
1749 800 1758 818 1

111 841 295 874 sseoderici
320 844 358 875 de
385 855 462 876 cane
487 847 609 877 mortuo
635 845 770 885 fortasse
796 846 934 877 eiusdem
957 846 995 877 de
1016 849 1178 878 ventorum
1200 847 1286 878 turri
1313 847 1369 887 cfr.
1395 848 1520 879 Ritschl
1541 860 1589 888 op.
1606 850 1672 887 III,
1695 853 1759 881 838

109 893 169 925 loci
198 893 324 929 Vitruui
344 897 522 937 Auqustini
543 897 581 928 de
602 898 658 929 civ.
679 898 709 929 d.
729 897 858 938 Greyor.
881 897 926 929 ad
950 897 1111 929 Constant.
1128 899 1212 938 Auq.
1237 900 1381 930 carmina
1405 900 1441 931 de
1464 911 1591 932 nummo
1606 901 1759 933 Lactanti

109 944 256 978 Phoenix
276 948 472 988 epitaphium
494 948 620 980 Iuliani
641 949 688 982 ed.
710 949 748 980 de
771 948 970 990 Reiffenberq
991 959 1067 981 ann.
1091 949 1121 981 cl.
1138 949 1157 981 l.
1181 949 1250 981 bibl.
1274 960 1300 981 r.
1325 950 1379 988 VI,
1404 952 1487 982 1845
1498 963 1533 991 p.
1551 954 1614 983 117
1628 963 1691 992 sqq.
1717 969 1756 979 =

109 996 211 1029 buHet.
229 998 258 1030 d.
275 997 343 1030 l’ac.
358 999 422 1031 IX
430 1014 443 1033 1
458 1002 501 1032 30
521 1012 586 1041 sqq.
622 1003 678 1044 19)
702 1002 872 1034 187-200
895 1002 991 1033 ecbas.
1015 1004 1098 1041 capt.
1121 1002 1167 1033 ed.
1200 1001 1290 1042 Voiqt
1312 1003 1441 1043 Arqent.
1467 1004 1550 1034 1875
1579 1007 1698 1044 (apoqr.
1723 1005 1759 1036 in

108 1059 126 1080 c
147 1050 344 1090 130—1349
373 1051 530 1085 Aldhelmi
559 1054 740 1094 aenigmata
768 1054 889 1094 (apoqr.
919 1054 955 1085 in
982 1065 998 1085 c
1028 1055 1224 1091 130—137⁶)
1256 1064 1383 1085 carmen
1411 1054 1449 1085 de
1476 1055 1633 1086 mensibus
1655 1056 1758 1088 Linea

110 1099 240 1133 Christe
270 1105 344 1134 tuos
376 1104 480 1145 prima
506 1107 557 1136 est
587 1115 671 1146 quae
704 1105 849 1137 continet
878 1115 981 1136 annos
1008 1105 1190 1144 (descripsi)
1213 1105 1339 1137 Ausoni
1365 1116 1411 1144 ep.
1436 1105 1599 1137 LXVIII
1616 1107 1662 1139 ed.
1687 1107 1757 1138 Sch.

101 1162 139 1192 p.
153 1154 218 1184 214
241 1153 359 1186 Aviani
382 1155 442 1186 viri
473 1155 550 1187 clari
582 1155 622 1187 ad
654 1157 775 1188 amicos
804 1156 851 1187 cd.
874 1156 1041 1188 Baehrens
1064 1166 1100 1197 p.
1123 1155 1144 1187 l.
1166 1166 1207 1187 m.
1231 1156 1256 1187 I
1260 1156 1294 1194 V,
1324 1158 1386 1187 116
1410 1156 1558 1198 (quorum
1581 1158 1758 1190 carminum

107 1213 213 1245 apoyr.
237 1205 274 1236 in
295 1217 312 1237 c
335 1208 424 1245 137¹)
445 1218 554 1239 versus
576 1208 743 1239 cuiusdam
766 1208 851 1240 Scoti
873 1208 910 1239 de
933 1207 1096 1248 alphabeto
1119 1207 1165 1239 ed.
1189 1207 1247 1240 Bs.
1279 1207 1314 1246 V,
1337 1209 1400 1239 375
1427 1212 1548 1249 (apoqr.
1572 1209 1608 1240 in
1630 1219 1646 1239 c
1669 1211 1757 1246 137¹)

106 1255 277 1288 Hildebert.
301 1257 340 1289 de
360 1268 487 1291 nummo
508 1259 554 1291 ed.
582 1259 652 1292 Otto
674 1262 832 1292 comment.
855 1260 925 1291 crit.
952 1260 1037 1291 Giss.
1062 1261 1148 1291 1842
1155 1270 1191 1299 p.
1210 1262 1272 1291 163
1294 1271 1358 1300 sqq.
1383 1260 1440 1299 cfr.
1466 1260 1622 1292 Haure‘au
1645 1260 1664 1292 l.
1689 1261 1755 1293 mel.

102 1309 183 1347 poet.
205 1307 326 1340 d'Hild.
350 1309 457 1341 Paris.
495 1312 580 1343 1882
594 1321 630 1351 p.
653 1312 696 1342 39
717 1321 783 1351 sqq.
806 1315 927 1352 (apoyr.
951 1311 988 1343 in
1009 1322 1025 1342 c
1049 1312 1231 1342 123¹—124
1259 1322 1357 1351 usque
1385 1311 1428 1342 ad
1449 1322 1476 1343 v.
1495 1313 1571 1353 198)
1598 1313 1660 1344 duo
1682 1323 1756 1352 poe-

107 1359 208 1390 matia
230 1359 309 1391 mihi
330 1360 438 1401 iqnota
459 1361 626 1405 Deposcat
654 1363 799 1405 requiem
829 1374 902 1395 cum
931 1373 997 1395 nox
1024 1363 1172 1395 breviata
1201 1363 1349 1395 diurnam
1373 1365 1401 1394 ct
1426 1363 1460 1395 Si
1484 1367 1515 1395 te
1540 1375 1636 1396 nosse
1662 1368 1755 1407 potes

106 1409 187 1442 felix
211 1411 255 1443 nil
279 1413 418 1455 amplius
441 1417 533 1456 optes
555 1432 599 1436 ——-
621 1414 722 1446 Plura
745 1415 830 1457 petis
854 1425 917 1446 non
941 1415 1059 1457 plenus
1084 1415 1149 1446 eris
1173 1414 1276 1446 donec
1299 1415 1459 1447 moriaris.
1504 1417 1562 1453 20)
1584 1417 1757 1447 201-223

106 1461 239 1502 Arnulfi
265 1463 395 1496 deliciae
422 1464 498 1497 cleri
523 1465 569 1496 ed.
600 1466 740 1498 Huemer
767 1466 901 1498 Roman.
931 1466 1061 1498 Fors-ch.
1084 1467 1132 1505 II,
1160 1467 1224 1498 211
1253 1477 1317 1507 sqq.
1354 1477 1462 1498 versus
1491 1467 1528 1497 de
1559 1467 1636 1498 XII
1658 1468 1758 1499 ventis

111 1512 294 1554 Tranquilli
308 1515 429 1555 phisici
450 1517 496 1549 ed.
521 1517 750 1557 Reifferscheid
770 1519 855 1550 Suet.
883 1518 996 1558 fraqm.
1014 1529 1050 1558 p.
1073 1519 1137 1549 304
1160 1529 1224 1558 sqq.
1254 1528 1386 1562 carmen
1402 1518 1460 1558 qui
1487 1518 1606 1550 dicitur
1630 1519 1662 1550 S.
1687 1519 1755 1550 Au-

107 1565 258 1606 gustinus
286 1566 326 1599 de
357 1568 509 1601 laudibus
542 1569 593 1601 dei
621 1570 766 1602 editurus
796 1573 842 1602 est
867 1570 982 1602 Grosse
1008 1570 1066 1610 cfr.
1097 1570 1134 1607 de
1158 1570 1354 1610 Reiffenberq
1382 1569 1454 1601 bull.
1482 1570 1511 1600 d.
1543 1570 1610 1601 l'ac.
1635 1571 1672 1601 de
1694 1570 1754 1602 Br.

105 1615 165 1648 IX
177 1629 189 1648 1
204 1618 267 1648 151
281 1629 326 1659 sq.
349 1630 476 1652 carmen
497 1621 535 1652 de
556 1621 587 1653 S.
604 1621 709 1653 Lucia
731 1621 876 1653 editurus
898 1623 943 1653 est
966 1620 1103 1652 Harster
1118 1622 1302 1652 214-223¹
1319 1621 1467 1653 Sedulius
1503 1623 1561 1659 21)
1583 1623 1755 1653 224-231

106 1677 206 1700 novus
227 1669 377 1702 Avianus
407 1672 454 1704 ed.
481 1672 596 1704 Grosse
619 1672 794 1713 Reqimont.
819 1683 922 1714 qymn.
947 1683 1053 1714 proqr.
1083 1674 1168 1704 1868
1190 1677 1311 1713 (apogr.
1341 1673 1376 1704 in
1405 1683 1421 1704 c
1445 1674 1630 1712 138—142)
1658 1674 1754 1704 inter-

103 1719 211 1758 posita
233 1722 336 1753 satira
358 1723 394 1754 in
414 1723 516 1755 Italos
537 1724 636 1756 Nulla.
659 1725 749 1756 salus
773 1729 829 1756 aut
851 1735 916 1767 pax
932 1725 1044 1757 veniat
1067 1725 1126 1756 tibi
1150 1735 1231 1766 gens
1255 1725 1430 1756 tenebrosa
1454 1743 1493 1747 —
1518 1725 1590 1756 Hoc
1616 1725 1642 1756 si
1666 1726 1754 1757 fece-

110 1771 180 1803 ritis
197 1774 386 1815 peccamina
402 1779 510 1808 vestra
525 1776 680 1808 recedent
694 1776 752 1816 cfr.
769 1777 806 1808 de
824 1776 1022 1816 Reiffenberq
1035 1786 1112 1808 ann.
1128 1778 1213 1807 1843
1220 1787 1256 1816 p.
1274 1778 1316 1807 77
1338 1780 1459 1816 (apoqr.
1479 1777 1512 1807 in
1527 1787 1542 1807 c
1559 1778 1754 1817 142-142‘)

108 1833 235 1856 carmen
249 1825 287 1856 de
297 1836 410 1867 puqna
423 1827 631 1868 Hastinqensi
645 1828 704 1868 cfr.
721 1839 745 1860 e.
760 1838 788 1869 q.
805 1827 953 1860 Potthast
967 1827 1036 1859 bibl.
1053 1827 1125 1859 hist.
1141 1827 1170 1866 I,
1187 1828 1250 1858 569
1265 1827 1485 1868 (apoqraphon
1500 1828 1535 1858 in
1551 1838 1566 1858 c
1575 1828 1754 1867 primorum

106 1874 231 1908 LXVI
247 1887 393 1910 versuum
415 1879 440 1919 f.
466 1880 555 1918 142¹)
581 1879 659 1911 Gen.
682 1882 762 1912 noct.
787 1880 884 1912 Attic.
909 1879 1006 1917 XIV,
1031 1880 1050 1910 5
1083 1878 1159 1917 XV,
1182 1881 1212 1917 3,
1236 1881 1256 1910 7
1277 1881 1308 1916 4,
1331 1881 1353 1910 3
1375 1879 1432 1919 cfr.
1463 1878 1541 1910 Gell.
1569 1879 1614 1910 ed.
1643 1880 1753 1910 maior.

106 1925 212 1959 Hertz.
228 1927 276 1967 II,
294 1929 458 1962 XLVIII.
473 1949 511 1954 —
529 1930 715 1964 carminum
730 1931 864 1973 sylloqen
880 1931 1031 1964 Sedulius
1046 1930 1171 1963 Scottus
1186 1931 1252 1970 ipse
1267 1931 1443 1962 instituisse
1457 1930 1574 1970 nequit,
1591 1930 1645 1961 sed
1660 1948 1702 1952 —
1717 1932 1754 1961 ut

105 1977 168 2010 huc
181 1981 300 2012 vertam
314 1981 407 2013 verba
422 1982 457 2014 in
471 1983 603 2014 maioris
615 1982 724 2015 Seduli
735 1982 892 2015 codicibus
904 1982 1025 2014 tradita
1041 2000 1079 2005 -—
1092 1985 1180 2022 ‘opus
1192 1982 1276 2013 inter
1287 1982 1429 2013 cartulas
1440 1982 1616 2021 dispersum
1627 1981 1754 2021 reliquit

105 2030 190 2070 quod
209 2031 401 2065 recollectum
427 2033 615 2066 adunatum'
637 2045 736 2075 neque
758 2037 863 2066 tamen
885 2034 938 2066 ‘ad
959 2044 1079 2066 omnem
1102 2033 1287 2074 elegantiam
1310 2033 1505 2074 divulqatum
1527 2033 1580 2064 cst’
1604 2043 1625 2063 a
1647 2033 1750 2063 nescio

104 2091 166 2122 quo
180 2082 290 2116 Musis
310 2086 420 2118 amico.
456 2086 590 2127 Sinyula
613 2088 757 2119 carmina
779 2088 852 2128 quis
866 2087 1008 2125 ediderit,
1035 2087 1125 2127 infra
1140 2088 1260 2118 textum
1275 2085 1437 2123 indicabo;
1459 2085 1525 2124 ipse
1544 2085 1645 2116 denuo
1660 2084 1750 2115 edam

105 2135 284 2176 amrapho
299 2136 469 2170 Pincharti
490 2139 526 2170 in
548 2138 743 2171 Duemmleri
764 2150 858 2171 usum
881 2139 1017 2179 confecto
1040 2139 1109 2179 (cui
1131 2137 1297 2177 Hauptius
1312 2136 1507 2168 Duemmleri
1529 2136 1625 2167 amici
1640 2138 1752 2175 roqatu

105 2187 334 2220 mendationcs
354 2189 428 2221 olim
442 2190 668 2231 adsperserat),
691 2190 888 2223 Bcthmanni
903 2190 1124 2222 Monumentis
1142 2188 1333 2221 Germaniae
1349 2187 1512 2225 destinato,
1537 2197 1605 2218 mea
1620 2187 1752 2226 denique

106 2237 208 2279 ipsius
221 2239 394 2274 collatione.
405 2242 498 2274 nisus
511 2253 608 2282 quam
622 2243 720 2274 huius
734 2243 815 2274 anni
831 2253 934 2274 mense
949 2241 1107 2274 Ianuario
1123 2240 1251 2272 institui
1266 2239 1342 2270 dum
1358 2249 1403 2270 vv.
1420 2238 1456 2270 cl.
1474 2239 1611 2270 Ruclcns
1637 2239 1752 2278 ‹liqnus

107 2299 134 2321 r.
157 2290 228 2322 bibl.
250 2291 337 2324 codd.
361 2296 465 2325 custos
486 2297 516 2326 et
541 2293 738 2326 Ouverleaux
759 2294 798 2326 ab
821 2294 927 2326 eadem
949 2288 1130 2325 bibliotheca
1152 2302 1199 2323 me
1221 2291 1375 2322 adiuvant
1401 2301 1524 2322 summa
1551 2301 1616 2330 qua
1637 2290 1752 2331 Belqae

105 2341 217 2380 florent
239 2343 434 2378 liberalitate.
471 2346 559 2378 Folii
575 2346 742 2379 Seduliani
763 2347 931 2387 imaginem
953 2345 1169 2386 fidelissimam
1193 2343 1324 2375 editioni
1339 2352 1416 2373 state
1432 2342 1587 2373 adneoeuit
1603 2342 1751 2374 Pircnne.

207 2395 275 2427 III.
320 2397 516 2438 Almendicis
543 2398 606 2430 loco
636 2398 727 2430 VIII
749 2398 894 2430 carmina
922 2397 1041 2428 addam
1071 2396 1110 2427 ab
1134 2395 1264 2435 Haqeno
1287 2395 1321 2426 in
1345 2394 1540 2425 carminibus
1566 2394 1662 2425 medii
1683 2394 1752 2425 aevi

104 2445 232 2479 Rornae
255 2449 340 2480 1877
356 2450 500 2491 primum
522 2450 668 2492 evolqatis
690 2451 805 2491 quibus
828 2450 988 2482 Ernestus
1011 2446 1194 2480 Duemmlcr
1216 2446 1325 2486 (cuius
1347 2445 1487 2477 muneris
1509 2445 1564 2476 hoc
1587 2448 1685 2476 totum
1707 2447 1752 2476 est

105 2498 188 2538 quod
209 2498 359 2532 Maronis
381 2501 564 2534 Leodoensis
585 2502 687 2534 Musa
712 2502 882 2542 reviviscit)
921 2499 1030 2533 Seduli
1063 2499 1183 2538 scripta
1211 2497 1398 2537 locupletare
1425 2496 1530 2528 voluit.
1581 2497 1642 2528 Sed
1671 2507 1752 2536 quae

105 2549 147 2582 N.
170 2550 211 2583 A.
233 2551 295 2590 IV,
317 2555 382 2585 317
402 2564 466 2594 sqq.
497 2554 615 2586 adtulit
643 2557 830 2595 argumenta
855 2563 892 2584 ea
918 2562 982 2584 non
1002 2550 1152 2588 suadent,
1181 2550 1247 2581 nisi
1268 2551 1305 2580 ut
1331 2548 1495 2580 credamus
1517 2549 1661 2580 carmina
1683 2549 1751 2579 sine

106 2601 198 2634 titulo
227 2603 349 2635 tradita
376 2615 397 2636 a
420 2604 595 2646 Scottiqena
625 2605 761 2646 quodam
790 2605 918 2636 condita
947 2614 1010 2635 esse
1034 2601 1160 2634 Sedulio
1186 2601 1314 2640 eiusque
1339 2600 1468 2639 scriptis
1489 2599 1664 2639 familiari:
1697 2610 1752 2631 ars

208 2733 234 2765 1)
253 2732 372 2760 Iudaeus
389 2741 446 2760 non
461 2736 498 2761 at
514 2736 545 2761 ut
561 2733 592 2761 de
611 2733 645 2760 R.
662 2733 820 2767 auspicatur,
845 2731 890 2759 sed
912 2732 985 2758 locus
1006 2731 1042 2757 sic
1063 2728 1243 2764 expediendus
1261 2729 1362 2761 Iudeae
1381 2728 1458 2763 regio
1478 2749 1484 2755 .
1502 2728 1532 2755 in
1556 2735 1588 2754 ea
1607 2726 1751 2754 Assaltitee

105 2781 196 2817 heus,-
211 2784 262 2817 csr.
282 2784 366 2812 Solin.
384 2785 422 2812 ed.
442 2786 589 2813 Momm
605 2795 631 2820 p.
646 2786 742 2813 XCII.

207 2834 311 2858 Portu.-
329 2841 413 2860 ιΑτικι
431 2842 489 2861 Αῑνι
505 2835 628 2862 cunum
648 2835 692 2861 111.
1512 2827 1547 2853 20
