2138 3106
842 182 994 210 MICONIS
1012 183 1188 210 CARMINA.
1776 186 1838 216 359

555 269 646 302 Haec
668 270 702 301 in
724 269 848 302 honore
872 271 975 312 patris
999 270 1171 302 Benedicti
1194 275 1259 303 stat
1281 271 1412 303 titulata

597 322 675 360 Ara,
698 322 806 353 ovium
830 325 944 364 pastor
966 322 1020 364 qui
1044 323 1105 354 fuit
1127 323 1278 354 eximius.

956 528 1075 561 CLIII.

554 594 584 626 O
606 606 709 635 sacer,
733 607 751 627 e
775 596 905 636 nostris,
929 595 1140 635 venerabilis,
1164 596 1257 628 affuit
1281 607 1375 634 unus,

599 647 664 684 Qui
686 647 765 679 mihi
785 651 877 690 parte
901 650 958 679 tua
981 647 1064 679 dixit
1088 647 1210 680 habere
1233 649 1317 681 vale.

555 698 696 742 Insuper
718 699 856 731 innotuit
878 700 1066 742 cupientem
1090 711 1225 732 cernere
1250 704 1396 733 nostram

599 750 647 783 Te
669 752 797 792 faciem,
820 755 932 784 nostro
956 752 1184 795 colloquioque
1208 752 1281 785 frui.

507 815 518 833 s
555 803 660 840 Quam
685 803 744 835 tibi
767 803 911 836 visuram
936 803 1018 836 cedo
1043 814 1116 836 cum
1141 814 1276 846 corpore
1299 815 1400 847 parvo

596 855 736 888 Instanti
758 855 951 895 ebdomade,
974 855 1081 894 credo,
1104 856 1261 898 Iovisque
1285 857 1348 889 die.

553 907 632 950 Ipsa
656 907 756 951 etiarn
778 908 944 951 proprium
970 918 1088 940 noscas
1112 919 1259 941 remeare
1283 909 1435 941 locellum

597 958 652 991 Me
676 962 802 992 tantum
826 959 912 992 velle
936 960 1134 1002 propitiante
1157 960 1235 998 deo;

554 1010 593 1042 In
617 1021 681 1053 quo
704 1011 920 1054 multiplicem
943 1011 1002 1044 tibi
1026 1023 1124 1054 posco
1146 1023 1280 1045 manere
1304 1013 1442 1045 salutem

490 1075 516 1094 ιο
594 1062 661 1095 Hie
683 1067 717 1096 et
739 1063 772 1096 in
795 1066 965 1096 aeternum
991 1064 1250 1106 congeminando
1273 1065 1369 1097 bona.

553 1114 623 1147 Iam
646 1115 723 1157 quia
745 1115 797 1147 hic
820 1116 928 1158 fulges
951 1115 1077 1155 studiis,
1102 1116 1208 1149 niteas
1232 1127 1331 1159 super
1353 1121 1449 1156 astra,

597 1166 670 1204 Quo
694 1167 815 1200 caritas
838 1168 962 1211 lampat
984 1179 1022 1200 ac
1046 1168 1176 1200 bonitas
1200 1168 1338 1201 redolet.

553 1217 627 1250 Hoc
649 1218 798 1251 feriendo
823 1222 899 1251 tuus
922 1219 1073 1263 deposcit
1095 1220 1189 1253 labra
1211 1221 1354 1263 gemella

595 1269 711 1303 Sidera
734 1281 912 1314 suspensos
936 1272 1004 1304 alta
1026 1275 1142 1305 tenens
1165 1273 1285 1305 oculos.

489 1334 514 1354 ιε,
550 1321 692 1354 Fundito
716 1325 816 1366 tuque
840 1334 956 1366 preces
979 1335 1038 1367 pro
1061 1335 1124 1364 me,
1148 1325 1345 1364 venerande,
1370 1329 1525 1365 sacratas,

599 1374 687 1406 Dum
711 1378 778 1407 stas
802 1375 916 1415 altare,
939 1387 959 1408 o
983 1387 1088 1416 sacer,
1112 1379 1188 1409 ante
1213 1388 1352 1410 sacrum.

553 1424 647 1461 Quod
671 1426 811 1468 supplex
835 1426 940 1468 rogito
963 1426 1055 1458 vultu
1078 1427 1196 1459 tellure
1221 1427 1361 1460 reflexo:

595 1476 666 1509 Nec
691 1487 752 1520 ego
776 1477 944 1510 reddendo
968 1478 1080 1521 segnia
1103 1489 1224 1522 eroque
1249 1479 1352 1512 vicem

551 1528 655 1571 Inque
678 1529 761 1562 meis
782 1529 893 1572 parvis
916 1529 1082 1562 dominum
1107 1531 1259 1574 precibus
1282 1531 1453 1574 rogitando

487 1592 514 1613 ω
593 1580 692 1614 Stans
716 1591 826 1614 coram
850 1583 955 1615 sancti
978 1582 1124 1616 Richarii
1146 1584 1279 1626 tumulo.
1417 1579 1419 1582 ’

0 1217 9 1291 „qm-,w
0 1202 4 1207 ·
0 1188 2 1190 -
2 1178 5 1179 ,
1 1145 7 1150 ι

0 1363 11 1399 21

0 1401 10 1431 Ξ

0 1448 13 1502 Ξ

0 1538 13 1568 ἒ

0 1589 11 1600 ,

953 1789 1070 1822 CLIV.

905 1853 921 1889 I
947 1852 979 1889 T
1006 1853 1035 1890 E
1064 1853 1112 1890 M.

552 1925 616 1958 Hic
638 1925 743 1959 Evam
765 1927 908 1970 loquitur
930 1938 1067 1971 serpens
1090 1928 1142 1969 ad,
1166 1929 1314 1972 coniugis
1337 1928 1432 1961 Adae

597 1976 750 2011 Sumeret
770 1982 807 2011 ut
830 1980 949 2012 malum
973 1991 994 2012 a
1015 1979 1147 2012 domino
1169 1981 1316 2014 vetitum.

963 2169 1060 2202 CLV.

909 2233 924 2270 I
951 2234 983 2270 T
1011 2233 1039 2270 E
1066 2234 1113 2270 M.

532 2323 534 2325 >
553 2305 676 2338 Oscula
700 2283 754 2338 hio
777 2306 848 2339 duri
872 2306 1021 2350 defigunt
1042 2307 1162 2340 blanda
1185 2308 1298 2340 leones

595 2357 707 2390 Divini
730 2359 830 2391 sacris
854 2358 1004 2392 Danielis
1028 2361 1188 2393 manibus.

287 2486 396 2522 [cust]
413 2498 431 2514 α
448 2489 561 2515 cau-*mine
577 2489 734 2515 antecedenti
751 2489 912 2516 distinximus
1018 2490 1031 2516 l
1054 2492 1138 2517 adsuit
1155 2501 1222 2518 corr.
1241 2491 1266 2517 B
1369 2490 1386 2516 5
1404 2499 1512 2524 paruum
1530 2499 1597 2516 corr.
1615 2489 1640 2515 B

288 2529 382 2564 [CLV]
398 2531 417 2557 2
434 2531 544 2558 *diuinis
562 2531 588 2558 B

286 2617 364 2651 23q.
371 2615 466 2644 widin
475 2615 610 2644 aecclesia
619 2616 710 2644 sancti
720 2616 864 2644 Benedicti
872 2617 962 2645 altare
971 2617 1066 2652 ipsius,
1078 2618 1106 2645 in
1119 2627 1173 2653 quo
1185 2620 1250 2646 sunt
1256 2619 1390 2654 reliquiae
1399 2618 1458 2646 eius
1467 2618 1616 2646 ctAnbonii
1626 2620 1655 2646 et
1661 2617 1833 2646 Columba-ni.

287 2667 557 2703 [cmm—CLXXI]
578 2668 721 2697 Miconis
737 2669 896 2696 videntur
913 2678 988 2697 cue.

223 2743 225 2746 ⁴
287 2719 405 2755 [CLIII-J
424 2720 509 2748 Mica
526 2722 560 2754 (v.
578 2721 596 2747 ὁ
614 2730 676 2748 cum
695 2730 810 2756 corpore
830 2723 928 2757 parvo)
947 2722 1097 2749 abbatem
1115 2722 1153 2756 (ἓ)
1170 2722 1326 2756 quendam
1344 2724 1512 2749 eoeternum
1529 2721 1721 2756 alloquitur.

287 2771 532 2807 [CL1v.—cLVL]
553 2772 665 2800 Tituli.

289 2822 405 2858 [CLIV]
423 2824 472 2857 cfr.
491 2832 512 2851 c.
532 2823 655 2859 CXXX.
