2040 2996
294 304 468 351 (VITA
503 304 707 378 BEATI
739 302 1151 350 LEUDEGARII
1183 305 1558 353 MARTYRIS.>

694 428 868 465 INCIPIT
895 427 1164 464 PROLOGUS.

468 503 621 535 Carmina
643 503 737 546 plura
759 503 865 535 nitent
888 501 995 534 studio
1018 502 1153 534 florente
1177 507 1320 545 peracta,

522 554 614 591 Quae
638 554 768 597 ingenio
791 554 871 586 clari
894 564 1108 596 composuere
1133 554 1206 585 viri:

466 606 630 639 Dulcifluo
652 606 734 638 haec
757 609 896 649 pascunt
919 605 1042 638 dociles
1065 606 1280 639 modolamine
1304 612 1441 647 mentes,

479 663 481 665 “
518 657 699 690 Infundunt
721 658 855 700 plectris
879 657 987 689 dulcia
1010 658 1108 689 mella
1133 658 1211 690 suis.

340 748 347 751 ί
403 717 432 742 ⁵„
466 709 650 750 Materiem,
672 713 709 741 ut
730 709 835 748 libuit,
859 708 1010 740 sumebat
1033 709 1168 750 quisque
1192 710 1356 751 magister,

519 760 670 793 Proferat
693 761 733 792 ad
757 771 875 803 purum
898 760 972 791 hinc
996 771 1077 802 opus
1100 761 1281 802 egregium.

468 811 533 844 Hic
556 813 722 855 euangelii
744 812 877 844 storiam
899 816 1075 844 resonante
1100 811 1243 843 Camena

519 863 618 896 Dulci
641 863 791 896 texebat:
815 863 959 895 carmina
981 873 1061 895 vera
1083 862 1187 900 dedit;

467 915 531 947 Hic
554 918 650 947 vetus
673 918 771 957 atque
795 925 915 946 novum
939 915 1020 946 mira
1042 915 1232 957 permiscuit
1254 919 1336 955 arte,

392 974 416 993 1⁰
519 966 671 998 Floribus
695 970 846 998 ornatum
871 966 1118 1009 composuitque
1143 966 1277 1003 librum;

468 1019 564 1050 Alter
586 1018 785 1061 apostolicos
810 1017 1060 1061 deprompserat
1082 1028 1136 1050 ore
1161 1019 1291 1050 labores

520 1069 758 1113 Expressitque
782 1073 875 1101 actus
899 1069 1049 1101 versibus
1074 1070 1240 1111 egregios;

468 1121 538 1153 Nec
561 1122 667 1153 minus
690 1125 724 1153 et
746 1125 875 1164 patrum
899 1121 1012 1152 vitalia
1034 1124 1129 1163 gesta
1151 1125 1284 1164 peracta

521 1173 737 1206 Christicolae
759 1173 886 1215 eloquio
910 1183 1124 1215 composuere
1149 1174 1212 1216 pio.
1236 1192 1277 1197 —-

395 1233 420 1252 ¹⁵
473 1225 609 1258 Occidui
632 1228 759 1257 tantum
782 1229 938 1267 quantum
961 1235 1037 1268 pars
1060 1224 1161 1256 distat
1184 1236 1256 1264 eoo,

522 1277 653 1309 Occulit
675 1280 712 1309 ut
735 1276 848 1309 stellas
872 1276 1026 1308 Phoebus
1050 1280 1084 1308 et
1107 1277 1297 1319 ignicomam,

469 1329 561 1371 Fago
585 1329 639 1361 vel
660 1328 800 1360 humiles
823 1329 976 1371 glescunt
999 1332 1173 1371 superante
1198 1332 1368 1370 genestae,

522 1380 674 1412 Excellite
690 1380 811 1412 densos
834 1380 982 1412 fraxinus
1007 1383 1040 1411 et
1063 1380 1193 1411 corilos:

472 1432 526 1464 Sic
550 1436 724 1476 superatus
747 1443 810 1475 ego
835 1432 1012 1475 sophorum
1035 1432 1199 1474 dogmate,
1224 1431 1312 1463 dicta

395 1490 421 1510 2⁰
521 1483 608 1516 Dum
632 1488 770 1524 scrutor,
793 1484 897 1523 iaceo,
921 1484 1019 1516 corde
1043 1483 1185 1525 benigna
1207 1494 1290 1515 meo.

470 1535 526 1576 At,
550 1536 577 1567 si
603 1546 795 1578 magnarum
818 1535 989 1567 cedrorum
1014 1546 1148 1578 carpere
1172 1546 1269 1577 poma

522 1587 650 1620 Tardus
673 1598 738 1620 non
761 1587 857 1620 valeo
881 1587 1005 1619 vortice
1029 1587 1204 1619 frondifero

471 1639 541 1671 Nee
565 1639 688 1671 fructus
711 1643 854 1678 teneros,
878 1638 978 1671 trudit
1001 1649 1082 1681 quos
1107 1639 1228 1670 cortice
1254 1638 1373 1681 palma,

523 1690 586 1722 Est
609 1691 689 1723 satis
712 1690 898 1723 umbriferis
922 1701 973 1722 me
996 1690 1154 1722 recubare
1178 1691 1271 1729 locis,

398 1750 423 1768 ²⁵
476 1741 572 1774 Unde
597 1753 671 1774 meo
693 1743 818 1785 gremio
842 1742 1022 1775 recidentia
1045 1740 1142 1785 poma'
1162 1741 1353 1774 recondam:

524 1793 652 1826 Sufficit
674 1794 726 1826 his
749 1793 878 1826 avidam
901 1795 964 1826 iam
989 1798 1138 1826 saturare
1162 1793 1292 1825 famem.

471 1845 525 1878 Me
548 1849 705 1888 patronus
728 1847 796 1888 agit
818 1849 928 1878 noster
951 1846 1004 1878 vel
1028 1845 1137 1878 dicere
1160 1856 1266 1888 pauca

525 1897 648 1930 Annali
670 1908 810 1941 propere
834 1909 920 1930 nunc
943 1897 1102 1930 redeunte
1125 1897 1189 1936 die,

474 1948 591 1981 Orbita
614 1949 691 1981 dum
714 1949 868 1982 reducem
891 1953 1103 1982 revocaverat
1127 1949 1268 1990 undique
1293 1947 1431 1985 turbam,

398 2007 424 2026 ³⁰
519 2001 613 2037 Quae
637 2002 783 2034 celebrat
806 2012 934 2034 sacrum
959 2001 1118 2043 sanguine
1142 1999 1341 2042 martyrium.
1367 2017 1405 2021 —

474 2052 631 2095 Quisquis
654 2064 746 2085 amas
770 2054 908 2085 recitare
933 2064 1023 2085 meos
1047 2063 1089 2084 ex
1113 2052 1224 2083 ordine
1250 2061 1372 2089 versus,

525 2104 653 2137 Littera
676 2106 703 2138 si
727 2105 848 2145 sordet,
873 2105 1000 2148 syllaba
1022 2105 1074 2136 vel
1097 2103 1223 2136 tibubat

216 2237 316 2262 dudum
334 2245 382 2262 om.
398 2237 421 2262 0
526 2235 559 2262 14
576 2237 677 2271 xpicole
691 2237 714 2262 0
820 2237 852 2262 15
870 2246 904 2269 aq.
921 2236 983 2262 *eoo
1001 2237 1072 2261 culat
1088 2234 1092 2268 Ι
1108 2235 1132 2260 id
1152 2239 1180 2260 ut
1195 2234 1217 2259 G
1326 2232 1358 2257 18
1376 2233 1468 2257 densos
1486 2232 1522 2256 cic
1537 2231 1559 2256 G
1663 2229 1698 2254 20
1716 2230 1758 2255 hs-

114 2280 220 2314 uissnam
235 2279 259 2306 G
276 2289 343 2305 corr.
358 2279 384 2304 P
486 2278 521 2305 24
538 2279 622 2305 ‘mere
640 2281 735 2306 cubare
749 2281 772 2305 G
875 2279 910 2305 26
926 2280 1031 2305 auidum
1047 2279 1070 2304 G
1088 2287 1155 2303 corr.
1169 2277 1194 2302 P

218 2357 231 2383 l
252 2356 341 2383 M.
349 2356 415 2390 pha.
429 2364 501 2383 com.
514 2356 534 2383 I
546 2359 619 2383 mdr.
639 2358 662 2388 1,
682 2357 695 2382 1
715 2357 846 2383 Carmina
865 2356 912 2390 qui
931 2355 1072 2390 quondam
1091 2354 1184 2380 studio
1203 2353 1317 2379 florente
1335 2350 1440 2385 peregi.
1517 2350 1534 2375 3
1547 2348 1675 2374 Aldhelm.
1687 2346 1760 2373 laud.

113 2408 176 2442 vim.
189 2409 224 2435 69
235 2416 269 2435 ac
280 2410 403 2435 mentem
421 2417 524 2443 magno
541 2408 630 2442 gestit
648 2408 838 2435 modulamine
857 2408 940 2442 pasci.
995 2408 1084 2433 Amat.
1098 2406 1120 2439 Ι,
1133 2405 1183 2431 267
1203 2403 1305 2430 dociles
1324 2401 1462 2428 advertite
1480 2401 1594 2426 mentes.
1681 2399 1696 2425 7
1715 2398 1762 2424 Ια-

113 2467 214 2486 venum.
283 2460 301 2486 8
315 2460 426 2487 Δηιὼν.
435 2460 504 2494 prol.
518 2460 544 2491 2,
555 2460 591 2486 20
608 2459 818 2494 Histoi-iamque
836 2467 953 2493 sequens
972 2457 1096 2484 carmina
1114 2464 1179 2483 vera
1197 2455 1303 2488 loquar.
1373 2453 1389 2479 9
1403 2451 1535 2479 Seduzius.
1606 2451 1638 2477 ll
1651 2450 1762 2476 Aratm:

115 2510 149 2538 13
166 2510 271 2538 Imm.
285 2511 371 2545 prad.
391 2511 424 2538 19
446 2510 550 2538 christi
574 2511 675 2538 vitalia
700 2513 788 2546 gesta.
887 2512 919 2537 16
943 2510 1050 2536 lut-em.
1069 2508 1119 2540 IV,
1140 2509 1187 2534 151
1212 2506 1368 2540 ignicomae
1388 2525 1414 2531 ..
1434 2503 1546 2534 stellam
1571 2502 1617 2535 cfr.
1635 2501 1761 2528 Aldhelm.

114 2561 189 2589 laud.
210 2562 274 2597 vira.
297 2563 349 2590 180
371 2562 469 2590 Sidera.
492 2563 635 2598 praeclaro
663 2563 766 2590 cedunt
789 2564 821 2589 ut
845 2562 950 2589 lumine
974 2560 1048 2587 solis.
1155 2558 1185 2584 17
1210 2557 1256 2583 Ge.
1275 2556 1320 2590 II,
1343 2556 1395 2582 434
1422 2554 1596 2588 humilesque
1623 2554 1763 2587 genestae.

115 2613 149 2641 18
165 2614 221 2642 Ed.
239 2613 265 2647 I,
283 2614 317 2641 14
340 2613 439 2641 densas
461 2614 577 2648 corylos,
601 2615 646 2648 ἄν.
667 2615 714 2642 Ge.
727 2615 769 2647 II,
787 2615 828 2641 65.
922 2613 956 2639 23
977 2612 1022 2638 Ge.
1042 2611 1079 2643 II,
1099 2611 1132 2637 74
1156 2618 1184 2636 se
1203 2630 1209 2636 .
1224 2630 1230 2635 .
1250 2608 1366 2635 trudunt
1392 2607 1427 2633 de
1450 2606 1552 2633 cortice
1574 2612 1700 2639 gemmae
1715 2605 1720 2637 Ι
1736 2605 1764 2630 et

115 2665 213 2692 tenues
230 2667 365 2700 rumpunt
382 2666 504 2697 tunicas;
522 2666 650 2694 AlAEndm.
663 2666 737 2692 laud.
750 2666 812 2700 vim.
827 2666 877 2692 168
896 2663 1028 2697 Dactylus
1047 2664 1079 2688 ut
1097 2661 1186 2687 dulcis
1205 2659 1347 2686 frondenti
1366 2658 1469 2685 vertice
1487 2657 1598 2691 palmae
1612 2657 1618 2688 1
1632 2654 1763 2682 truditur.

115 2716 150 2743 26
167 2717 275 2744 Aram.
286 2717 356 2751 prol.
371 2717 408 2744 ad
419 2717 512 2744 Para».
527 2718 562 2745 82
580 2719 741 2745 exsaturare
759 2717 868 2744 samem.
950 2715 984 2742 ⁶28
997 2715 1023 2741 S.
1038 2713 1219 2747 Leudeqarius
1236 2711 1340 2738 decessit
1358 2720 1383 2737 α.
1396 2710 1422 2737 d.
1437 2710 1482 2737 VI.
1497 2709 1569 2736 Non.
1583 2707 1698 2735 Octobris
1709 2710 1763 2733 ⁶78.

115 2768 150 2796 82
167 2768 248 2795 Aldh.
266 2768 297 2795 de
314 2768 392 2796 VIII
404 2769 447 2796 vie.
465 2770 516 2796 394
535 2769 631 2796 Litera
649 2770 671 2796 ai
692 2769 796 2796 titubet
816 2768 859 2794 vel
879 2769 953 2794 certe
971 2766 1080 2800 syllaba
1098 2766 1187 2791 nutet.
