2060 3074
828 170 1068 198 PRAETERITA.
1709 174 1770 204 753

653 345 872 382 CARMINA
900 345 1241 383 CENTULENSIA.

122 431 196 463 pay.
212 422 277 453 266
427 420 493 451 iam
522 430 602 451 nova
625 420 771 460 Hariulfi
800 421 895 452 editio
923 421 1072 452 adeunda
1099 424 1157 459 est,
1187 432 1282 461 quam
1308 421 1538 453 Ferdinandus
1559 421 1621 453 Lot
1640 423 1773 461 paravit

426 471 613 513 (Collection
635 473 673 504 de
695 475 793 504 tems
809 483 896 512 pour
917 473 1017 504 servir
1039 473 1060 504 ὰ
1079 473 1189 504 l’etude
1211 475 1239 504 et
1261 473 1282 504 ὰ
1297 473 1541 513 l’enseiqnement
1563 473 1600 504 de
1615 473 1771 512 l’histoirc‚

426 523 571 566 Hariulf
583 534 617 564 p.
632 535 667 564 p.
691 524 731 555 F.
753 524 822 562 Lot,
846 524 987 555 Parisiis
1010 525 1117 565 1894).
1143 544 1184 547 -
1207 535 1333 556 carmen
1355 525 1392 556 de
1417 524 1527 557 Cosma
1550 527 1579 556 et
1601 524 1772 564 Damiano,

425 575 510 617 quod
537 575 638 607 codici
666 575 893 615 Bamberyensi
914 575 953 606 L.
975 576 1042 607 III.
1063 577 1085 606 8
1110 576 1191 607 inest
1213 575 1268 618 (cfi
1293 575 1389 614 Rose,
1419 576 1550 608 Hermes
1572 576 1662 608 VIII
1670 577 1721 615 45,
1745 580 1773 608 et

394 620 397 621 ⁷
426 626 539 666 Jaeck,
575 627 658 659 Viele
684 626 857 667 Alphabete
879 629 932 659 etc.
964 638 1025 659 aus
1054 627 1114 659 (len
1142 628 1218 660 Hss.
1249 628 1306 659 der
1334 627 1512 660 Bibliothek
1541 639 1581 661 eu
1607 629 1772 669 Bambery,

428 678 507 719 fasc.
525 679 594 718 III,
613 678 672 720 fol.
689 679 752 711 III
764 679 808 720 7),
829 678 891 710 huc
905 689 969 710 non
979 678 1074 720 facit,
1096 689 1167 710 cum
1182 690 1220 710 ea:
1235 679 1354 711 Isidori
1367 680 1601 720 epiyrammatis
1614 683 1773 720 sumptum

426 731 469 762 sit
489 731 616 772 (Miyne
637 731 689 769 83,
706 731 806 771 1110)
821 731 999 771 paucisque
1020 731 1159 762 versibus
1181 733 1304 762 constet.

213 783 279 814 267
429 785 510 814 recte
530 783 653 814 monuit
675 781 712 814 P.
730 782 830 823 Lejay
852 782 975 823 (Revue
996 783 1130 822 critique
1145 783 1228 813 1891
1251 783 1295 814 ΙΙ
1307 793 1382 823 pay.
1399 783 1476 819 185)
1498 783 1619 815 Probae
1641 784 1773 815 codicem

433 833 648 866 centulensem
681 837 804 866 eaestare
838 833 979 865 Parisiis
1012 834 1095 866 inter
1127 834 1267 866 Puteani
1303 834 1397 866 libros
1433 837 1527 875 atquc
1554 838 1679 875 partem
1712 846 1774 867 esse

428 885 562 918 alteram
583 886 710 929 codicis*
727 885 985 917 nunc-Parisini
1006 885 1102 918 latini
1125 888 1218 918 7701.
1250 897 1342 927 ayam
1369 887 1407 918 de
1429 897 1462 918 eo
1483 889 1512 918 et
1534 887 1571 918 de
1593 890 1658 919 tota
1678 888 1775 927 stirpe

427 937 795 979 Franco-lanqobardica
813 938 849 969 in
864 937 952 977 libro,
967 948 1058 978 quem
1073 938 1111 970 de
1119 937 1370 979 palacoyraphia
1385 938 1488 970 latina
1503 939 1681 978 scripturus
1694 949 1773 970 sum.

214 990 280 1021 273
430 989 468 1021 dc
488 989 630 1022 Miconis
651 989 802 1030 florileyio
829 989 870 1029 cf.
894 989 1099 1021 Lachmanns
1121 989 1232 1030 Briefe
1259 1000 1304 1022 an
1331 990 1458 1030 Haupt,
1481 990 1693 1031 herausyeyeb.
1716 1001 1775 1022 von

435 1040 563 1080 Vahlen,
580 1051 656 1082 paq.
674 1042 737 1072 186
743 1051 755 1080 ,·
776 1041 870 1080 Ellis,
893 1041 1035 1074 Journal
1048 1042 1087 1082 of
1100 1042 1255 1083 philoloyy
1271 1042 1383 1074 XXII
1396 1043 1431 1081 9;
1452 1043 1588 1081 Bonnct,
1612 1043 1717 1074 Revue
1739 1043 1776 1074 de

421 1092 590 1134 philoloqie
613 1092 747 1125 XVIII
757 1093 829 1132 159,
852 1094 909 1134 qui
930 1093 1064 1126 codicem
1080 1093 1269 1126 Parisinum
1286 1095 1370 1126 1928
1390 1095 1534 1134 quamvis
1553 1094 1776 1134 interpolatum

427 1145 612 1178 accuratius
640 1145 815 1186 descripsit.
859 1146 994 1178 codicem
1025 1146 1222 1185 Leidensem,
1251 1147 1308 1187 qui
1337 1149 1381 1178 est
1409 1146 1492 1178 inter
1513 1146 1661 1179 Vulcanii
1683 1146 1777 1178 libros

427 1207 459 1229 n.
480 1198 524 1228 48
549 1197 605 1239 (cf.
633 1196 772 1238 Oataloq.
796 1197 940 1230 Leidens.
965 1208 995 1230 a.
1019 1200 1103 1230 1716
1119 1209 1194 1239 pay.
1215 1200 1304 1237 346),
1335 1199 1406 1230 iure
1428 1209 1450 1230 a
1471 1209 1518 1230 me
1546 1201 1685 1241 spretum
1713 1209 1777 1230 esse

427 1247 460 1282 S.
480 1249 521 1282 G.
543 1249 582 1281 de
603 1248 702 1287 Vries,
724 1249 849 1281 amicus
864 1249 1039 1288 Leidensis,
1062 1260 1110 1281 me
1126 1260 1188 1291 per
1210 1249 1332 1281 litteras
1345 1250 1504 1282 certiorem
1525 1250 1609 1290 fecit.
1626 1269 1667 1274 —-
1683 1251 1777 1282 codex

430 1300 571 1341 Reyinae
601 1299 776 1332 Vaticanus
809 1301 888 1340 215,
925 1302 982 1341 qui
1014 1301 1176 1344 Exemplo¹
1210 1301 1409 1333 diversorum
1443 1304 1608 1333 auctorum
1642 1303 1776 1334 eontinet

429 1355 446 1393 (
453 1351 550 1384 VAT.
565 1352 654 1392 apud
668 1354 741 1391 me),
755 1352 879 1384 saeculo
894 1363 976 1385 nono
993 1355 1123 1385 exeunte
1138 1353 1295 1385 Lauduni
1308 1354 1446 1393 scriptus
1459 1356 1514 1392 est,
1530 1354 1574 1396 cf.
1586 1354 1629 1387 B.
1645 1354 1776 1385 Gueter-

0 1417 4 1434 ῑ
427 1403 509 1443 bock,
531 1403 717 1446 Zeitschrift
735 1403 762 1446 f.
784 1404 874 1445 veryl.
899 1404 1192 1446 Sprachforschunq
1214 1405 1256 1436 N.
1272 1405 1313 1437 F.
1338 1405 1438 1437 XIII
1449 1407 1520 1444 103,
1547 1408 1577 1437 et
1598 1405 1773 1437 Mommsen

0 1445 7 1485 ἷ
429 1456 474 1488 ad
498 1455 660 1488 Chronica
682 1457 807 1488 minora
830 1457 874 1489 II
883 1458 957 1490 401.
981 1476 1022 1480 -
1044 1468 1072 1489 υ.
1089 1458 1132 1489 22
1154 1457 1193 1489 ab
1216 1458 1278 1489 imo
1301 1457 1362 1498 leqe
1384 1457 1469 1498 ‘qui’.

214 1509 279 1541 280
301 1519 327 1540 v.
389 1508 408 1539 5
430 1508 467 1540 in
488 1510 651 1548 amaram
673 1508 749 1549 leqe:
771 1508 851 1541 Stat.
874 1509 954 1540 Aah.
978 1509 1003 1541 I
1012 1510 1085 1541 223.
1110 1529 1149 1532 -
1174 1509 1219 1541 ad
1239 1520 1266 1540 v.
1281 1510 1326 1541 22
1348 1509 1426 1550 leqe:
1447 1510 1490 1541 29
1512 1509 1609 1542 VAT.

216 1561 283 1592 282
303 1571 330 1592 v.
366 1560 410 1592 82
430 1560 467 1592 in
488 1562 651 1600 apparatu
673 1559 751 1601 leye:
776 1560 926 1594 Cantabr.
1147 1593 1150 1598 ,

215 1612 281 1650 289
302 1622 330 1644 v.
345 1613 410 1644 281
431 1611 499 1652 ipse
520 1611 632 1643 Micon
647 1614 752 1652 potest
773 1612 946 1651 addidisse,
978 1623 1039 1653 quo
1067 1612 1134 1644 vivo
1156 1611 1374 1645 Wandalberti
1399 1612 1654 1654 martyroloqium
1670 1612 1778 1653 publi-

431 1665 538 1695 catum
561 1666 621 1702 est;
643 1663 698 1695 sed
719 1674 735 1696 e
755 1674 848 1696 versu
863 1666 937 1703 310,
961 1675 1051 1705 quem
1073 1665 1253 1705 nuperrime
1275 1664 1364 1704 apud
1381 1664 1535 1696 Milonem
1556 1665 1659 1697 detexi
1680 1665 1778 1704 (vitae

429 1714 572 1747 Amandi
606 1715 632 1747 I
651 1717 723 1754 71),
760 1726 799 1748 ne
832 1715 1070 1748 Bruxellensem
1105 1717 1230 1756 quidem
1263 1716 1397 1748 codicem
1429 1716 1492 1757 (B)
1527 1716 1779 1756 interpolationis

430 1769 584 1807 camertem
606 1778 671 1799 esse
691 1770 833 1808 apparet.
860 1787 897 1791 —
922 1779 949 1801 v.
969 1769 1035 1800 282
1061 1778 1220 1811 praecave
1252 1779 1316 1800 non
1345 1768 1424 1800 felix
1446 1779 1486 1800 ne
1516 1771 1549 1801 te
1572 1769 1647 1801 dum
1674 1769 1778 1801 nescis

432 1821 466 1851 et
488 1818 590 1851 audes
604 1819 744 1860 Euqenii
760 1819 904 1852 Toletani
927 1823 972 1852 est
988 1825 1100 1861 (carm.
1110 1823 1199 1860 part.
1223 1820 1248 1851 I
1257 1822 1279 1852 2
1300 1831 1326 1852 υ.
1341 1820 1371 1858 5,
1394 1821 1482 1860 apud
1497 1820 1608 1861 Miyne
1623 1821 1777 1868 872359).

216 1871 280 1903 291
301 1881 330 1904 v.
345 1871 408 1902 314
431 1870 557 1903 Sedulii
578 1881 642 1903 esse
663 1871 704 1912 (c.
721 1881 758 1911 p.
782 1871 807 1903 I
811 1871 841 1903 V
852 1873 908 1914 10)
930 1871 1183 1904 Maximilianus
1204 1872 1331 1905 Bonnet
1352 1873 1514 1904 indicavit.

216 1923 282 1955 292
301 1933 331 1956 v.
347 1924 412 1954 367
433 1922 523 1963 apud
543 1922 721 1954 Paulinum
744 1922 907 1956 Nokinum
935 1924 971 1956 in
999 1934 1096 1956 eamn.
1121 1923 1214 1956 XVI
1224 1925 1287 1955 169
1317 1924 1378 1965 (ed.
1402 1923 1518 1956 Hartel
1536 1934 1611 1965 pay.
1634 1925 1690 1967 75)
1721 1924 1780 1965 leqi

432 1973 558 2007 Paulus
579 1975 618 2007 de
640 1974 827 2015 Wnterfeld
849 1986 896 2007 me
918 1976 1033 2008 docuit.

217 2026 281 2058 294
303 2026 347 2058 ΙΙ
434 2026 472 2058 dc
492 2028 569 2058 nota
591 2026 633 2059 al.
656 2025 843 2068 conferatur
861 2027 1034 2060 admonitio
1056 2039 1072 2059 e
1093 2028 1195 2060 codice
1215 2027 1402 2059 Matritensi
1416 2027 1457 2059 A.
1476 2028 1517 2058 16
1538 2026 1612 2059 olim
1633 2037 1654 2059 a
1669 2027 1779 2059 Knust

431 2077 488 2119 (N.
501 2078 543 2110 A.
555 2077 614 2110 IV
623 2078 701 2117 544)
722 2081 751 2110 et
765 2079 950 2111 accuratius
960 2082 1070 2119 postea
1091 2079 1131 2112 ab
1146 2079 1262 2111 Ewald
1276 2079 1331 2118 (ib.
1351 2078 1403 2110 VI
1409 2079 1489 2117 285)
1505 2079 1678 2118 exscripta:
1700 2079 1778 2111 item

431 2130 685 2172 martirologium
716 2129 756 2172 (ie
786 2130 844 2173 (an
868 2130 976 2163 domni
988 2130 1019 2174 ἓ)
1049 2132 1118 2174 prbi
1145 2131 1237 2163 Bede
1267 2131 1397 2162 heroico
1427 2131 1638 2173 compositum
1665 2134 1778 2163 met-ro.

432 2183 466 2213 et
487 2181 635 2223 adverte,
667 2181 808 2225 prudens
831 2183 948 2224 lector,
978 2183 1052 2225 quia
1074 2183 1107 2215 hi
1130 2193 1256 2223 versus,
1281 2193 1361 2225 quos
1385 2182 1479 2214 obelo
1503 2185 1537 2214 et
1560 2182 1722 2214 ehrimono
1746 2183 1778 2214 in

433 2233 539 2275 eapite
562 2237 752 2276 prenotatos
774 2235 948 2275 inveneris,
979 2235 1020 2267 ab
1041 2235 1263 2278 Erehenperto
1290 2234 1448 2266 monacho
1471 2235 1656 2266 monasterii
1679 2233 1780 2266 sinoti

432 2284 605 2318 Benedicti
628 2285 669 2318 de
693 2290 797 2318 castro
822 2286 938 2318 Casino
962 2286 1041 2318 editi
1064 2290 1145 2318 sunt.

218 2335 282 2367 295
307 2346 339 2369 n.
355 2336 418 2368 III
434 2336 470 2368 id
498 2336 640 2369 Miconis
670 2348 750 2378 opus
779 2338 816 2370 de
845 2338 1039 2379 syllabarum
1067 2338 1256 2378 temporibus
1284 2337 1378 2368 etiam
1407 2337 1444 2368 in
1473 2337 1574 2368 codice
1603 2336 1676 2369 olim
1704 2337 1778 2369 Fis-

434 2389 609 2428 camnensi,
636 2399 723 2421 nunc
745 2389 967 2430 Rotomayensi
993 2401 1025 2422 n.
1050 2391 1136 2421 1470
1159 2388 1408 2430 (8⁰-Oataloyue
1429 2388 1452 2421 I
1467 2389 1545 2426 440)
1567 2388 1611 2420 ad
1631 2399 1689 2421 nos
1705 2399 1779 2430 pcr-

433 2441 525 2473 venit.

219 2492 284 2524 299
305 2502 333 2526 v.
370 2493 412 2523 61
434 2492 531 2535 inque
554 2493 625 2525 sinu
647 2493 751 2525 tenuit
774 2492 812 2524 P.
829 2493 866 2525 de
885 2492 1080 2533 Winterfeld.
1098 2511 1138 2516 -—
1147 2503 1223 2533 pay.
1239 2493 1303 2523 300
1326 2501 1461 2534 quorum
1483 2501 1565 2523 nune
1587 2501 1668 2524 unus
1688 2492 1779 2524 eaelo

433 2544 497 2576 iam
522 2543 687 2587 praesidet
710 2545 776 2576 alto
799 2544 885 2584 Neff.

220 2596 284 2627 303
305 2605 333 2628 v.
391 2596 414 2627 2
435 2595 474 2627 ab
496 2595 560 2628 imo
582 2595 644 2637 leye
667 2595 783 2639 [XXL]

219 2647 283 2678 305
304 2657 332 2678 v.
371 2649 411 2678 11
434 2657 509 2680 aree
532 2648 599 2690 poli
622 2650 760 2689 sanctus,
783 2657 880 2690 super
894 2647 1011 2679 rectius
1027 2647 1175 2679 distinxit
1189 2646 1233 2679 H.
1249 2645 1363 2686 Ilayen
1376 2645 1620 2686 (Literarisches
1639 2645 1780 2678 Central-

434 2698 512 2731 matt
535 2700 619 2731 1893
635 2710 670 2740 p.
686 2699 891 2740 251—254).

12 2741 44 2778 '⁴²2⁴
220 2751 285 2782 307
305 2761 332 2782 v.
371 2752 412 2782 14
435 2761 532 2794 quam
561 2752 716 2794 populum
739 2751 903 2782 Manitius
925 2749 1195 2791 (Wochenschrift
1213 2748 1242 2791 f'.
1271 2748 1365 2781 klass.
1394 2747 1565 2789 Philoloyie
1594 2749 1631 2780 X
1649 2759 1679 2781 a.
1697 2750 1782 2780 1893

430 2812 504 2844 paq.
523 2804 601 2844 629)
622 2803 689 2836 0011.
712 2805 735 2835 2
757 2803 834 2843 Ray.
857 2804 976 2841 24,16.
