2060 3074
842 125 1070 154 PROOEMIUM.
1719 135 1780 165 713

284 209 436 249 effstula:
469 212 580 241 notum
605 210 646 241 sit
668 209 832 242 dilectioni
848 215 987 253 vestrae,
1012 213 1099 255 quod
1115 214 1244 256 quidam
1259 225 1443 258 gyrovagus
1458 217 1634 248 monachus
1651 219 1780 250 nomine

285 259 494 302 Gothescalc,
522 262 577 304 qui
606 271 641 293 se
665 263 779 294 asserit
801 264 1003 296 sacerdotem
1030 266 1063 296 in
1085 269 1194 298 vestra
1216 268 1370 309 parochia
1393 268 1589 310 ordinatum,
1623 269 1663 301 de
1687 270 1782 302 Italia

284 315 373 346 venit
394 313 437 345 ad
466 324 525 345 nos
547 313 764 356 Moguntiam,
794 325 894 347 novas
918 317 1163 359 superstitiones
1191 322 1225 350 et
1251 321 1383 352 noxiam
1412 320 1589 353 doctrinam
1621 321 1661 353 de
1685 332 1779 364 prae-

285 366 500 398 destinatione
535 365 587 397 dei
621 365 826 398 introducens
860 370 893 399 et
926 369 1064 411 populos
1098 370 1130 401 in
1165 381 1307 403 errorem
1341 373 1471 404 mittens
1501 398 1508 404 .
1525 398 1532 404 .
1549 398 1556 405 .
1583 373 1666 405 hane
1702 384 1779 416 ergo

285 417 468 461 opinionem
499 427 603 460 nuper
633 417 665 448 in
693 417 817 460 synodo
850 418 937 460 apud
963 419 1164 462 Moguntiam
1192 422 1303 454 habita
1335 423 1376 455 ab
1408 434 1447 455 eo
1471 424 1640 456 audientes
1670 428 1703 457 et
1731 426 1779 457 in-

226 505 230 507 >
284 469 502 512 corrigibilem
534 479 608 501 eum
638 470 855 511 reperientes,
889 475 1052 503 annuente
1088 475 1186 515 atque
1216 474 1349 506 iubente
1384 475 1526 517 piissimo
1560 487 1638 518 rege
1670 480 1778 508 nostro

282 520 468 560 Ludowieo,
491 520 693 552 decrevimus
717 531 790 552 eum
815 532 887 553 cum
909 523 1092 564 perniciosa
1115 524 1260 556 doctrina
1284 525 1470 558 damnatum
1494 527 1622 559 mittere
1646 528 1688 560 ad
1710 539 1778 569 vos,

284 577 442 617 quatenus
464 581 539 604 eum
562 572 735 604 recludatis
764 573 796 604 in
819 577 926 605 vestra
949 575 1117 617 parochia,
1145 577 1230 608 unde
1260 578 1397 619 primum
1426 578 1606 611 inordinate
1635 581 1778 621 recessit,

258 625 265 626 ’
285 628 319 656 et
339 634 404 656 non
420 623 530 656 sinatis
553 633 628 656 eum
643 625 781 666 amplius
797 634 940 657 errorem
956 625 1075 658 docere
1099 631 1132 658 et
1147 628 1302 660 seducere
1318 630 1473 672 populum
1492 629 1707 663 Christianum
1724 656 1731 664 .
1748 657 1755 664 .
1771 657 1778 664 .

283 687 341 708 vos
368 677 467 708 etiam
495 675 645 708 valebitis
677 675 718 708 de
746 687 802 708 ore
833 677 916 718 eius,
951 678 1038 720 quod
1069 680 1180 720 sentit,
1214 681 1340 722 plenius
1369 681 1481 713 audire
1512 685 1561 722 et,
1597 683 1672 725 quid
1703 683 1778 716 inde

283 728 446 771 agendum
468 728 518 769 sit,
541 728 625 760 iuste
649 728 826 761 decernere
838 730 859 761 ¹.

385 790 458 830 (20)
495 788 706 821 Godescalcus
733 800 806 822 cum
835 791 891 830 iis,
923 791 981 831 qui
1012 792 1082 824 eius
1110 793 1271 833 complices
1298 794 1458 834 videntur,
1486 795 1523 827 in
1552 796 1778 827 monasterium

286 840 459 874 Orbacense
479 841 675 873 roduam-².

331 908 335 912 ’
384 903 458 942 (21)
480 901 680 933 Hincmarus
701 901 858 940 Rothmio,
881 903 1022 945 episcopo
1038 904 1266 944 Suessionensi,
1290 907 1327 938 ele
1345 907 1533 939 Godescalco
1555 908 1600 939 ad
1620 908 1778 940 iudicium

281 953 466 986 adducendo
486 953 627 986 scribit!

180 1018 235 1043 849
389 1015 462 1055 (22)
493 1014 536 1046 In
562 1017 715 1046 conventu
742 1014 958 1055 episcoporum
980 1017 1167 1056 provinciae
1195 1017 1359 1050 Remensis
1384 1029 1406 1050 a
1435 1019 1556 1052 Karolo
1583 1019 1676 1052 Calvo
1705 1030 1776 1052 con-

281 1069 387 1100 vocato
409 1069 439 1099 et
459 1066 550 1106 apud
575 1065 775 1099 carisiacum
798 1066 912 1105 habito,
935 1067 1102 1100 abbatibus
1127 1069 1313 1108 Corbeiensi,
1340 1070 1523 1110 orbacensi,
1546 1071 1778 1103 Altivillarensi

280 1122 310 1151 et
338 1118 448 1151 multis
474 1117 598 1150 clericis
623 1119 653 1149 et
679 1118 842 1150 machis
870 1118 1076 1152 Remensibus
1102 1123 1196 1161 atque
1227 1122 1323 1153 etiam
1351 1122 1583 1164 archiepiscopo
1607 1123 1778 1155 Semnensi

275 1171 511 1213 fflaesentsbus,
537 1170 748 1203 Godescalcus
769 1171 810 1203 ab
831 1171 1021 1211 Hincmaro‚
1044 1174 1101 1213 qui
1123 1176 1190 1205 tum
1212 1185 1282 1206 eum
1304 1175 1341 1206 de
1359 1174 1446 1216 facie
1467 1175 1629 1215 coynoscit,
1652 1177 1681 1206 et
1702 1174 1777 1206 aliis

281 1223 433 1264 episcopis
463 1222 609 1260 auditus,
631 1224 802 1262 postquam
829 1224 1017 1255 sententiam
1045 1235 1136 1256 suam
1160 1226 1342 1265 proposuit,
1373 1227 1568 1266 propositam
1593 1226 1777 1258 nullatenus

281 1276 426 1314 nmtavit,
447 1274 648 1307 adversarios
669 1274 888 1306 contumeliose
909 1276 1090 1316 redaryuit,
1113 1277 1289 1309 haereticus
1310 1281 1340 1309 et
1361 1278 1584 1319 incorriqibilis
1607 1278 1775 1315 invenitur,

278 1329 394 1361 honore
409 1325 619 1368 presbyterali
641 1325 807 1366 spoliatur,
831 1327 955 1359 tamdiu
983 1328 1095 1368 slayris
1117 1329 1320 1368 dilaceratur,
1349 1330 1445 1362 donec
1466 1340 1594 1362 accenso
1616 1339 1722 1362 coram
1743 1339 1776 1360 se

278 1380 347 1422 igni
367 1378 513 1417 libellwn,
535 1378 572 1410 in
593 1388 656 1418 quo
677 1379 852 1410 sententias
873 1379 1107 1419 scripturarum
1129 1383 1158 1412 et
1174 1384 1355 1414 sanctorum
1371 1385 1506 1422 patrum
1528 1382 1589 1413 sibi
1604 1380 1774 1421 coueyerat,

278 1442 360 1474 quas
389 1429 521 1463 concilio
549 1430 689 1469 offerret,
719 1431 786 1462 iam
811 1441 911 1470 paene
938 1432 1090 1464 emoriens
1117 1433 1186 1464 suis
1214 1434 1361 1465 manibus
1387 1434 1424 1466 in
1450 1433 1610 1473 flammam
1628 1432 1772 1472 proiecit.

280 1483 444 1516 Sententia
463 1482 504 1514 ab
526 1482 678 1522 episcopis
693 1483 934 1522 pronunciatur
955 1483 1046 1516 haec:
1077 1484 1176 1516 frater
1200 1484 1381 1525 Gotescalc,
1405 1489 1643 1518 sacrosanctum
1667 1496 1773 1518 sacer-

279 1535 396 1568 dotalis
418 1534 562 1577 mysterii
585 1533 741 1571 officium,
766 1534 853 1576 quod
875 1534 1102 1577 inregulariter
1125 1537 1285 1579 usurpasti
1315 1540 1348 1568 et
1370 1537 1403 1568 in
1426 1537 1547 1569 eunctis
1570 1537 1713 1569 moribus
1737 1547 1775 1568 ac

228 1631 230 1633 Ι
279 1587 386 1630 pravis
420 1585 544 1618 actibus
577 1588 675 1628 atque
706 1586 866 1628 perversis
901 1586 1053 1619 doctrinis
1087 1597 1126 1619 eo
1150 1587 1316 1620 'hactenus
1350 1588 1441 1620 abuti
1474 1599 1538 1620 non
1571 1589 1774 1631 pertimuisti,

276 1638 393 1671 iudicio
409 1637 538 1681 spiritus
554 1637 667 1678 sancti,
691 1638 780 1669 cuius
803 1638 929 1680 gratiae
953 1649 1068 1670 munus
1092 1642 1141 1671 est
1157 1639 1359 1679 sacerdotale
1376 1640 1525 1679 officium,
1549 1650 1608 1683 per
1623 1641 1775 1672 virtutem

276 1689 440 1733 sanguinis
463 1689 584 1721 domini
599 1689 699 1721 nostri
715 1689 791 1722 Iesu
808 1689 927 1722 Christi
950 1691 1078 1722 noveris
1101 1691 1159 1723 tibi
1183 1701 1264 1731 esse,
1288 1692 1314 1723 si
1331 1702 1459 1734 quoquo
1482 1692 1579 1724 modo
1596 1691 1773 1734 suscepisti,

274 1742 435 1774 sublatum
452 1745 495 1781 et,
518 1751 559 1772 ne
575 1741 710 1773 ulterius
733 1751 773 1773 eo
789 1741 879 1783 fungi
895 1752 1094 1784 praesumas,
1118 1746 1277 1785 perpetuo
1293 1742 1512 1780 interdictum;
1535 1744 1675 1786 insuper,
1699 1743 1774 1785 quia

275 1798 310 1826 et
337 1793 555 1826 ecclesiastica
583 1796 616 1825 et
646 1793 753 1825 civilia
774 1793 906 1835 negotia
934 1797 1045 1825 eontra
1073 1794 1272 1836 propositum
1303 1797 1337 1826 et
1365 1804 1484 1826 nomen
1518 1795 1667 1827 monachi
1697 1805 1772 1826 con-

275 1845 406 1877 turbare
439 1848 650 1877 contemnens
677 1845 749 1876 iura
779 1845 998 1877 ecclesiastica
1027 1846 1284 1888 praesumpsisti,
1317 1845 1492 1878 durissimis
1522 1846 1709 1878 verberibus
1740 1849 1772 1877 te

275 1897 426 1939 castigari
454 1900 488 1929 et
515 1895 692 1928 secundum
720 1895 957 1928 ecclesiasticas
984 1897 1112 1939 regulas
1141 1898 1304 1939 ergastulo
1334 1897 1456 1929 retrudi
1483 1898 1674 1929 auctoritate
1703 1897 1772 1940 epi—

275 1948 396 1991 scopali
430 1947 632 1981 decernimus
666 1952 713 1988 et,
747 1951 783 1980 ut
816 1948 857 1980 de
891 1952 1001 1980 cetero
1035 1948 1212 1981 doctrinale
1246 1949 1303 1981 tibi
1338 1949 1475 1981 officium
1514 1959 1668 1992 usurpare
1709 1959 1772 1980 non

275 2009 478 2042 praesumas,
515 2003 708 2043 perpetuum
748 2000 909 2032 silentium
951 2001 998 2032 ori
1037 2003 1091 2032 tuo
1133 2001 1249 2032 virtute
1287 2001 1412 2032 aeterni
1446 2001 1536 2033 verbi
1570 2001 1772 2043 imponimus.

276 2051 436 2084 Postremo
465 2051 636 2083 abducitur
666 2052 703 2083 in
736 2052 962 2083 monasterium
992 2051 1242 2090 Altivillarense,
1275 2052 1359 2092 quod
1397 2054 1442 2083 est
1472 2052 1508 2084 in
1539 2053 1642 2092 ipsius
1670 2052 1772 2084 Hinc-

274 2103 359 2136 mam·
380 2103 524 2142 dioeces-i,
546 2103 697 2143 quoniam
718 2102 887 2135 Rothadus
913 2104 980 2144 ipse
1003 2103 1154 2136 novitatis
1175 2113 1288 2135 amans
1310 2104 1340 2135 ei
1361 2103 1499 2143 amplius
1520 2103 1663 2135 resistere
1680 2114 1772 2143 posse

273 2165 338 2188 non
358 2154 484 2188 videtur
490 2155 512 2188 ⁴.

225 2302 251 2334 1)
269 2301 392 2329 Annales
410 2301 568 2329 Ber-tiniam
591 2300 630 2328 ad
653 2309 679 2328 α.
697 2304 761 2334 849,-
785 2300 985 2332 Hersl'eldenoes
1007 2300 1045 2327 acl
1065 2303 1129 2334 848;
1156 2300 1310 2327 xantenses
1326 2300 1365 2326 acl
1381 2303 1452 2332 848,·
1477 2299 1654 2326 Fuldensium
1672 2299 1771 2326 Vindo-

121 2350 246 2379 bonensis
262 2354 287 2379 et
304 2352 459 2380 Alione-uis
476 2353 584 2387 codices,
604 2352 792 2380 Herimannus
809 2353 976 2387 compilator,-
995 2352 1160 2379 Hincmama
1178 2352 1285 2387 (Miyne
1304 2355 1355 2384 125,
1368 2355 1410 2385 84,
1429 2351 1582 2384 Zeitschritt
1599 2351 1620 2384 s.
1642 2351 1771 2378 Kirchen—
1812 2346 1819 2350 ‘

120 2403 261 2438 qud-'dite
279 2403 310 2431 X
322 2408 384 2439 2⁶2,
403 2404 450 2432 88.
470 2404 555 2431 xm
564 2406 642 2438 500),·
667 2405 762 2432 Amolo
785 2405 890 2439 (Μᾶρκε
908 2407 959 2437 116,
973 2405 1026 2437 86).
1064 2404 1138 2438 Quae
1160 2404 1340 2431 Gadesealcus
1357 2403 1507 2431 Hincmaro
1531 2403 1645 2430 tradidit
1661 2403 1770 2437 semna,

120 2462 212 2483 eonon
237 2456 390 2491 fraumenta
416 2464 450 2484 a
474 2457 618 2484 Hinanwi
643 2457 675 2484 de
699 2456 944 2491 praedestinatione
969 2456 1037 2482 libro
1063 2456 1165 2490 colleyit
1192 2456 1342 2490 Mauyuin,
1373 2455 1492 2489 repetivit
1521 2454 1614 2489 Miqne
1640 2458 1696 2487 121,
1716 2457 1770 2481 365.

120 2505 283 2542 (ἔμπης-ιιι
300 2508 334 2535 ab
351 2508 484 2536 Hmbano
505 2509 660 2544 metiatur
683 2517 697 2535 e
716 2508 820 2542 Beyula
843 2507 979 2535 Benedidi
1001 2507 1053 2540 (ed.
1071 2507 1207 2540 Woelfflin
1224 2515 1288 2542 pay.
1306 2510 1330 2540 8,
1346 2510 1384 2540 21,
1403 2507 1436 2539 cs.
1455 2506 1578 2533 Kleinert
1599 2506 1658 2532 Zur
1680 2505 1771 2533 christ-

120 2557 206 2586 Rdea·
223 2558 469 2595 nunquamne,
489 2561 612 2588 Borolim·
631 2564 702 2594 1889,
720 2569 783 2595 paq.
799 2561 866 2592 280).
946 2561 974 2592 2)
988 2559 1155 2586 Hmcmarus
1171 2558 1233 2592 (SS.
1253 2559 1340 2586 XIII
1348 2562 1406 2592 500,
1425 2562 1483 2591 514,
1501 2558 1567 2590 517).
1643 2558 1671 2591 3)
1686 2557 1771 2584 Hinc-

119 2608 212 2638 sunoe
228 2610 304 2646 apud
323 2611 518 2646 flodoardum,
539 2613 588 2640 ss.
606 2612 687 2640 ΧιΙι
697 2616 750 2639 517.
837 2612 867 2646 4)
890 2611 1057 2638 Hammonis
1074 2610 1179 2644 (Μέρη
1198 2614 1250 2644 125,
1263 2614 1308 2643 69,·
1324 2614 1369 2643 85;
1389 2613 1452 2643 505,-
1469 2613 1532 2643 506,-
1550 2608 1596 2636 SS.
1617 2609 1771 2640 X1115oo,·

122 2664 185 2696 ³1⁴2·
211 2662 304 2698 ffiyne
322 2667 469 2696 121,1027,·
495 2664 647 2698 Zeitschdft
669 2665 691 2697 s.
710 2663 971 2697 Ko'reloenqoechichte
991 2663 1022 2689 X
1039 2665 1104 2695 308,·
1130 2662 1211 2689 codem
1236 2661 1374 2688 Remensis
1400 2668 1465 2688 καὶ,
1487 2661 1517 2687 X
1542 2668 1617 2687 nnnc
1645 2660 1771 2687 Berolini

119 2712 189 2741 im
206 2713 363 2750 Pho'ssipieos
380 2720 425 2750 89,
450 2717 487 2750 cs.
506 2716 576 2745 Rooe
599 2716 654 2743 Die
671 2716 716 2743 lat.
739 2714 1112 2747 Marivm-Hamischriften
1135 2721 1199 2748 paq.
1213 2715 1287 2748 186);
1314 2713 1481 2740 Prudentius
1506 2712 1543 2738 ad
1561 2715 1667 2743 α.849,·
1694 2714 1771 2738 testes

119 2765 220 2793 ouh&
239 2767 316 2802 apud
334 2767 457 2796 &bouem
481 2769 588 2803 (Miync
605 2773 660 2802 121,
672 2769 765 2802 1030),·
791 2767 823 2800 d.
840 2767 962 2794 Solu-cers
981 2775 1050 2801 pays
1059 2770 1118 2793 490.
1154 2765 1293 2793 Sententia
1314 2763 1409 2799 synodi
1434 2763 1623 2790 Garisiacensis
1644 2763 1771 2789 adversus
