<?xml version="1.0" encoding="UTF-8"?>
<!DOCTYPE html PUBLIC "-//W3C//DTD XHTML 1.0 Transitional//EN"
    "http://www.w3.org/TR/xhtml1/DTD/xhtml1-transitional.dtd">
<html xmlns="http://www.w3.org/1999/xhtml" xml:lang="en" lang="en">
 <head>
  <title>
</title>
<meta http-equiv="Content-Type" content="text/html;charset=utf-8" />
  <meta name='ocr-system' content='tesseract 3.04.00' />
  <meta name='ocr-capabilities' content='ocr_page ocr_carea ocr_par ocr_line ocrx_word'/>
</head>
<body>
  <div class='ocr_page' id='page_1' title='image "./monumentagerma03geseuoft/monumentagerma03geseuoft_0476.png"; bbox 0 0 2060 3074; ppageno 0'>
   <div class='ocr_carea' id='block_1_1' title="bbox 201 158 262 187">
    <p class='ocr_par' dir='ltr' id='par_1_1' title="bbox 201 158 262 187">
     <span class='ocr_line' id='line_1_1' title="bbox 201 158 262 187; baseline 0 -1"><span class='ocrx_word' id='word_1_1' title='bbox 201 158 262 187; x_wconf 74' lang='lat'><strong>460</strong></span> 
     </span>
    </p>
   </div>
   <div class='ocr_carea' id='block_1_2' title="bbox 486 720 525 739">
    <p class='ocr_par' dir='ltr' id='par_1_2' title="bbox 486 720 525 739">
     <span class='ocr_line' id='line_1_2' title="bbox 486 720 525 739; baseline -0.026 0"><span class='ocrx_word' id='word_1_2' title='bbox 486 720 525 739; x_wconf 75' lang='lat'><strong>280</strong></span> 
     </span>
    </p>
   </div>
   <div class='ocr_carea' id='block_1_3' title="bbox 487 980 526 998">
    <p class='ocr_par' dir='ltr' id='par_1_3' title="bbox 487 980 526 998">
     <span class='ocr_line' id='line_1_3' title="bbox 487 980 526 998; baseline 0 0"><span class='ocrx_word' id='word_1_3' title='bbox 487 980 526 998; x_wconf 80' lang='lat'><strong>285</strong></span> 
     </span>
    </p>
   </div>
   <div class='ocr_carea' id='block_1_4' title="bbox 487 1239 525 1259">
    <p class='ocr_par' dir='ltr' id='par_1_4' title="bbox 487 1239 525 1259">
     <span class='ocr_line' id='line_1_4' title="bbox 487 1239 525 1259; baseline 0 -1"><span class='ocrx_word' id='word_1_4' title='bbox 487 1239 525 1259; x_wconf 73' lang='lat'><strong>290</strong></span> 
     </span>
    </p>
   </div>
   <div class='ocr_carea' id='block_1_5' title="bbox 485 1502 523 1521">
    <p class='ocr_par' dir='ltr' id='par_1_5' title="bbox 485 1502 523 1521">
     <span class='ocr_line' id='line_1_5' title="bbox 485 1502 523 1521; baseline 0 -1"><span class='ocrx_word' id='word_1_5' title='bbox 485 1502 523 1521; x_wconf 71' lang='lat'><strong>295</strong></span> 
     </span>
    </p>
   </div>
   <div class='ocr_carea' id='block_1_6' title="bbox 487 1762 525 1780">
    <p class='ocr_par' dir='ltr' id='par_1_6' title="bbox 487 1762 525 1780">
     <span class='ocr_line' id='line_1_6' title="bbox 487 1762 525 1780; baseline 0 0"><span class='ocrx_word' id='word_1_6' title='bbox 487 1762 525 1780; x_wconf 81' lang='lat'><strong>300</strong></span> 
     </span>
    </p>
   </div>
   <div class='ocr_carea' id='block_1_7' title="bbox 854 155 1186 183">
    <p class='ocr_par' dir='ltr' id='par_1_7' title="bbox 854 155 1186 183">
     <span class='ocr_line' id='line_1_7' title="bbox 854 155 1186 183; baseline 0 -1"><span class='ocrx_word' id='word_1_7' title='bbox 854 155 990 182; x_wconf 76' lang='lat' dir='ltr'>HEIRICI</span> <span class='ocrx_word' id='word_1_8' title='bbox 1011 156 1186 183; x_wconf 80' lang='lat' dir='ltr'>CARMINA.</span> 
     </span>
    </p>
   </div>
   <div class='ocr_carea' id='block_1_8' title="bbox 563 241 1559 430">
    <p class='ocr_par' dir='ltr' id='par_1_8' title="bbox 564 241 1398 285">
     <span class='ocr_line' id='line_1_8' title="bbox 564 241 1398 285; baseline 0.002 -12"><span class='ocrx_word' id='word_1_9' title='bbox 564 241 711 273; x_wconf 82' lang='lat' dir='ltr'><strong>Instituit</strong></span> <span class='ocrx_word' id='word_1_10' title='bbox 734 242 855 284; x_wconf 84' lang='lat' dir='ltr'>duplici</span> <span class='ocrx_word' id='word_1_11' title='bbox 879 253 982 284; x_wconf 84' lang='lat' dir='ltr'><strong>regna</strong></span> <span class='ocrx_word' id='word_1_12' title='bbox 1005 242 1045 274; x_wconf 87' lang='lat' dir='ltr'><strong>ad</strong></span> <span class='ocrx_word' id='word_1_13' title='bbox 1071 243 1227 274; x_wconf 82' lang='lat' dir='ltr'><strong>caelestia</strong></span> <span class='ocrx_word' id='word_1_14' title='bbox 1250 253 1398 285; x_wconf 84' lang='lat' dir='ltr'><strong>quosque</strong></span> 
     </span>
    </p>

    <p class='ocr_par' dir='ltr' id='par_1_9' title="bbox 564 293 1334 336">
     <span class='ocr_line' id='line_1_9' title="bbox 564 293 1334 336; baseline 0.001 -11"><span class='ocrx_word' id='word_1_15' title='bbox 564 294 616 325; x_wconf 89' lang='lat' dir='ltr'><strong>Ire</strong></span> <span class='ocrx_word' id='word_1_16' title='bbox 641 294 701 325; x_wconf 89' lang='lat' dir='ltr'><strong>via.</strong></span> <span class='ocrx_word' id='word_1_17' title='bbox 749 293 831 325; x_wconf 85' lang='lat' dir='ltr'><strong>Sunt</strong></span> <span class='ocrx_word' id='word_1_18' title='bbox 854 294 1020 336; x_wconf 77' lang='lat' dir='ltr'><strong>perfectae</strong></span> <span class='ocrx_word' id='word_1_19' title='bbox 1044 294 1184 326; x_wconf 85' lang='lat' dir='ltr'><strong>feliciter</strong></span> <span class='ocrx_word' id='word_1_20' title='bbox 1207 295 1334 336; x_wconf 77' lang='lat' dir='ltr'><strong>ambae,</strong></span> 
     </span>
    </p>

    <p class='ocr_par' dir='ltr' id='par_1_10' title="bbox 563 345 1559 430">
     <span class='ocr_line' id='line_1_10' title="bbox 565 345 1450 388; baseline 0.002 -12"><span class='ocrx_word' id='word_1_21' title='bbox 565 345 617 376; x_wconf 89' lang='lat' dir='ltr'><strong>Ad</strong></span> <span class='ocrx_word' id='word_1_22' title='bbox 642 346 768 377; x_wconf 86' lang='lat' dir='ltr'><strong>caelum</strong></span> <span class='ocrx_word' id='word_1_23' title='bbox 793 345 930 377; x_wconf 84' lang='lat' dir='ltr'><strong>tendunt</strong></span> <span class='ocrx_word' id='word_1_24' title='bbox 954 346 1066 388; x_wconf 79' lang='lat' dir='ltr'><strong>aequis</strong></span> <span class='ocrx_word' id='word_1_25' title='bbox 1090 347 1297 388; x_wconf 81' lang='lat' dir='ltr'><strong>processibus</strong></span> <span class='ocrx_word' id='word_1_26' title='bbox 1321 347 1450 379; x_wconf 83' lang='lat' dir='ltr'><strong>ambae:</strong></span> 
     </span>
     <span class='ocr_line' id='line_1_11' title="bbox 563 397 1559 430; baseline 0.002 -2"><span class='ocrx_word' id='word_1_27' title='bbox 563 397 687 428; x_wconf 84' lang='lat' dir='ltr'><strong>Laxius</strong></span> <span class='ocrx_word' id='word_1_28' title='bbox 711 408 776 429; x_wconf 82' lang='lat' dir='ltr'><strong>una</strong></span> <span class='ocrx_word' id='word_1_29' title='bbox 800 397 922 429; x_wconf 87' lang='lat' dir='ltr'><strong>vehens</strong></span> <span class='ocrx_word' id='word_1_30' title='bbox 947 417 988 421; x_wconf 91' lang='lat'><strong>-—</strong></span> <span class='ocrx_word' id='word_1_31' title='bbox 1012 398 1094 430; x_wconf 86' lang='lat' dir='ltr'><strong>haec</strong></span> <span class='ocrx_word' id='word_1_32' title='bbox 1118 409 1189 430; x_wconf 86' lang='lat' dir='ltr'><strong>esse</strong></span> <span class='ocrx_word' id='word_1_33' title='bbox 1214 399 1371 430; x_wconf 85' lang='lat' dir='ltr'><strong>canonica</strong></span> <span class='ocrx_word' id='word_1_34' title='bbox 1394 399 1496 430; x_wconf 85' lang='lat' dir='ltr'><strong>fertur</strong></span> <span class='ocrx_word' id='word_1_35' title='bbox 1520 418 1559 422; x_wconf 90' lang='lat'><strong>—-</strong></span> 
     </span>
    </p>
   </div>
   <div class='ocr_carea' id='block_1_9' title="bbox 504 450 1570 493">
    <p class='ocr_par' dir='ltr' id='par_1_11' title="bbox 504 450 1570 493">
     <span class='ocr_line' id='line_1_12' title="bbox 504 450 1570 493; baseline 0.003 -14"><span class='ocrx_word' id='word_1_36' title='bbox 504 462 526 480; x_wconf 66' lang='grc'><strong>«5</strong></span> <span class='ocrx_word' id='word_1_37' title='bbox 565 450 847 482; x_wconf 84' lang='grc' dir='ltr'><em>ΠΡΛΚΤΙΚΗΝ</em></span> <span class='ocrx_word' id='word_1_38' title='bbox 869 453 1001 482; x_wconf 85' lang='lat' dir='ltr'><strong>assueto</strong></span> <span class='ocrx_word' id='word_1_39' title='bbox 1026 450 1089 481; x_wconf 91' lang='lat' dir='ltr'><strong>iam</strong></span> <span class='ocrx_word' id='word_1_40' title='bbox 1114 450 1234 482; x_wconf 90' lang='lat' dir='ltr'><strong>dudum</strong></span> <span class='ocrx_word' id='word_1_41' title='bbox 1258 461 1346 482; x_wconf 89' lang='lat' dir='ltr'><strong>more</strong></span> <span class='ocrx_word' id='word_1_42' title='bbox 1369 451 1570 493; x_wconf 80' lang='lat' dir='ltr'><strong>frequentat:</strong></span> 
     </span>
    </p>
   </div>
   <div class='ocr_carea' id='block_1_10' title="bbox 559 501 1567 1952">
    <p class='ocr_par' dir='ltr' id='par_1_12' title="bbox 561 501 1567 1793">
     <span class='ocr_line' id='line_1_13' title="bbox 563 501 1372 535; baseline 0.004 -3"><span class='ocrx_word' id='word_1_43' title='bbox 563 501 678 532; x_wconf 88' lang='lat' dir='ltr'><strong>Altera</strong></span> <span class='ocrx_word' id='word_1_44' title='bbox 702 501 860 533; x_wconf 85' lang='lat' dir='ltr'><strong>limitibus</strong></span> <span class='ocrx_word' id='word_1_45' title='bbox 886 506 957 533; x_wconf 85' lang='lat' dir='ltr'><strong>arta</strong></span> <span class='ocrx_word' id='word_1_46' title='bbox 981 505 1030 534; x_wconf 86' lang='lat' dir='ltr'><strong>est</strong></span> <span class='ocrx_word' id='word_1_47' title='bbox 1054 502 1129 534; x_wconf 91' lang='lat' dir='ltr'><strong>hinc</strong></span> <span class='ocrx_word' id='word_1_48' title='bbox 1153 503 1228 535; x_wconf 89' lang='lat' dir='ltr'><strong>inde</strong></span> <span class='ocrx_word' id='word_1_49' title='bbox 1253 504 1372 535; x_wconf 79' lang='lat' dir='ltr'><strong>coactis</strong></span> 
     </span>
     <span class='ocr_line' id='line_1_14' title="bbox 564 552 1474 597; baseline 0.003 -13"><span class='ocrx_word' id='word_1_50' title='bbox 564 552 634 584; x_wconf 90' lang='lat' dir='ltr'><strong>Nec</strong></span> <span class='ocrx_word' id='word_1_51' title='bbox 658 564 717 595; x_wconf 87' lang='lat' dir='ltr'><strong>per</strong></span> <span class='ocrx_word' id='word_1_52' title='bbox 740 554 837 596; x_wconf 84' lang='lat' dir='ltr'><strong>plana</strong></span> <span class='ocrx_word' id='word_1_53' title='bbox 860 554 961 591; x_wconf 69' lang='lat' dir='ltr'><strong>vehit,</strong></span> <span class='ocrx_word' id='word_1_54' title='bbox 986 554 1118 585; x_wconf 89' lang='lat' dir='ltr'><strong>molitur</strong></span> <span class='ocrx_word' id='word_1_55' title='bbox 1141 554 1181 586; x_wconf 86' lang='lat' dir='ltr'><strong>ad</strong></span> <span class='ocrx_word' id='word_1_56' title='bbox 1205 555 1308 587; x_wconf 86' lang='lat' dir='ltr'><strong>ardua</strong></span> <span class='ocrx_word' id='word_1_57' title='bbox 1330 566 1474 597; x_wconf 82' lang='lat' dir='ltr'><strong>semper:</strong></span> 
     </span>
     <span class='ocr_line' id='line_1_15' title="bbox 563 604 1567 648; baseline 0.003 -13"><span class='ocrx_word' id='word_1_58' title='bbox 563 604 656 636; x_wconf 89' lang='lat' dir='ltr'><strong>Haec</strong></span> <span class='ocrx_word' id='word_1_59' title='bbox 681 608 713 636; x_wconf 92' lang='lat' dir='ltr'><strong>et</strong></span> <span class='ocrx_word' id='word_1_60' title='bbox 737 606 916 648; x_wconf 82' lang='lat' dir='ltr'><strong>apostolica</strong></span> <span class='ocrx_word' id='word_1_61' title='bbox 940 609 988 637; x_wconf 88' lang='lat' dir='ltr'><strong>est</strong></span> <span class='ocrx_word' id='word_1_62' title='bbox 1011 606 1191 648; x_wconf 84' lang='lat' dir='ltr'><strong>eademque</strong></span> <span class='ocrx_word' id='word_1_63' title='bbox 1219 607 1423 639; x_wconf 81' lang='grc' dir='ltr'><em>ΘΕΩΡΙΚΑ</em></span> <span class='ocrx_word' id='word_1_64' title='bbox 1443 611 1567 638; x_wconf 81' lang='lat' dir='ltr'><strong>tantum</strong></span> 
     </span>
     <span class='ocr_line' id='line_1_16' title="bbox 566 655 1324 701; baseline 0.004 -14"><span class='ocrx_word' id='word_1_65' title='bbox 566 655 707 688; x_wconf 84' lang='lat' dir='ltr'><strong>Secessu</strong></span> <span class='ocrx_word' id='word_1_66' title='bbox 730 657 889 699; x_wconf 80' lang='lat' dir='ltr'><strong>gaudens,</strong></span> <span class='ocrx_word' id='word_1_67' title='bbox 915 661 1043 690; x_wconf 85' lang='lat' dir='ltr'><strong>secreto</strong></span> <span class='ocrx_word' id='word_1_68' title='bbox 1067 658 1156 690; x_wconf 84' lang='lat' dir='ltr'><strong>laeta</strong></span> <span class='ocrx_word' id='word_1_69' title='bbox 1179 659 1324 701; x_wconf 87' lang='lat' dir='ltr'><strong>perenni.</strong></span> 
     </span>
     <span class='ocr_line' id='line_1_17' title="bbox 562 708 1425 752; baseline 0.003 -13"><span class='ocrx_word' id='word_1_70' title='bbox 562 708 657 740; x_wconf 86' lang='lat' dir='ltr'><strong>Hanc</strong></span> <span class='ocrx_word' id='word_1_71' title='bbox 681 709 877 751; x_wconf 84' lang='lat' dir='ltr'><strong>ingressuris</strong></span> <span class='ocrx_word' id='word_1_72' title='bbox 902 713 969 741; x_wconf 84' lang='lat' dir='ltr'><strong>tum</strong></span> <span class='ocrx_word' id='word_1_73' title='bbox 993 710 1123 742; x_wconf 85' lang='lat' dir='ltr'><strong>moenia</strong></span> <span class='ocrx_word' id='word_1_74' title='bbox 1145 710 1282 752; x_wconf 88' lang='lat' dir='ltr'><strong>pulchra</strong></span> <span class='ocrx_word' id='word_1_75' title='bbox 1304 711 1425 742; x_wconf 86' lang='lat' dir='ltr'><strong>locavit</strong></span> 
     </span>
     <span class='ocr_line' id='line_1_18' title="bbox 564 759 1427 804; baseline 0.003 -13"><span class='ocrx_word' id='word_1_76' title='bbox 564 759 664 791; x_wconf 88' lang='lat' dir='ltr'><strong>Urbis</strong></span> <span class='ocrx_word' id='word_1_77' title='bbox 689 761 729 792; x_wconf 87' lang='lat' dir='ltr'><strong>ab</strong></span> <span class='ocrx_word' id='word_1_78' title='bbox 754 765 900 803; x_wconf 86' lang='lat' dir='ltr'><strong>aspectu,</strong></span> <span class='ocrx_word' id='word_1_79' title='bbox 925 761 1047 793; x_wconf 88' lang='lat' dir='ltr'><strong>tumido</strong></span> <span class='ocrx_word' id='word_1_80' title='bbox 1072 772 1135 804; x_wconf 85' lang='lat' dir='ltr'><strong>qua</strong></span> <span class='ocrx_word' id='word_1_81' title='bbox 1157 763 1318 804; x_wconf 83' lang='lat' dir='ltr'><strong>prominet</strong></span> <span class='ocrx_word' id='word_1_82' title='bbox 1342 763 1427 794; x_wconf 88' lang='lat' dir='ltr'><strong>amni</strong></span> 
     </span>
     <span class='ocr_line' id='line_1_19' title="bbox 565 811 1495 854; baseline 0.001 -11"><span class='ocrx_word' id='word_1_83' title='bbox 565 811 760 854; x_wconf 85' lang='lat' dir='ltr'><strong>Surgentem</strong></span> <span class='ocrx_word' id='word_1_84' title='bbox 785 813 825 844; x_wconf 87' lang='lat' dir='ltr'><strong>ad</strong></span> <span class='ocrx_word' id='word_1_85' title='bbox 850 813 1030 853; x_wconf 84' lang='lat' dir='ltr'><strong>Phoebum,</strong></span> <span class='ocrx_word' id='word_1_86' title='bbox 1055 814 1152 845; x_wconf 89' lang='lat' dir='ltr'><strong>fluvio</strong></span> <span class='ocrx_word' id='word_1_87' title='bbox 1177 817 1287 846; x_wconf 86' lang='lat' dir='ltr'><strong>tamen</strong></span> <span class='ocrx_word' id='word_1_88' title='bbox 1311 815 1495 846; x_wconf 83' lang='lat' dir='ltr'><strong>interiecto:</strong></span> 
     </span>
     <span class='ocr_line' id='line_1_20' title="bbox 564 864 1295 908; baseline 0.004 -13"><span class='ocrx_word' id='word_1_89' title='bbox 564 864 720 896; x_wconf 89' lang='lat' dir='ltr'><strong>Icaunam</strong></span> <span class='ocrx_word' id='word_1_90' title='bbox 744 864 828 896; x_wconf 86' lang='lat' dir='ltr'><strong>dixit</strong></span> <span class='ocrx_word' id='word_1_91' title='bbox 851 875 970 897; x_wconf 91' lang='lat' dir='ltr'><strong>nomen</strong></span> <span class='ocrx_word' id='word_1_92' title='bbox 995 866 1115 908; x_wconf 81' lang='lat' dir='ltr'><strong>largita</strong></span> <span class='ocrx_word' id='word_1_93' title='bbox 1138 869 1295 898; x_wconf 85' lang='lat' dir='ltr'><strong>vetustas.</strong></span> 
     </span>
     <span class='ocr_line' id='line_1_21' title="bbox 563 915 1413 958; baseline 0.004 -11"><span class='ocrx_word' id='word_1_94' title='bbox 563 915 637 948; x_wconf 87' lang='lat' dir='ltr'><strong>Hoc</strong></span> <span class='ocrx_word' id='word_1_95' title='bbox 661 916 815 949; x_wconf 86' lang='lat' dir='ltr'><strong>distincta</strong></span> <span class='ocrx_word' id='word_1_96' title='bbox 838 917 933 949; x_wconf 90' lang='lat' dir='ltr'><strong>modo</strong></span> <span class='ocrx_word' id='word_1_97' title='bbox 957 928 1027 949; x_wconf 91' lang='lat' dir='ltr'><strong>sors</strong></span> <span class='ocrx_word' id='word_1_98' title='bbox 1053 918 1276 950; x_wconf 85' lang='lat' dir='ltr'><strong>ecclesiastica</strong></span> <span class='ocrx_word' id='word_1_99' title='bbox 1300 919 1413 958; x_wconf 72' lang='lat' dir='ltr'><strong>crevit,</strong></span> 
     </span>
     <span class='ocr_line' id='line_1_22' title="bbox 564 967 1475 1012; baseline 0.003 -13"><span class='ocrx_word' id='word_1_100' title='bbox 564 967 675 1000; x_wconf 84' lang='lat' dir='ltr'><strong>Crevit</strong></span> <span class='ocrx_word' id='word_1_101' title='bbox 697 969 729 999; x_wconf 91' lang='lat' dir='ltr'><strong>in</strong></span> <span class='ocrx_word' id='word_1_102' title='bbox 753 969 936 1001; x_wconf 89' lang='lat' dir='ltr'><strong>inmensum</strong></span> <span class='ocrx_word' id='word_1_103' title='bbox 962 969 1141 1012; x_wconf 86' lang='lat' dir='ltr'><strong>studiisque</strong></span> <span class='ocrx_word' id='word_1_104' title='bbox 1164 971 1337 1012; x_wconf 81' lang='lat' dir='ltr'><strong>rapacibus</strong></span> <span class='ocrx_word' id='word_1_105' title='bbox 1362 981 1475 1002; x_wconf 81' lang='lat' dir='ltr'><strong>omues</strong></span> 
     </span>
     <span class='ocr_line' id='line_1_23' title="bbox 564 1020 1369 1064; baseline 0.004 -13"><span class='ocrx_word' id='word_1_106' title='bbox 564 1020 615 1051; x_wconf 88' lang='lat' dir='ltr'><strong>Ad</strong></span> <span class='ocrx_word' id='word_1_107' title='bbox 640 1023 787 1052; x_wconf 84' lang='lat' dir='ltr'><strong>sanctam</strong></span> <span class='ocrx_word' id='word_1_108' title='bbox 812 1024 901 1053; x_wconf 88' lang='lat' dir='ltr'><strong>certo</strong></span> <span class='ocrx_word' id='word_1_109' title='bbox 926 1021 1113 1064; x_wconf 80' lang='lat' dir='ltr'><strong>migrabant</strong></span> <span class='ocrx_word' id='word_1_110' title='bbox 1137 1022 1248 1054; x_wconf 88' lang='lat' dir='ltr'><strong>ordine</strong></span> <span class='ocrx_word' id='word_1_111' title='bbox 1272 1024 1369 1054; x_wconf 84' lang='lat' dir='ltr'><strong>vitam</strong></span> 
     </span>
     <span class='ocr_line' id='line_1_24' title="bbox 562 1071 1377 1116; baseline 0.004 -13"><span class='ocrx_word' id='word_1_112' title='bbox 562 1071 692 1104; x_wconf 87' lang='lat' dir='ltr'><strong>Felices</strong></span> <span class='ocrx_word' id='word_1_113' title='bbox 717 1076 850 1115; x_wconf 85' lang='lat' dir='ltr'><strong>pastore</strong></span> <span class='ocrx_word' id='word_1_114' title='bbox 876 1073 971 1112; x_wconf 82' lang='lat' dir='ltr'><strong>bono,</strong></span> <span class='ocrx_word' id='word_1_115' title='bbox 997 1084 1093 1116; x_wconf 90' lang='lat' dir='ltr'><strong>quem</strong></span> <span class='ocrx_word' id='word_1_116' title='bbox 1117 1075 1252 1116; x_wconf 83' lang='lat' dir='ltr'><strong>praevia</strong></span> <span class='ocrx_word' id='word_1_117' title='bbox 1275 1075 1377 1106; x_wconf 88' lang='lat' dir='ltr'><strong>virtus</strong></span> 
     </span>
     <span class='ocr_line' id='line_1_25' title="bbox 563 1123 1424 1169; baseline 0.003 -14"><span class='ocrx_word' id='word_1_118' title='bbox 563 1123 702 1156; x_wconf 82' lang='lat' dir='ltr'><strong>Fecerat</strong></span> <span class='ocrx_word' id='word_1_119' title='bbox 725 1125 895 1166; x_wconf 87' lang='lat' dir='ltr'><strong>egregium</strong></span> <span class='ocrx_word' id='word_1_120' title='bbox 920 1126 1188 1168; x_wconf 84' lang='lat' dir='ltr'><strong>proponebatque</strong></span> <span class='ocrx_word' id='word_1_121' title='bbox 1213 1127 1424 1169; x_wconf 87' lang='lat' dir='ltr'><strong>sequendum.</strong></span> 
     </span>
     <span class='ocr_line' id='line_1_26' title="bbox 564 1175 1353 1220; baseline 0.005 -13"><span class='ocrx_word' id='word_1_122' title='bbox 564 1175 644 1212; x_wconf 81' lang='lat' dir='ltr'><strong>Quis</strong></span> <span class='ocrx_word' id='word_1_123' title='bbox 667 1187 731 1208; x_wconf 92' lang='lat' dir='ltr'><strong>non</strong></span> <span class='ocrx_word' id='word_1_124' title='bbox 756 1177 868 1208; x_wconf 86' lang='lat' dir='ltr'><strong>civiles</strong></span> <span class='ocrx_word' id='word_1_125' title='bbox 893 1177 951 1209; x_wconf 87' lang='lat' dir='ltr'><strong>tali</strong></span> <span class='ocrx_word' id='word_1_126' title='bbox 976 1188 1048 1209; x_wconf 87' lang='lat' dir='ltr'><strong>cum</strong></span> <span class='ocrx_word' id='word_1_127' title='bbox 1073 1178 1226 1220; x_wconf 87' lang='lat' dir='ltr'><strong>praesule</strong></span> <span class='ocrx_word' id='word_1_128' title='bbox 1249 1189 1353 1211; x_wconf 85' lang='lat' dir='ltr'><strong>mores</strong></span> 
     </span>
     <span class='ocr_line' id='line_1_27' title="bbox 563 1227 1551 1271; baseline 0.004 -12"><span class='ocrx_word' id='word_1_129' title='bbox 563 1227 771 1270; x_wconf 81' lang='lat' dir='ltr'><strong>Conciperet,</strong></span> <span class='ocrx_word' id='word_1_130' title='bbox 796 1239 981 1271; x_wconf 84' lang='lat' dir='ltr'><strong>quanquam</strong></span> <span class='ocrx_word' id='word_1_131' title='bbox 1006 1229 1100 1261; x_wconf 90' lang='lat' dir='ltr'><strong>modo</strong></span> <span class='ocrx_word' id='word_1_132' title='bbox 1125 1230 1283 1262; x_wconf 87' lang='lat' dir='ltr'><strong>barbarus</strong></span> <span class='ocrx_word' id='word_1_133' title='bbox 1307 1231 1362 1263; x_wconf 90' lang='lat' dir='ltr'><strong>ille</strong></span> <span class='ocrx_word' id='word_1_134' title='bbox 1386 1231 1551 1263; x_wconf 72' lang='lat' dir='ltr'><strong>venisset?</strong></span> 
     </span>
     <span class='ocr_line' id='line_1_28' title="bbox 563 1279 1373 1323; baseline 0.005 -12"><span class='ocrx_word' id='word_1_135' title='bbox 563 1279 643 1316; x_wconf 84' lang='lat' dir='ltr'><strong>Quis</strong></span> <span class='ocrx_word' id='word_1_136' title='bbox 667 1280 742 1312; x_wconf 88' lang='lat' dir='ltr'><strong>fidei</strong></span> <span class='ocrx_word' id='word_1_137' title='bbox 766 1287 876 1323; x_wconf 87' lang='lat' dir='ltr'><strong>posset</strong></span> <span class='ocrx_word' id='word_1_138' title='bbox 899 1292 999 1323; x_wconf 89' lang='lat' dir='ltr'><strong>purus</strong></span> <span class='ocrx_word' id='word_1_139' title='bbox 1022 1292 1086 1314; x_wconf 93' lang='lat' dir='ltr'><strong>non</strong></span> <span class='ocrx_word' id='word_1_140' title='bbox 1109 1283 1236 1315; x_wconf 87' lang='lat' dir='ltr'><strong>fervere</strong></span> <span class='ocrx_word' id='word_1_141' title='bbox 1260 1284 1373 1322; x_wconf 75' lang='lat' dir='ltr'><strong>cultor,</strong></span> 
     </span>
     <span class='ocr_line' id='line_1_29' title="bbox 562 1332 1334 1368; baseline 0.005 -4"><span class='ocrx_word' id='word_1_142' title='bbox 562 1332 635 1364; x_wconf 85' lang='lat' dir='ltr'><strong>Etsi</strong></span> <span class='ocrx_word' id='word_1_143' title='bbox 658 1333 691 1364; x_wconf 94' lang='lat' dir='ltr'><strong>in</strong></span> <span class='ocrx_word' id='word_1_144' title='bbox 717 1333 889 1366; x_wconf 84' lang='lat' dir='ltr'><strong>centenum</strong></span> <span class='ocrx_word' id='word_1_145' title='bbox 913 1335 1039 1366; x_wconf 87' lang='lat' dir='ltr'><strong>iuratus</strong></span> <span class='ocrx_word' id='word_1_146' title='bbox 1064 1346 1157 1367; x_wconf 82' lang='lat' dir='ltr'><strong>sacra</strong></span> <span class='ocrx_word' id='word_1_147' title='bbox 1180 1336 1334 1368; x_wconf 84' lang='lat' dir='ltr'><strong>deorum?</strong></span> 
     </span>
     <span class='ocr_line' id='line_1_30' title="bbox 563 1385 1536 1429; baseline 0.002 -12"><span class='ocrx_word' id='word_1_148' title='bbox 563 1385 644 1422; x_wconf 85' lang='lat' dir='ltr'><strong>Quis</strong></span> <span class='ocrx_word' id='word_1_149' title='bbox 668 1386 756 1418; x_wconf 87' lang='lat' dir='ltr'><strong>ferus</strong></span> <span class='ocrx_word' id='word_1_150' title='bbox 779 1397 883 1428; x_wconf 91' lang='lat' dir='ltr'><strong>usque</strong></span> <span class='ocrx_word' id='word_1_151' title='bbox 908 1386 1003 1425; x_wconf 87' lang='lat' dir='ltr'><strong>adeo,</strong></span> <span class='ocrx_word' id='word_1_152' title='bbox 1027 1397 1123 1429; x_wconf 91' lang='lat' dir='ltr'><strong>quem</strong></span> <span class='ocrx_word' id='word_1_153' title='bbox 1147 1398 1211 1419; x_wconf 91' lang='lat' dir='ltr'><strong>non</strong></span> <span class='ocrx_word' id='word_1_154' title='bbox 1234 1389 1408 1420; x_wconf 87' lang='lat' dir='ltr'><strong>mitescere</strong></span> <span class='ocrx_word' id='word_1_155' title='bbox 1433 1389 1536 1419; x_wconf 84' lang='lat' dir='ltr'><strong>sancti</strong></span> 
     </span>
     <span class='ocr_line' id='line_1_31' title="bbox 564 1437 1463 1482; baseline 0.003 -13"><span class='ocrx_word' id='word_1_156' title='bbox 564 1437 679 1469; x_wconf 83' lang='lat' dir='ltr'><strong>Gratia</strong></span> <span class='ocrx_word' id='word_1_157' title='bbox 703 1439 900 1481; x_wconf 92' lang='lat' dir='ltr'><strong>compulerit</strong></span> <span class='ocrx_word' id='word_1_158' title='bbox 911 1443 924 1470; x_wconf 71' lang='grc' dir='ltr'><strong>’ἰ</strong></span> <span class='ocrx_word' id='word_1_159' title='bbox 969 1439 1155 1482; x_wconf 88' lang='lat' dir='ltr'><strong>Numquam</strong></span> <span class='ocrx_word' id='word_1_160' title='bbox 1180 1441 1385 1472; x_wconf 85' lang='lat' dir='ltr'><strong>sermonibus</strong></span> <span class='ocrx_word' id='word_1_161' title='bbox 1408 1441 1463 1472; x_wconf 88' lang='lat' dir='ltr'><strong>ille</strong></span> 
     </span>
     <span class='ocr_line' id='line_1_32' title="bbox 562 1489 1462 1535; baseline 0.003 -14"><span class='ocrx_word' id='word_1_162' title='bbox 562 1489 645 1522; x_wconf 88' lang='lat' dir='ltr'><strong>Rem</strong></span> <span class='ocrx_word' id='word_1_163' title='bbox 669 1492 771 1533; x_wconf 83' lang='lat' dir='ltr'><strong>gessit</strong></span> <span class='ocrx_word' id='word_1_164' title='bbox 793 1494 932 1523; x_wconf 89' lang='lat' dir='ltr'><strong>tantum:</strong></span> <span class='ocrx_word' id='word_1_165' title='bbox 956 1495 1086 1534; x_wconf 87' lang='lat' dir='ltr'><strong>poterat</strong></span> <span class='ocrx_word' id='word_1_166' title='bbox 1109 1493 1154 1524; x_wconf 84' lang='lat' dir='ltr'><strong>sic</strong></span> <span class='ocrx_word' id='word_1_167' title='bbox 1178 1492 1318 1535; x_wconf 88' lang='lat' dir='ltr'><strong>denique</strong></span> <span class='ocrx_word' id='word_1_168' title='bbox 1342 1493 1462 1535; x_wconf 78' lang='lat' dir='ltr'><strong>sperni,</strong></span> 
     </span>
     <span class='ocr_line' id='line_1_33' title="bbox 563 1541 1422 1587; baseline 0.002 -13"><span class='ocrx_word' id='word_1_169' title='bbox 563 1541 597 1574; x_wconf 80' lang='lat' dir='ltr'><strong>Si</strong></span> <span class='ocrx_word' id='word_1_170' title='bbox 621 1553 684 1574; x_wconf 91' lang='lat' dir='ltr'><strong>non</strong></span> <span class='ocrx_word' id='word_1_171' title='bbox 709 1546 741 1575; x_wconf 91' lang='lat' dir='ltr'><strong>et</strong></span> <span class='ocrx_word' id='word_1_172' title='bbox 765 1543 898 1583; x_wconf 80' lang='lat' dir='ltr'><strong>faceret7</strong></span> <span class='ocrx_word' id='word_1_173' title='bbox 924 1545 1266 1587; x_wconf 84' lang='lat' dir='ltr'><strong>contempnendusque</strong></span> <span class='ocrx_word' id='word_1_174' title='bbox 1290 1548 1422 1587; x_wconf 87' lang='lat' dir='ltr'><strong>putatur</strong></span> 
     </span>
     <span class='ocr_line' id='line_1_34' title="bbox 561 1594 1390 1639; baseline 0.004 -14"><span class='ocrx_word' id='word_1_175' title='bbox 561 1594 685 1627; x_wconf 84' lang='lat' dir='ltr'><strong>Doctor</strong></span> <span class='ocrx_word' id='word_1_176' title='bbox 708 1596 740 1627; x_wconf 93' lang='lat' dir='ltr'><strong>in</strong></span> <span class='ocrx_word' id='word_1_177' title='bbox 765 1596 912 1638; x_wconf 81' lang='lat' dir='ltr'><strong>eloquiis,</strong></span> <span class='ocrx_word' id='word_1_178' title='bbox 936 1597 999 1628; x_wconf 87' lang='lat' dir='ltr'><strong>nisi</strong></span> <span class='ocrx_word' id='word_1_179' title='bbox 1023 1596 1086 1628; x_wconf 88' lang='lat' dir='ltr'><strong>fert</strong></span> <span class='ocrx_word' id='word_1_180' title='bbox 1109 1597 1264 1639; x_wconf 85' lang='lat' dir='ltr'><strong>suffragia</strong></span> <span class='ocrx_word' id='word_1_181' title='bbox 1287 1597 1390 1628; x_wconf 84' lang='lat' dir='ltr'><strong>factis.</strong></span> 
     </span>
     <span class='ocr_line' id='line_1_35' title="bbox 563 1645 1458 1690; baseline 0.002 -12"><span class='ocrx_word' id='word_1_182' title='bbox 563 1645 687 1688; x_wconf 84' lang='lat' dir='ltr'><strong>Quave,</strong></span> <span class='ocrx_word' id='word_1_183' title='bbox 712 1648 796 1690; x_wconf 87' lang='lat' dir='ltr'><strong>quod</strong></span> <span class='ocrx_word' id='word_1_184' title='bbox 821 1651 871 1680; x_wconf 86' lang='lat' dir='ltr'><strong>est</strong></span> <span class='ocrx_word' id='word_1_185' title='bbox 896 1648 1026 1680; x_wconf 87' lang='lat' dir='ltr'><strong>Christo</strong></span> <span class='ocrx_word' id='word_1_186' title='bbox 1050 1659 1172 1687; x_wconf 74' lang='lat' dir='ltr'><strong>carum,</strong></span> <span class='ocrx_word' id='word_1_187' title='bbox 1197 1649 1380 1681; x_wconf 89' lang='lat' dir='ltr'><strong>subducere</strong></span> <span class='ocrx_word' id='word_1_188' title='bbox 1404 1649 1458 1680; x_wconf 88' lang='lat' dir='ltr'><strong>vili</strong></span> 
     </span>
     <span class='ocr_line' id='line_1_36' title="bbox 563 1699 1404 1744; baseline 0.002 -14"><span class='ocrx_word' id='word_1_189' title='bbox 563 1699 643 1731; x_wconf 86' lang='lat' dir='ltr'><strong>Arte</strong></span> <span class='ocrx_word' id='word_1_190' title='bbox 668 1703 766 1741; x_wconf 87' lang='lat' dir='ltr'><strong>queat</strong></span> <span class='ocrx_word' id='word_1_191' title='bbox 789 1700 895 1732; x_wconf 91' lang='lat' dir='ltr'><strong>luteos</strong></span> <span class='ocrx_word' id='word_1_192' title='bbox 920 1700 1080 1732; x_wconf 86' lang='lat' dir='ltr'><strong>exhalans</strong></span> <span class='ocrx_word' id='word_1_193' title='bbox 1105 1701 1241 1743; x_wconf 90' lang='lat' dir='ltr'><strong>quisque</strong></span> <span class='ocrx_word' id='word_1_194' title='bbox 1266 1711 1404 1744; x_wconf 88' lang='lat' dir='ltr'><strong>vapores</strong></span> 
     </span>
     <span class='ocr_line' id='line_1_37' title="bbox 562 1750 1326 1793; baseline 0.004 -11"><span class='ocrx_word' id='word_1_195' title='bbox 562 1750 672 1793; x_wconf 87' lang='lat' dir='ltr'><strong>Osque</strong></span> <span class='ocrx_word' id='word_1_196' title='bbox 696 1751 750 1783; x_wconf 88' lang='lat' dir='ltr'><strong>dei</strong></span> <span class='ocrx_word' id='word_1_197' title='bbox 774 1751 849 1792; x_wconf 84' lang='lat' dir='ltr'><strong>dici,</strong></span> <span class='ocrx_word' id='word_1_198' title='bbox 872 1763 936 1783; x_wconf 90' lang='lat' dir='ltr'><strong>nou</strong></span> <span class='ocrx_word' id='word_1_199' title='bbox 961 1755 1011 1784; x_wconf 86' lang='lat' dir='ltr'><strong>est</strong></span> <span class='ocrx_word' id='word_1_200' title='bbox 1035 1753 1151 1784; x_wconf 83' lang='lat' dir='ltr'><strong>efferre</strong></span> <span class='ocrx_word' id='word_1_201' title='bbox 1175 1753 1326 1785; x_wconf 87' lang='lat' dir='ltr'><strong>facultas.</strong></span> 
     </span>
    </p>

    <p class='ocr_par' dir='ltr' id='par_1_13' title="bbox 559 1802 1377 1952">
     <span class='ocr_line' id='line_1_38' title="bbox 604 1802 1322 1847; baseline 0.004 -13"><span class='ocrx_word' id='word_1_202' title='bbox 604 1802 733 1835; x_wconf 86' lang='lat' dir='ltr'><strong>Tertius</strong></span> <span class='ocrx_word' id='word_1_203' title='bbox 756 1807 792 1835; x_wconf 87' lang='lat' dir='ltr'><strong>ut</strong></span> <span class='ocrx_word' id='word_1_204' title='bbox 816 1804 925 1846; x_wconf 83' lang='lat' dir='ltr'><strong>capiat</strong></span> <span class='ocrx_word' id='word_1_205' title='bbox 948 1805 1048 1847; x_wconf 86' lang='lat' dir='ltr'><strong>signis</strong></span> <span class='ocrx_word' id='word_1_206' title='bbox 1073 1804 1208 1837; x_wconf 84' lang='lat' dir='ltr'><strong>exordia</strong></span> <span class='ocrx_word' id='word_1_207' title='bbox 1230 1805 1322 1842; x_wconf 75' lang='lat' dir='ltr'><strong>liber,</strong></span> 
     </span>
     <span class='ocr_line' id='line_1_39' title="bbox 560 1854 1287 1898; baseline 0.004 -12"><span class='ocrx_word' id='word_1_208' title='bbox 560 1854 702 1886; x_wconf 89' lang='lat' dir='ltr'><strong>Morales</strong></span> <span class='ocrx_word' id='word_1_209' title='bbox 727 1865 843 1898; x_wconf 85' lang='lat' dir='ltr'><strong>operas</strong></span> <span class='ocrx_word' id='word_1_210' title='bbox 867 1857 973 1898; x_wconf 87' lang='lat' dir='ltr'><strong>poscit</strong></span> <span class='ocrx_word' id='word_1_211' title='bbox 996 1857 1088 1888; x_wconf 91' lang='lat' dir='ltr'><strong>finire</strong></span> <span class='ocrx_word' id='word_1_212' title='bbox 1113 1857 1287 1897; x_wconf 80' lang='lat' dir='ltr'><strong>secundus,</strong></span> 
     </span>
     <span class='ocr_line' id='line_1_40' title="bbox 559 1906 1377 1952; baseline 0.004 -14"><span class='ocrx_word' id='word_1_213' title='bbox 559 1906 699 1948; x_wconf 85' lang='lat' dir='ltr'><strong>Indigna</strong></span> <span class='ocrx_word' id='word_1_214' title='bbox 723 1918 908 1949; x_wconf 86' lang='lat' dir='ltr'><strong>quanquam</strong></span> <span class='ocrx_word' id='word_1_215' title='bbox 933 1909 1004 1950; x_wconf 86' lang='lat' dir='ltr'><strong>cogi</strong></span> <span class='ocrx_word' id='word_1_216' title='bbox 1028 1908 1189 1941; x_wconf 87' lang='lat' dir='ltr'><strong>brevitate</strong></span> <span class='ocrx_word' id='word_1_217' title='bbox 1213 1913 1377 1952; x_wconf 83' lang='lat' dir='ltr'><strong>queratur.</strong></span> 
     </span>
    </p>
   </div>
   <div class='ocr_carea' id='block_1_11' title="bbox 835 1974 1202 2011">
    <p class='ocr_par' dir='ltr' id='par_1_14' title="bbox 835 1974 1202 2011">
     <span class='ocr_line' id='line_1_41' title="bbox 835 1974 1202 2011; baseline 0.008 -10"><span class='ocrx_word' id='word_1_218' title='bbox 835 1974 1015 2009; x_wconf 85' lang='lat' dir='ltr'>(EXPLICIT</span> <span class='ocrx_word' id='word_1_219' title='bbox 1034 1976 1143 2003; x_wconf 82' lang='lat' dir='ltr'><strong>LIBER</strong></span> <span class='ocrx_word' id='word_1_220' title='bbox 1155 1976 1202 2011; x_wconf 90' lang='grc' dir='ltr'>ΙΙ.)</span> 
     </span>
    </p>
   </div>
   <div class='ocr_carea' id='block_1_12' title="bbox 1650 1822 1779 1856">
    <p class='ocr_par' dir='ltr' id='par_1_15' title="bbox 1650 1822 1779 1856">
     <span class='ocr_line' id='line_1_42' title="bbox 1650 1822 1779 1856; baseline 0 -9"><span class='ocrx_word' id='word_1_221' title='bbox 1650 1822 1779 1856; x_wconf 60' lang='lat' dir='ltr'><strong>Epilogus.</strong></span> 
     </span>
    </p>
   </div>
   <div class='ocr_carea' id='block_1_13' title="bbox 302 2040 1739 2054">
    <p class='ocr_par' dir='ltr' id='par_1_16' title="bbox 302 2040 1739 2054">
     <span class='ocr_line' id='line_1_43' title="bbox 302 2040 1739 2054; baseline 0 0"><span class='ocrx_word' id='word_1_222' title='bbox 302 2040 1739 2054; x_wconf 95' lang='lat' dir='ltr'><strong> </strong></span> 
     </span>
    </p>
   </div>
   <div class='ocr_carea' id='block_1_14' title="bbox 195 2103 1844 2186">
    <p class='ocr_par' dir='ltr' id='par_1_17' title="bbox 195 2103 1844 2186">
     <span class='ocr_line' id='line_1_44' title="bbox 299 2103 1844 2147; baseline 0.009 -19"><span class='ocrx_word' id='word_1_223' title='bbox 299 2103 404 2129; x_wconf 70' lang='lat' dir='ltr'><strong>Scholia</strong></span> <span class='ocrx_word' id='word_1_224' title='bbox 425 2119 453 2123; x_wconf 83' lang='lat'>-</span> <span class='ocrx_word' id='word_1_225' title='bbox 475 2104 528 2130; x_wconf 74' lang='lat'><strong>274</strong></span> <span class='ocrx_word' id='word_1_226' title='bbox 551 2105 614 2138; x_wconf 84' lang='lat' dir='ltr'><strong>una]</strong></span> <span class='ocrx_word' id='word_1_227' title='bbox 634 2114 668 2131; x_wconf 82' lang='lat' dir='ltr'><strong>sc.</strong></span> <span class='ocrx_word' id='word_1_228' title='bbox 689 2106 732 2131; x_wconf 82' lang='lat' dir='ltr'><strong>via</strong></span> <span class='ocrx_word' id='word_1_229' title='bbox 836 2105 887 2132; x_wconf 82' lang='lat'><strong>275</strong></span> <span class='ocrx_word' id='word_1_230' title='bbox 908 2106 1111 2140; x_wconf 80' lang='lat' dir='ltr'><strong>llPAKTIKHN]</strong></span> <span class='ocrx_word' id='word_1_231' title='bbox 1131 2108 1249 2133; x_wconf 83' lang='lat' dir='ltr'><strong>Activam</strong></span> <span class='ocrx_word' id='word_1_232' title='bbox 1269 2109 1346 2134; x_wconf 85' lang='lat' dir='ltr'><strong>vitam</strong></span> <span class='ocrx_word' id='word_1_233' title='bbox 1451 2110 1502 2136; x_wconf 70' lang='lat'><strong>2713</strong></span> <span class='ocrx_word' id='word_1_234' title='bbox 1521 2112 1655 2147; x_wconf 80' lang='lat' dir='ltr'><strong>limitibus]</strong></span> <span class='ocrx_word' id='word_1_235' title='bbox 1674 2115 1689 2139; x_wconf 84' lang='lat' dir='ltr'><strong>i.</strong></span> <span class='ocrx_word' id='word_1_236' title='bbox 1709 2124 1731 2141; x_wconf 84' lang='lat' dir='ltr'><strong>e.</strong></span> <span class='ocrx_word' id='word_1_237' title='bbox 1749 2117 1844 2142; x_wconf 74' lang='lat' dir='ltr'><strong>finibus</strong></span> 
     </span>
     <span class='ocr_line' id='line_1_45' title="bbox 195 2144 1499 2186; baseline 0.008 -17"><span class='ocrx_word' id='word_1_238' title='bbox 195 2144 260 2178; x_wconf 79' lang='lat' dir='ltr'><strong>arta]</strong></span> <span class='ocrx_word' id='word_1_239' title='bbox 286 2148 375 2172; x_wconf 80' lang='lat' dir='ltr'><strong>stricta</strong></span> <span class='ocrx_word' id='word_1_240' title='bbox 479 2147 530 2174; x_wconf 78' lang='lat'><strong>278</strong></span> <span class='ocrx_word' id='word_1_241' title='bbox 554 2148 710 2182; x_wconf 83' lang='grc' dir='ltr'><strong><em>ΘΕΩΡΙΚΑ]</em></strong></span> <span class='ocrx_word' id='word_1_242' title='bbox 735 2150 933 2183; x_wconf 82' lang='lat' dir='ltr'><strong>contemplativa</strong></span> <span class='ocrx_word' id='word_1_243' title='bbox 1037 2149 1088 2177; x_wconf 82' lang='grc'><strong>279</strong></span> <span class='ocrx_word' id='word_1_244' title='bbox 1115 2150 1223 2184; x_wconf 73' lang='lat' dir='ltr'><strong>secreto]</strong></span> <span class='ocrx_word' id='word_1_245' title='bbox 1247 2151 1338 2186; x_wconf 82' lang='lat' dir='ltr'><strong>ali&lt;as)</strong></span> <span class='ocrx_word' id='word_1_246' title='bbox 1363 2154 1499 2179; x_wconf 78' lang='lat' dir='ltr'><strong>solitudine</strong></span> 
     </span>
    </p>
   </div>
   <div class='ocr_carea' id='block_1_15' title="bbox 196 2190 453 2216">
    <p class='ocr_par' dir='ltr' id='par_1_18' title="bbox 196 2190 453 2216">
     <span class='ocr_line' id='line_1_46' title="bbox 196 2190 453 2216; baseline 0.016 -4"><span class='ocrx_word' id='word_1_247' title='bbox 196 2190 328 2214; x_wconf 80' lang='lat' dir='ltr'><strong>monachis</strong></span> <span class='ocrx_word' id='word_1_248' title='bbox 355 2191 453 2216; x_wconf 85' lang='lat' dir='ltr'><strong>scilicet</strong></span> 
     </span>
    </p>
   </div>
   <div class='ocr_carea' id='block_1_16' title="bbox 195 2232 929 2269">
    <p class='ocr_par' dir='ltr' id='par_1_19' title="bbox 195 2232 929 2269">
     <span class='ocr_line' id='line_1_47' title="bbox 195 2232 929 2269; baseline 0.008 -13"><span class='ocrx_word' id='word_1_249' title='bbox 195 2232 344 2266; x_wconf 54' lang='lat' dir='ltr'><strong>dcspfflitnr,</strong></span> <span class='ocrx_word' id='word_1_250' title='bbox 365 2238 443 2260; x_wconf 76' lang='lat' dir='ltr'><strong>restat</strong></span> <span class='ocrx_word' id='word_1_251' title='bbox 462 2239 491 2260; x_wconf 85' lang='lat' dir='ltr'><strong>ut</strong></span> <span class='ocrx_word' id='word_1_252' title='bbox 509 2236 664 2268; x_wconf 82' lang='lat' dir='ltr'><strong>praedicatio</strong></span> <span class='ocrx_word' id='word_1_253' title='bbox 683 2234 929 2269; x_wconf 80' lang='lat' dir='ltr'><strong>con[p]tempuatur&#39;</strong></span> 
     </span>
    </p>
   </div>
   <div class='ocr_carea' id='block_1_17' title="bbox 555 2155 1844 2233">
    <p class='ocr_par' dir='ltr' id='par_1_20' title="bbox 555 2155 1844 2233">
     <span class='ocr_line' id='line_1_48' title="bbox 1603 2155 1844 2191; baseline 0.012 -9"><span class='ocrx_word' id='word_1_254' title='bbox 1603 2155 1654 2182; x_wconf 76' lang='grc'><strong>280</strong></span> <span class='ocrx_word' id='word_1_255' title='bbox 1680 2158 1844 2191; x_wconf 76' lang='lat' dir='ltr'><strong>ingressuris]</strong></span> 
     </span>
     <span class='ocr_line' id='line_1_49' title="bbox 555 2191 1843 2233; baseline 0.009 -16"><span class='ocrx_word' id='word_1_256' title='bbox 555 2191 606 2217; x_wconf 77' lang='lat'><strong>296</strong></span> <span class='ocrx_word' id='word_1_257' title='bbox 629 2193 769 2225; x_wconf 82' lang='lat' dir='ltr'><strong>Gregorius</strong></span> <span class='ocrx_word' id='word_1_258' title='bbox 793 2193 880 2224; x_wconf 84' lang='lat' dir='ltr'><strong>(Hom.</strong></span> <span class='ocrx_word' id='word_1_259' title='bbox 907 2194 935 2218; x_wconf 79' lang='lat' dir='ltr'><strong>in</strong></span> <span class='ocrx_word' id='word_1_260' title='bbox 958 2195 1073 2227; x_wconf 76' lang='lat' dir='ltr'><strong>enanqel.</strong></span> <span class='ocrx_word' id='word_1_261' title='bbox 1097 2195 1116 2219; x_wconf 92' lang='lat' dir='ltr'><em>I</em></span> <span class='ocrx_word' id='word_1_262' title='bbox 1129 2198 1160 2220; x_wconf 81' lang='lat'><strong>12</strong></span> <span class='ocrx_word' id='word_1_263' title='bbox 1181 2195 1221 2220; x_wconf 81' lang='lat' dir='ltr'><strong>ed.</strong></span> <span class='ocrx_word' id='word_1_264' title='bbox 1243 2196 1330 2228; x_wconf 68' lang='lat' dir='ltr'><strong>Miyne</strong></span> <span class='ocrx_word' id='word_1_265' title='bbox 1353 2196 1476 2222; x_wconf 74' lang='lat' dir='ltr'><em>LXXVI</em></span> <span class='ocrx_word' id='word_1_266' title='bbox 1497 2200 1543 2224; x_wconf 76' lang='lat' dir='ltr'><strong>col.</strong></span> <span class='ocrx_word' id='word_1_267' title='bbox 1569 2200 1653 2233; x_wconf 81' lang='lat'><em>1119):</em></span> <span class='ocrx_word' id='word_1_268' title='bbox 1681 2201 1769 2227; x_wconf 63' lang='lat' dir='ltr'><strong>*Cuius</strong></span> <span class='ocrx_word' id='word_1_269' title='bbox 1790 2204 1843 2228; x_wconf 74' lang='lat' dir='ltr'><strong>vim</strong></span> 
     </span>
    </p>
   </div>
   <div class='ocr_carea' id='block_1_18' title="bbox 1034 2237 1844 2278">
    <p class='ocr_par' dir='ltr' id='par_1_21' title="bbox 1034 2237 1844 2278">
     <span class='ocr_line' id='line_1_50' title="bbox 1034 2237 1844 2278; baseline 0.011 -16"><span class='ocrx_word' id='word_1_270' title='bbox 1034 2237 1085 2262; x_wconf 79' lang='lat'><strong>298</strong></span> <span class='ocrx_word' id='word_1_271' title='bbox 1109 2239 1179 2263; x_wconf 82' lang='lat' dir='ltr'><strong>Deus</strong></span> <span class='ocrx_word' id='word_1_272' title='bbox 1198 2247 1242 2271; x_wconf 82' lang='lat' dir='ltr'><strong>per</strong></span> <span class='ocrx_word' id='word_1_273' title='bbox 1259 2240 1361 2265; x_wconf 83' lang='lat' dir='ltr'><strong>Esaiam</strong></span> <span class='ocrx_word' id='word_1_274' title='bbox 1381 2239 1483 2272; x_wconf 73' lang='lat' dir='ltr'><strong>(Im-em.</strong></span> <span class='ocrx_word' id='word_1_275' title='bbox 1504 2245 1540 2273; x_wconf 76' lang='lat'><strong>15,</strong></span> <span class='ocrx_word' id='word_1_276' title='bbox 1553 2243 1606 2275; x_wconf 82' lang='lat'><strong><em>19):</em></strong></span> <span class='ocrx_word' id='word_1_277' title='bbox 1633 2243 1666 2269; x_wconf 80' lang='lat' dir='ltr'><strong>‘Si</strong></span> <span class='ocrx_word' id='word_1_278' title='bbox 1685 2247 1844 2278; x_wconf 73' lang='lat' dir='ltr'><strong>separaveris</strong></span> 
     </span>
    </p>
   </div>
   <div class='ocr_carea' id='block_1_19' title="bbox 194 2276 1842 2355">
    <p class='ocr_par' dir='ltr' id='par_1_22' title="bbox 194 2276 1842 2355">
     <span class='ocr_line' id='line_1_51' title="bbox 195 2276 1842 2321; baseline 0.009 -21"><span class='ocrx_word' id='word_1_279' title='bbox 195 2276 332 2307; x_wconf 83' lang='lat' dir='ltr'><strong>pretiosum</strong></span> <span class='ocrx_word' id='word_1_280' title='bbox 359 2285 375 2302; x_wconf 84' lang='lat' dir='ltr'><strong>a</strong></span> <span class='ocrx_word' id='word_1_281' title='bbox 399 2278 458 2310; x_wconf 89' lang='lat' dir='ltr'><strong>vili,</strong></span> <span class='ocrx_word' id='word_1_282' title='bbox 482 2279 554 2311; x_wconf 79' lang='lat' dir='ltr'><strong>quasi</strong></span> <span class='ocrx_word' id='word_1_283' title='bbox 579 2288 606 2303; x_wconf 80' lang='lat' dir='ltr'><strong>os</strong></span> <span class='ocrx_word' id='word_1_284' title='bbox 632 2287 716 2304; x_wconf 88' lang='lat' dir='ltr'><strong>meum</strong></span> <span class='ocrx_word' id='word_1_285' title='bbox 739 2279 805 2304; x_wconf 80' lang='lat' dir='ltr'><strong>eris.‘</strong></span> <span class='ocrx_word' id='word_1_286' title='bbox 841 2281 906 2305; x_wconf 86' lang='lat' dir='ltr'><strong>Vilis</strong></span> <span class='ocrx_word' id='word_1_287' title='bbox 929 2281 971 2306; x_wconf 87' lang='lat' dir='ltr'><strong>hic</strong></span> <span class='ocrx_word' id='word_1_288' title='bbox 994 2286 1033 2306; x_wconf 81' lang='lat' dir='ltr'><strong>cst</strong></span> <span class='ocrx_word' id='word_1_289' title='bbox 1054 2282 1166 2306; x_wconf 83' lang='lat' dir='ltr'><strong>mundus</strong></span> <span class='ocrx_word' id='word_1_290' title='bbox 1189 2282 1235 2307; x_wconf 83' lang='lat' dir='ltr'><strong>deo</strong></span> <span class='ocrx_word' id='word_1_291' title='bbox 1259 2283 1290 2314; x_wconf 84' lang='lat' dir='ltr'><strong>(e.</strong></span> <span class='ocrx_word' id='word_1_292' title='bbox 1315 2283 1339 2308; x_wconf 85' lang='lat' dir='ltr'><strong>d.</strong></span> <span class='ocrx_word' id='word_1_293' title='bbox 1362 2284 1387 2310; x_wconf 84' lang='lat' dir='ltr'><strong>h.</strong></span> <span class='ocrx_word' id='word_1_294' title='bbox 1411 2293 1443 2310; x_wconf 88' lang='lat' dir='ltr'><strong>m.</strong></span> <span class='ocrx_word' id='word_1_295' title='bbox 1467 2294 1498 2310; x_wconf 73' lang='lat' dir='ltr'><strong>err</strong></span> <span class='ocrx_word' id='word_1_296' title='bbox 1519 2286 1579 2310; x_wconf 81' lang='lat' dir='ltr'><strong>‘⁷2ot.</strong></span> <span class='ocrx_word' id='word_1_297' title='bbox 1602 2287 1670 2312; x_wconf 63' lang='lat' dir='ltr'><strong>mss?</strong></span> <span class='ocrx_word' id='word_1_298' title='bbox 1694 2288 1842 2321; x_wconf 51' lang='lat' dir='ltr'><strong>Boschimk</strong></span> 
     </span>
     <span class='ocr_line' id='line_1_52' title="bbox 194 2319 809 2355; baseline 0.01 -13"><span class='ocrx_word' id='word_1_299' title='bbox 194 2319 332 2350; x_wconf 71' lang='lat' dir='ltr'><strong>pretiosum</strong></span> <span class='ocrx_word' id='word_1_300' title='bbox 352 2321 439 2346; x_wconf 81' lang='lat' dir='ltr'><strong>anima</strong></span> <span class='ocrx_word' id='word_1_301' title='bbox 458 2322 491 2346; x_wconf 83' lang='lat' dir='ltr'><strong>ad</strong></span> <span class='ocrx_word' id='word_1_302' title='bbox 509 2322 647 2355; x_wconf 69' lang='lat' dir='ltr'><strong>imaginem</strong></span> <span class='ocrx_word' id='word_1_303' title='bbox 665 2323 705 2347; x_wconf 84' lang='lat' dir='ltr'><strong>sni</strong></span> <span class='ocrx_word' id='word_1_304' title='bbox 724 2327 809 2348; x_wconf 79' lang='lat' dir='ltr'><strong>creata</strong></span> 
     </span>
    </p>
   </div>
   <div class='ocr_carea' id='block_1_20' title="bbox 296 2413 1472 2454">
    <p class='ocr_par' dir='ltr' id='par_1_23' title="bbox 296 2413 1472 2454">
     <span class='ocr_line' id='line_1_53' title="bbox 296 2413 1472 2454; baseline 0.006 -14"><span class='ocrx_word' id='word_1_305' title='bbox 296 2413 346 2440; x_wconf 78' lang='lat'><strong>274</strong></span> <span class='ocrx_word' id='word_1_306' title='bbox 364 2416 441 2440; x_wconf 81' lang='lat' dir='ltr'><strong>Laxis</strong></span> <span class='ocrx_word' id='word_1_307' title='bbox 460 2425 526 2442; x_wconf 85' lang='lat' dir='ltr'><strong>corr.</strong></span> <span class='ocrx_word' id='word_1_308' title='bbox 546 2417 572 2442; x_wconf 90' lang='lat' dir='ltr'><em>P</em></span> <span class='ocrx_word' id='word_1_309' title='bbox 672 2417 723 2443; x_wconf 78' lang='lat'><strong>276</strong></span> <span class='ocrx_word' id='word_1_310' title='bbox 741 2418 875 2450; x_wconf 62' lang='lat' dir='ltr'><strong>lifmitihus</strong></span> <span class='ocrx_word' id='word_1_311' title='bbox 894 2419 919 2443; x_wconf 90' lang='lat' dir='ltr'><em>P</em></span> <span class='ocrx_word' id='word_1_312' title='bbox 1021 2418 1072 2444; x_wconf 71' lang='lat'><strong>‘296</strong></span> <span class='ocrx_word' id='word_1_313' title='bbox 1090 2421 1342 2454; x_wconf 79' lang='lat' dir='ltr'><strong>contemnendusque</strong></span> <span class='ocrx_word' id='word_1_314' title='bbox 1361 2424 1376 2446; x_wconf 77' lang='lat'><em>2</em></span> <span class='ocrx_word' id='word_1_315' title='bbox 1394 2431 1426 2447; x_wconf 80' lang='lat' dir='ltr'><strong>m.</strong></span> <span class='ocrx_word' id='word_1_316' title='bbox 1447 2423 1472 2447; x_wconf 88' lang='lat' dir='ltr'><em>P</em></span> 
     </span>
    </p>
   </div>
   <div class='ocr_carea' id='block_1_21' title="bbox 295 2508 746 2544">
    <p class='ocr_par' dir='ltr' id='par_1_24' title="bbox 295 2508 746 2544">
     <span class='ocr_line' id='line_1_54' title="bbox 295 2508 746 2544; baseline 0.011 -11"><span class='ocrx_word' id='word_1_317' title='bbox 295 2508 346 2534; x_wconf 78' lang='lat'><strong>293</strong></span> <span class='ocrx_word' id='word_1_318' title='bbox 366 2509 418 2541; x_wconf 81' lang='lat' dir='ltr'><strong>Cfr.</strong></span> <span class='ocrx_word' id='word_1_319' title='bbox 438 2510 535 2537; x_wconf 69' lang='lat' dir='ltr'><strong>Horat.</strong></span> <span class='ocrx_word' id='word_1_320' title='bbox 555 2511 620 2544; x_wconf 78' lang='lat' dir='ltr'><strong>Epl.</strong></span> <span class='ocrx_word' id='word_1_321' title='bbox 641 2512 661 2537; x_wconf 92' lang='lat' dir='ltr'><em>I</em></span> <span class='ocrx_word' id='word_1_322' title='bbox 670 2513 692 2544; x_wconf 85' lang='lat'><strong>1,</strong></span> <span class='ocrx_word' id='word_1_323' title='bbox 705 2513 746 2538; x_wconf 69' lang='lat'><strong>39.</strong></span> 
     </span>
    </p>
   </div>
  </div>
 </body>
</html>
