2040 2996
290 174 330 203 44
830 168 1016 195 PASGHASH
1037 167 1223 194 RADBERTI
1242 167 1417 194 CARMINA.

399 257 509 288 Restat
521 266 630 296 poema
646 255 728 295 quod
742 257 854 295 quarto
869 254 1047 286 exhibemus
1063 253 1134 285 loco.
1158 253 1227 285 Hoc
1235 252 1423 292 Radbertus,
1438 253 1513 284 dum
1525 253 1713 285 abbatiolam
1730 253 1942 286 Gorbeiensem

290 308 414 346 obtinet,
437 308 505 339 eius
528 307 586 338 loci
607 306 690 346 quod
711 306 800 337 nobis
822 308 867 337 est
889 306 1023 343 tertium,
1046 305 1283 336 eucharisticam
1305 304 1586 336 commentationem
1601 314 1623 336 a
1638 314 1669 337 se
1683 305 1830 336 iteratam
1849 307 1879 336 et
1900 305 1944 337 ad

291 359 446 391 Karolum
472 358 603 390 Calvum
625 357 752 389 missam
775 366 904 388 exorsus
926 359 978 389 est.

396 410 547 451 Eyloyam
583 409 627 441 ad
664 408 882 441 recensendam
921 408 969 439 his
1011 408 1058 439 uti
1101 408 1190 439 licuit
1231 408 1312 439 vitae
1346 407 1529 439 Adalhardi
1569 407 1740 439 codicibus:
1791 406 1944 439 Parisino

289 462 348 502 (P)
374 463 479 493 18296
510 461 583 492 olim
607 460 784 492 Corbciensi
812 460 933 491 saeculo
961 459 1002 491 X.
1034 469 1052 490 a
1084 459 1216 491 librario
1243 458 1333 491 valde
1368 459 1442 490 rudi
1475 459 1589 498 scripto
1617 476 1656 482 —
1684 458 1790 500 eqloya
1816 461 1863 491 est
1886 459 1942 499 fol.

289 516 425 552 63—67,
448 513 657 552 transscripta
677 512 717 543 ab
732 511 867 543 Ernesto
883 511 1073 543 Duemmler.
1104 510 1164 552 cfr.
1177 510 1220 541 N.
1234 510 1276 543 Α.
1288 510 1347 549 IV,
1359 511 1424 542 302
1442 529 1491 548 -,
1514 509 1722 542 Ambianensi
1735 510 1798 551 (A)
1820 512 1850 542 et
1875 511 1944 550 ipso
1970 515 1974 520 '

292 565 469 597 Corbeiensi
490 566 555 595 461
586 573 611 597 s.
629 564 727 595 XIV.
748 574 805 602 ex„
831 558 871 594 'ex
899 572 959 603 quo
977 562 1006 604 f.
1030 564 1185 594 37¹-40¹
1216 562 1352 603 eyloyam
1386 572 1454 594 cum
1486 562 1582 594 wnica
1612 571 1633 594 a
1658 562 1836 595 Mabilione
1863 572 1942 595 saec.

291 616 349 654 IV,
369 618 388 647 1
413 626 446 655 p.
464 617 528 646 340
546 625 610 656 sqq.
641 615 787 647 instituta
817 615 972 646 editionc¹
1003 614 1134 646 contulit
1162 614 1282 646 Holder
1304 613 1407 655 quer
1428 613 1490 655 cfr.
1511 614 1554 646 N.
1572 614 1612 647 A.
1631 614 1652 646 l.
1669 624 1707 652 c.,
1737 614 1943 646 Bruoeellensi

288 669 352 709 (B)
375 668 459 700 7569
489 677 567 700 saec.
588 667 706 699 XVII.
730 676 778 699 ex.
807 667 871 697 sive
893 665 1045 703 XVIII,
1082 675 1143 706 quo
1166 667 1294 705 praeter
1327 666 1411 698 alias
1441 665 1569 698 schedas
1601 666 1636 697 in
1665 665 1943 698 Bollandistarum

288 729 379 751 usum
415 718 571 761 confectas
613 718 786 750 continetur
823 717 977 749 Radberti
1015 717 1080 748 vita
1115 716 1297 748 Adalhardi
1337 717 1504 757 catcerptim
1541 719 1570 748 et
1605 717 1723 758 inteyre
1760 717 1865 758 eyloya
1903 727 1943 749 ese

289 771 474 811 ‘passionali
495 770 684 802 Bodecensis
707 769 842 801 coenobii
863 769 950 801 dioc.’
974 769 1144 808 exscripta,
1175 768 1277 809 quod²
1309 779 1377 800 cum
1405 769 1493 800 hodie
1521 768 1713 808 deperditum
1736 768 1879 800 videatur
1901 787 1943 793 —

293 823 514 854 Paderbornac
536 823 619 854 enim
641 822 677 853 in
706 820 886 853 bibliotheca
912 820 1129 852 Theodoriana
1151 820 1280 852 codicem
1303 830 1366 851 non
1390 820 1517 852 latitare
1539 820 1652 852 certior
1669 819 1779 862 factus
1800 830 1869 852 sum
1891 839 1943 859 -,

288 874 498 906 Bruxellense
519 873 691 913 eoeemplum
715 872 854 904 Ruelens
876 872 1072 904 bibliothecae
1096 872 1184 904 illius
1209 872 1392 914 praefectus
1413 871 1550 914 officiose
1573 872 1696 903 curavit
1717 872 1943 911 ementiendum,

288 926 345 965 cfr.
363 926 461 958 Arch.
481 925 576 963 VIII,
596 925 658 956 520
680 926 709 956 et
731 924 771 955 A.
786 923 846 956 SS.
871 923 945 955 Ian.
970 925 1038 955 tom.
1055 924 1079 955 I
1095 934 1127 964 p.
1146 924 1240 955 1086.

401 977 521 1018 Quibus
543 987 581 1008 ex
606 977 697 1008 libris
719 976 776 1007 hae
797 976 850 1006 via
873 975 916 1006 ad
938 975 1092 1008 Radberti
1115 976 1317 1016 archetypum
1338 975 1479 1007 videmur
1501 974 1702 1007 adscendere:

955 1045 988 1070 Β

691 1079 722 1106 A
967 1079 970 1112 Ι

703 1113 707 1147 Ι
918 1113 1006 1140 Bod.

835 1162 837 1194 Ι
1299 1160 1331 1186 1'

832 1260 982 1287 Adathardi
1000 1260 1054 1286 vita
1072 1218 1131 1286 lina
1148 1268 1208 1286 cum
1225 1261 1318 1294 eyloqa.

400 1321 534 1354 Carmen
556 1320 602 1352 II
620 1321 761 1353 dedimus
783 1332 822 1352 cz
843 1321 951 1353 Novae
977 1321 1123 1353 C'orbeiac
1154 1321 1253 1353 codice
1275 1321 1318 1353 ad
1339 1331 1459 1353 annum
1481 1331 1578 1362 usque
1601 1322 1685 1353 1875
1707 1320 1886 1353 Monasteri
1907 1320 1944 1352 in

289 1372 403 1404 archiv.
421 1372 509 1405 corb.
521 1373 549 1411 I,
562 1373 626 1404 254
641 1372 812 1411 adservato,
829 1383 914 1404 nunc
929 1383 992 1414 req.
1005 1373 1077 1404 bibl.
1088 1373 1308 1405 Berolinensis
1324 1373 1413 1406 theol.
1427 1373 1463 1414 Q.
1474 1374 1555 1411 212,·
1576 1373 1693 1405 sacculi
1707 1372 1798 1404 estX
1803 1371 1838 1404 V.
1859 1396 1867 1404 .
1889 1371 1945 1404 Ex

289 1424 380 1455 unico
402 1424 456 1455 hoc
478 1424 566 1462 libro,
590 1435 650 1465 quo
671 1427 801 1457 aetatem
826 1426 966 1457 tulerunt
988 1436 1067 1466 quae
1082 1425 1262 1457 Radbertus
1281 1425 1318 1457 de
1330 1425 1392 1465 fide
1406 1435 1459 1465 spe
1474 1425 1605 1457 caritate
1620 1425 1794 1465 disputavit
1803 1425 1944 1465 primum

289 1476 402 1508 emissa
436 1487 457 1508 a
490 1476 583 1508 Peeio
614 1477 650 1508 in
683 1477 820 1509 anecdot.
855 1478 999 1509 thesauro
1030 1478 1057 1516 1,
1080 1479 1102 1509 2
1134 1487 1220 1509 anno
1255 1479 1353 1517 1721,
1386 1477 1498 1509 deinde
1532 1477 1632 1509 codiee
1663 1476 1777 1508 iterum
1809 1475 1945 1516 inspecto

290 1529 375 1559 1733
396 1538 417 1559 a
438 1527 602 1560 Martenio
623 1529 659 1560 in
681 1530 738 1561 vet.
762 1529 868 1568 script.
885 1529 981 1568 ampl.
1005 1529 1071 1561 coll.
1094 1531 1165 1562 tom.
1181 1529 1242 1568 IX,
1258 1531 1331 1568 447,
1354 1539 1467 1561 novum
1489 1528 1640 1561 carminis
1661 1528 1835 1568 exemplum
1855 1527 1946 1560 nobis

284 1579 433 1620 praebuit
453 1580 497 1611 K.
514 1580 660 1612 Franckc
682 1580 765 1622 (B‘).

398 1631 552 1663 Radberti
581 1632 656 1664 libri
682 1632 719 1664 de
745 1633 899 1673 sanquine
928 1635 957 1664 et
987 1643 1111 1673 corpore
1137 1633 1257 1664 domini
1283 1632 1327 1664 ad
1348 1633 1519 1666 Warinurn
1547 1632 1636 1664 missi
1669 1631 1788 1664 duobus
1817 1630 1945 1664 testibus

289 1682 381 1714 crisis
404 1685 449 1714 cst
470 1683 556 1721 nisa,
585 1693 653 1715 cum
678 1684 761 1716 G-ezo
789 1694 922 1724 quoque,
949 1684 1005 1725 qui
1026 1685 1149 1716 saeculo
1170 1684 1214 1716 X.
1237 1684 1335 1716 abbas
1359 1683 1429 1726 fuit
1450 1683 1687 1723 Derthonensis,
1715 1684 1750 1715 in
1773 1693 1862 1723 opere
1883 1692 1944 1723 quo

288 1736 317 1765 et
339 1734 405 1773 ipse
427 1735 810 1768 transsubstantiationem
831 1736 934 1767 docuit
955 1737 1081 1768 metrico
1101 1736 1227 1778 prologo
1244 1736 1338 1777 (III)
1359 1746 1424 1767 non
1447 1735 1631 1776 amputato³
1654 1738 1762 1777 ‘paene
1788 1735 1944 1775 integrum

290 1786 489 1825 exscripserit
501 1786 716 1818 Radbertum'.
748 1787 852 1828 Atwe
863 1787 1018 1819 Radberti
1032 1787 1156 1828 quidem
1172 1787 1296 1826 codices,
1318 1788 1374 1828 qui
1388 1788 1603 1826 innotuerunt,
1621 1788 1804 1819 enumerare
1819 1786 1945 1827 longum

290 1839 353 1869 est:
375 1847 438 1869 non
459 1838 678 1878 interpolatum
701 1839 775 1870 novi
794 1841 916 1871 tantum
930 1839 1116 1871 Par-isinum
1130 1839 1216 1871 2854
1230 1838 1268 1870 P·
1291 1839 1345 1879 (ol.
1360 1838 1497 1871 Puteani
1509 1840 1604 1878 4356,
1626 1839 1681 1871 ubi
1702 1848 1826 1871 carmen
1836 1837 1896 1880 fol.
1909 1839 1944 1879 1)

289 1982 469 2010 Ambianense
487 1986 521 2010 58
543 1984 590 2015 (sic
609 1983 684 2010 Fort.
701 1993 722 2011 c.
739 1984 776 2018 X,
793 1988 817 2018 6,
833 1988 863 2011 25
883 1986 908 2011 V.
925 1985 964 2011 M.
985 1985 1007 2019 I,
1024 1987 1074 2019 56),
1098 1985 1193 2019 flebilis
1213 1988 1255 2018 84,
1277 1984 1397 2018 persidia
1414 1988 1468 2018 102,
1491 1985 1610 2019 yla-{osa
1627 1988 1681 2018 103,
1708 1985 1811 2011 sobrius
1827 1987 1876 2012 126
1894 1984 1944 2017 (sic

291 2034 394 2068 Euqen.
410 2035 515 2069 Tolet.),
539 2037 690 2069 queramus
709 2041 743 2064 67
761 2039 784 2063 et
806 2039 917 2063 ceterum
940 2037 1098 2063 mzdtotiens.
1118 2037 1148 2064 V.
1164 2041 1195 2064 65
1214 2037 1332 2070 ‘stimplo'
1350 2037 1436 2063 nescio
1453 2045 1492 2063 an
1509 2039 1576 2064 recte
1597 2037 1711 2063 Mabilio
1730 2036 1872 2070 ‘emnplot
1889 2043 1944 2062 esse

289 2086 426 2121 iudicavit,
447 2087 585 2121 ‘extimplo'
597 2096 673 2122 saepe
684 2089 781 2122 leyitur
792 2097 811 2115 c.
821 2097 845 2122 {l-
860 2089 954 2116 Karol.
971 2089 1010 2116 M.
1025 2092 1050 2116 et
1062 2089 1117 2116 Leo
1128 2089 1162 2116 P.
1179 2098 1200 2115 r.
1214 2093 1266 2116 445
1285 2089 1322 2122 (Ι,
1335 2091 1394 2123 377)
1406 2092 1430 2116 et
1442 2093 1493 2116 497
1501 2090 1590 2124 (378)‚·
1606 2090 1697 2123 ‘aroa'‚
1715 2097 1785 2116 —ae
1801 2092 1826 2123 3,
1838 2092 1878 2123 62,
1892 2091 1943 2116 180

288 2138 336 2170 cfr.
349 2138 404 2164 Leo
421 2139 459 2165 ad
479 2138 555 2165 Fen-t.
575 2139 630 2172 IX,
643 2143 667 2173 2,
682 2143 712 2166 18
730 2143 754 2166 et
767 2128 865 2174 Appel.
877 2140 907 2166 de
922 2149 980 2174 qen.
999 2143 1093 2167 neutro
1106 2140 1250 2167 intereunte
1270 2140 1301 2166 im
1318 2141 1335 2166 l.
1353 2140 1386 2167 L.
1406 2140 1481 2174 Erly.
1501 2143 1568 2167 1883
1581 2148 1610 2174 p.
1622 2144 1670 2174 48;
1687 2140 1810 2167 ‘Rachia'
1827 2140 1943 2166 inca-bus

289 2197 347 2216 sum
365 2193 456 2216 utrum
475 2192 576 2224 potamos
593 2192 695 2218 urceos'
712 2192 867 2225 interpreter
885 2201 918 2219 ex
937 2192 999 2218 Mai
1016 2192 1139 2219 thesauro
1156 2200 1215 2219 nov.
1235 2192 1298 2219 Lat.
1314 2201 1343 2226 p.
1356 2196 1387 2219 81
1405 2201 1443 2218 an
1460 2192 1610 2226 simffliciter
1629 2192 1751 2225 Sinum&
1769 2192 1861 2218 ‘sorbo'
1877 2200 1900 2218 v.
1914 2195 1942 2219 71

289 2242 334 2274 cfr.
354 2242 429 2268 Neue
448 2243 503 2275 II2,
522 2246 572 2269 427
591 2245 614 2269 et
637 2243 719 2270 Leon.
739 2243 814 2270 Fort.
835 2252 855 2270 s.
874 2252 895 2270 v.
919 2244 1060 2276 resorbere5
1083 2244 1230 2270 ‘comulare'
1252 2244 1301 2276 cfr.
1320 2243 1485 2271 Schuchardt
1506 2245 1546 2277 Π,
1564 2248 1616 2277 156,
1639 2244 1674 2277 fr.
1694 2244 1818 2270 ‘combler'
1834 2246 1858 2270 et
1878 2250 1899 2270 ι.
1915 2251 1941 2278 9.

291 2293 366 2320 codd.
387 2294 409 2328 Ι,
421 2298 476 2328 272,
493 2298 540 2327 35,·
556 2298 615 2328 390,
631 2299 691 2327 1045
709 2300 766 2329 419,
787 2295 905 2329 XVIII,
918 2299 948 2328 3;
966 2296 1020 2322 ‘ire'
1038 2304 1099 2322 oum
1116 2295 1191 2322 nudo
1208 2304 1295 2323 ace-its.
1313 2297 1360 2330 cfr.
1378 2305 1398 2323 c.
1408 2304 1433 2330 9.
1449 2298 1520 2330 ,qesta
1537 2296 1627 2330 Apoll.
1645 2304 1667 2322 v.
1680 2298 1733 2322 298
1751 2295 1801 2328 (H
1809 2291 1882 2330 493).

395 2347 420 2377 l)
439 2346 515 2373 Unde
527 2355 570 2380 ap.
583 2346 682 2380 Miyne.
691 2348 787 2380 patrol.
799 2347 890 2382 CXX,
906 2351 966 2375 1552
977 2356 1028 2381 8th-
1108 2349 1135 2382 2)
1150 2348 1308 2375 Bodccensis
1320 2348 1420 2374 rddetwr
1431 2348 1462 2374 in
1475 2348 1512 2375 N.
1526 2347 1600 2375 Gorb.
1611 2350 1723 2374 rnonast.
1734 2348 1846 2382 scriptus
1856 2347 1941 2381 fuisse

290 2405 309 2423 8.
324 2397 387 2430 ΧΙ.,
406 2397 452 2423 cui
467 2398 518 2430 sere
536 2398 646 2432 tempori
663 2399 830 2432 conveniunt,
855 2407 911 2426 mea
928 2402 951 2426 et
969 2408 1050 2433 quam
1064 2400 1154 2433 plia-is
1171 2400 1280 2426 aestimo
1299 2399 1424 2426 Gulielmi
1443 2399 1541 2434 Meyer.
1558 2400 1649 2434 opinio
1667 2403 1698 2426 ut
1712 2400 1771 2432 sort,
1787 2399 1942 2434 versus'qm'

290 2448 371 2474 codici
389 2448 451 2475 olim
464 2449 579 2482 praefixi
597 2450 746 2484 leyebantur
763 2451 820 2483 (cfr.
834 2451 903 2478 Boll.
917 2452 932 2478 l.
945 2453 987 2486 c.).
1068 2451 1095 2485 3)
1112 2452 1281 2478 eratorius
1294 2452 1401 2486 primus
1418 2452 1518 2478 emunit
1535 2460 1631 2486 versus,
1650 2460 1714 2486 quos
1725 2452 1802 2486 apud
1814 2452 1941 2479 Gomon

287 2503 346 2533 post
369 2509 412 2527 eos
433 2501 579 2535 invenerat,
603 2502 650 2535 qui
672 2511 776 2529 cetimum
799 2503 919 2536 efficiunt
938 2504 999 2537 III,
1020 2503 1148 2531 Radberti
1169 2512 1270 2538 qaoque
1293 2512 1352 2532 esse.
1389 2504 1448 2538 qu
1464 2507 1563 2538 tamen,
1587 2512 1648 2531 oum
1665 2506 1742 2531 etiam
1754 2503 1942 2538 parastifflidis

290 2552 433 2584 exemplum
444 2560 466 2579 c.
476 2553 514 2578 II
521 2553 605 2587 obstet,
624 2554 722 2580 adduci
732 2563 839 2588 nequeo,
857 2555 924 2588 quin
936 2555 983 2588 qui
995 2555 1025 2582 in
1036 2556 1138 2590 inteyro
1149 2560 1222 2590 opere
1234 2564 1290 2583 non
1300 2556 1433 2589 fmcntur,
1452 2559 1556 2583 exstant
1566 2556 1597 2582 in
1609 2556 1742 2590 encerffiiS,
1758 2556 1889 2590 ymuims
1899 2563 1941 2582 ωε

290 2611 341 2629 esse
352 2604 498 2631 ewistimem.
527 2605 579 2631 Sui
590 2606 641 2632 sive
652 2606 685 2632 ab
697 2607 753 2640 ipso
767 2607 868 2634 Getone
879 2607 965 2634 additi
976 2610 1040 2634 swnt
1052 2608 1147 2641 quibas
1163 2608 1328 2635 continuaret
1342 2608 1506 2635 Rammium
1523 2608 1574 2635 sive
1591 2608 1703 2635 aliunde
1721 2608 1800 2642 rapti,
1814 2616 1940 2641 mmmm

291 2655 357 2681 mede
382 2663 482 2688 quoque
508 2656 705 2690 adalutinatum
735 2659 824 2687 avolsi.
868 2660 905 2686 At
925 2659 1012 2686 dicam
1035 2662 1122 2686 teman
1148 2660 1300 2694 contemptis
1326 2660 1449 2686 minutiis
1477 2668 1529 2694 quo
1554 2659 1719 2686 Duemmlem'
1742 2659 1941 2693 Bausta-‚omis

290 2706 395 2739 differat
414 2716 430 2732 a
453 2708 586 2734 Muratori
603 2710 730 2743 exemplo.-
758 2719 779 2738 ⁷·.
797 2715 830 2737 20
854 2719 948 2738 verum
974 2711 1061 2745 quod,
1085 2715 1115 2738 21
1133 2721 1226 2743 mons,
1252 2715 1286 2739 37
1302 2712 1426 2746 fereque,
1450 2715 1486 2740 42
1504 2714 1612 2745 cernet,
1638 2716 1673 2739 49
1695 2712 1815 2739 hominis
1833 2712 1939 2739 laetum

292 2758 371 2789 facit,
399 2763 430 2786 51
453 2760 568 2788 mundo.
599 2765 630 2787 54
649 2761 720 2793 divi,
749 2766 781 2789 67
797 2772 880 2796 quam
900 2764 964 2795 hoc,
1001 2767 1031 2791 72
1060 2763 1118 2790 liba
1141 2765 1208 2791 tuae
1232 2764 1362 2791 litamina
1381 2765 1434 2798 (leq.
1455 2765 1562 2792 libatve
1581 2764 1735 2796 litamina),
1765 2767 1794 2791 73
1811 2763 1939 2791 abstrait.

300 2810 324 2836 V.
342 2814 367 2837 71
385 2810 505 2837 imitatur
520 2812 617 2838 edonis.-
631 2813 753 2840 (Vuniae.
767 2822 779 2838 s
805 2814 840 2841 X.
860 2815 962 2843 abbatis
979 2816 1106 2843 carminis
1124 2824 1224 2843 rcrsum
1245 2821 1256 2844 1
1275 2817 1309 2843 ab
1326 2817 1412 2843 codem
1431 2817 1530 2843 (ia-(me
1545 2817 1671 2844 Radberti
1689 2817 1802 2852 poemati
1816 2817 1938 2851 ynwefioet'.
