2040 2996
229 141 269 171 94
805 135 970 162 AUDRADI
988 133 1116 161 MODICI
1135 133 1310 160 CARMINA.

596 222 700 259 Quem
724 223 806 255 deus
830 222 1038 264 omnipotens
1063 219 1199 252 caelesti
1224 220 1257 251 in
1285 219 1363 252 sede
1386 219 1528 251 locatum

593 274 680 306 Ante
704 285 797 306 suum
821 274 915 306 iussit
938 284 1068 315 semper
1092 272 1261 305 considere
1286 272 1420 311 vultum,

596 326 757 368 Quicquid
782 329 815 358 et
838 326 1000 368 exposcis,
1025 335 1100 356 mox
1122 324 1262 367 percipis
1286 334 1342 356 ore
1365 323 1519 355 tonantis.

503 385 541 404 ¹⁰0
597 377 720 409 Infelix
743 388 806 419 quo
831 377 948 409 ductus
973 379 1082 409 eram?
1111 377 1216 407 hucee
1240 376 1291 407 vel
1315 374 1402 407 unde
1425 374 1595 407 reducor?

230 440 253 460 c.
268 439 297 461 x.
597 429 784 460 Marcianus
808 428 918 460 ridens
943 428 1097 471 posthaec
1121 428 1301 469 interrogat
1323 427 1430 458 illum:

595 480 678 520 ‘Dic,
701 480 759 512 ubi
782 480 898 512 ductus
923 491 997 523 eras
1021 480 1074 512 vel
1098 490 1236 521 surgens
1260 478 1347 511 unde
1371 478 1507 512 redisti’.

593 534 655 566 Ille
679 534 738 565 ait:
763 533 802 565 ‘O
825 544 972 576 praeses,
996 533 1094 564 liceat
1116 543 1170 564 me
1194 532 1303 563 dicere
1328 535 1446 563 cuncta

594 585 727 625 Ordine,
751 595 814 628 quo
838 585 920 616 deus
943 584 985 616 ad
1007 585 1109 615 vitam
1133 583 1174 616 de
1198 586 1302 615 morte
1326 582 1478 615 reduxit’.

503 645 540 663 ¹0⁵
595 637 841 678 Subridensque
866 637 984 668 iterum
1006 646 1140 678 praeses
1165 645 1298 667 narrare
1321 638 1509 677 perurguet.

595 689 678 720 Tum
704 689 749 720 sic
772 688 984 731 prosequitur
1005 698 1110 730 nuper
1133 687 1322 719 defunctus:
1348 686 1411 718 ‘Ad
1434 686 1566 718 umbras

596 741 721 772 Inferni
744 740 839 783 plebs
863 740 1065 782 Aethiopum
1088 739 1232 771 ducebat
1255 738 1367 780 iniqua

596 792 661 832 Me,
686 802 822 834 quorum
846 794 951 823 status
975 790 1158 823 horrendus
1182 790 1365 832 dentesque
1389 790 1530 829 leonum,

595 844 752 875 Fornacis
778 843 899 875 similes
923 842 1009 874 oculi
1032 843 1228 874 flammantis
1253 845 1286 874 et
1308 852 1436 883 ungues

505 904 542 922 ¹10
595 897 763 939 Aequales
786 897 916 938 aquilae
939 906 1000 928 nec
1024 906 1087 927 non
1111 898 1144 927 et
1167 895 1304 927 brachia
1326 895 1454 936 magnis

596 949 775 986 Transtris;
799 948 846 980 hii
868 958 998 991 semper
1021 948 1112 979 furiis
1136 947 1303 989 agitantur
1325 950 1359 978 et
1381 947 1439 979 ira.

598 1000 664 1032 Sed
686 1011 739 1032 me
763 1000 946 1042 gaudentes
970 1003 1070 1042 puteo
1095 999 1291 1031 concludere
1315 999 1426 1030 mortis

595 1052 683 1084 Dum
706 1053 851 1084 celerant
875 1062 1059 1094 corpusque
1083 1062 1193 1084 meum
1218 1053 1397 1093 spectatur,
1421 1054 1456 1082 ut
1480 1051 1560 1082 illud

597 1105 750 1136 Humano
776 1105 840 1136 ritu
862 1105 1035 1146 gluttirent
1058 1104 1187 1136 viscera
1210 1107 1312 1142 terae,

504 1163 541 1182 ¹15
594 1156 777 1199 Paulisper,
802 1167 948 1199 praeses,
973 1156 1031 1187 sed
1053 1159 1086 1187 te
1110 1156 1271 1188 retinente
1295 1154 1445 1194 cadaver,

598 1208 776 1250 Excipiunt
799 1219 895 1240 aures
919 1208 1052 1246 domini,
1077 1218 1156 1249 quas
1179 1217 1353 1238 maxumus
1377 1207 1474 1238 heros

597 1259 723 1291 Effudit
745 1270 865 1296 voces;‡
882 1260 1016 1291 tremuit
1039 1270 1115 1290 mox
1138 1259 1319 1291 Tartharus
1343 1259 1460 1300 ingens

598 1312 843 1354 Altithronique
866 1311 919 1343 dei
942 1323 1006 1343 vox
1030 1313 1158 1343 intonat
1181 1322 1236 1343 ore
1259 1311 1404 1354 potenti:

599 1363 672 1395 “Ob
696 1363 775 1395 mihi
799 1363 955 1395 dilectum
980 1364 1143 1395 Iulianum
1168 1364 1278 1395 vivere
1302 1373 1415 1395 rursus

505 1422 542 1441 ¹20
594 1415 744 1458 Incipiat,
768 1418 894 1447 tantum
918 1426 975 1458 pro
999 1425 1062 1457 quo
1088 1415 1276 1447 carissimus
1300 1418 1387 1446 orat:

598 1467 673 1498 Non
697 1477 759 1508 ego
785 1467 919 1505 tristari,
944 1470 1075 1498 sanetus
1099 1477 1161 1498 nec
1185 1467 1319 1509 spiritus
1343 1466 1445 1506 illum,

599 1519 637 1550 In
662 1519 751 1550 nullo
775 1519 969 1561 genitorque
994 1519 1093 1561 cupit,
1118 1519 1194 1561 quia
1217 1519 1343 1550 mansio
1367 1523 1481 1550 nostra

598 1571 793 1613 Virgineum
817 1581 947 1613 semper
970 1571 1087 1602 Iuliani
1111 1574 1227 1613 pectus
1250 1569 1424 1603 habetur'’.

598 1623 680 1654 Post
702 1623 787 1654 hanc
811 1625 972 1654 venerunt
995 1633 1110 1654 vocem
1133 1623 1255 1655 virtute
1279 1626 1433 1665 potentes

506 1682 543 1701 ¹2⁵
597 1674 624 1705 Ε
649 1674 749 1706 caelis
774 1674 909 1705 iuvenes
932 1674 1037 1706 induti
1063 1675 1209 1706 vestibus
1234 1674 1318 1706 albis

599 1727 742 1769 Moxque
766 1738 874 1759 meam
897 1727 1019 1769 gemini
1042 1728 1172 1770 rapiunt
1196 1727 1236 1759 de
1260 1731 1366 1759 morte
1390 1727 1554 1759 misellam

600 1779 824 1811 Daemonibus
848 1779 952 1821 pulsis
976 1780 1118 1811 animam
1142 1780 1296 1821 vitaeque
1319 1779 1510 1818 reformant,

599 1831 654 1871 Ut,
679 1842 737 1874 per
760 1842 856 1873 quem
881 1831 943 1862 luci
967 1831 1095 1870 reddor,
1120 1842 1320 1874 cognoscere
1346 1831 1512 1863 Christum

599 1885 678 1916 P-ost
700 1888 836 1916 mortem
860 1884 1023 1927 incipiam,
1048 1896 1144 1927 quem
1168 1886 1282 1917 vivens
1306 1888 1383 1917 ante
1407 1883 1592 1927 negabam’.

339 1958 406 1982 Acta
424 1956 457 1983 B.
477 1956 530 1982 Iul.

337 2009 379 2035 40.
399 2011 474 2035 Tunc
486 2009 628 2034 Martianus
644 2011 762 2033 caecatus
774 2006 902 2033 irridendo
915 2007 1016 2032 dicebat
1036 2006 1079 2039 (ad
1092 2015 1161 2040 eum,
1180 2007 1226 2040 qui
1239 2007 1406 2033 resuscitatus
1419 2008 1513 2033 fuerat:
1533 2006 1574 2033 ‘Et
1589 2007 1635 2033 ubi
1647 2007 1784 2033 ducebaris
1795 2008 1838 2034 vel
1848 2007 1886 2042 Β)

234 2053 303 2079 unde
321 2053 437 2079 redisti?’
473 2054 547 2078 Tune
565 2052 616 2084 ille,
635 2052 680 2085 qui
699 2052 783 2076 fuerat
800 2051 945 2083 defunctus,
963 2051 1028 2076 dixit
1045 2051 1078 2076 ad
1097 2051 1249 2083 praesidem:
1269 2050 1399 2076 ‘Permitte
1417 2059 1458 2076 me
1475 2051 1590 2078 ordinem
1609 2051 1746 2084 prosequi'.
1784 2052 1891 2077 Praenes

234 2097 327 2121 iterum
347 2096 456 2122 irridens
480 2096 556 2121 dixit:
587 2094 770 2128 ‘Prosequere'.
805 2095 840 2119 At
861 2094 904 2119 ille
927 2093 1062 2119 ‘Ducebar'
1085 2094 1170 2126 inquit
1192 2093 1286 2119 ‘nescio
1311 2103 1327 2119 a
1345 2094 1440 2126 quibus
1457 2094 1641 2127 Aethiopibus,
1665 2103 1775 2127 quorum
1793 2098 1892 2121 stamt-

235 2138 328 2170 (status
344 2139 378 2170 B)
398 2143 428 2164 ut
444 2142 596 2172 gygantum,
614 2142 732 2171 aspectus
751 2137 901 2169 horrendus,
921 2137 990 2162 oculi
1007 2145 1096 2162 eorum
1114 2140 1144 2162 ut
1161 2138 1276 2162 fornaces
1295 2137 1371 2170 ignis,
1390 2137 1478 2162 dentes
1497 2145 1586 2163 eorum
1603 2141 1633 2163 ut
1651 2138 1764 2170 leonum,
1786 2138 1891 2164 brachi-

235 2182 302 2207 sicut
318 2182 415 2212 trabes,
440 2190 541 2214 ungues
565 2185 595 2206 ut
612 2181 726 2213 aquilam
754 2181 781 2205 in
799 2181 894 2212 quibus
912 2180 985 2205 nulla
1003 2180 1177 2206 misericordia
1195 2184 1257 2206 erat.
1293 2181 1329 2205 Hi
1352 2189 1392 2206 me
1410 2181 1535 2206 laetantes
1553 2181 1683 2207 ducebant
1707 2181 1735 2206 in
1751 2182 1890 2207 infernum.

236 2226 269 2250 Et
286 2226 335 2250 iam
354 2233 432 2258 prope
450 2233 479 2249 os
497 2225 567 2258 putei
585 2224 672 2256 abyssi
690 2232 749 2248 cum
767 2232 856 2253 essem,
878 2223 922 2255 (ad
940 2224 989 2249 hoc
1007 2224 1198 2256 expectabatur,
1217 2227 1246 2249 ut
1263 2231 1323 2249 caro
1336 2232 1391 2249 mes
1406 2228 1488 2249 terrae
1500 2224 1656 2255 redderetur,
1674 2232 1707 2249 ex
1725 2233 1776 2257 qua
1787 2228 1892 2258 sumpt·

236 2272 274 2293 est
291 2272 349 2299 ωας
371 2271 397 2292 at
414 2268 459 2292 ubi
477 2271 519 2298 tu,
544 2275 658 2300 praeses,
681 2267 763 2292 fecisti
786 2275 879 2299 corpus
901 2275 987 2292 meum
1005 2267 1120 2292 revocari
1144 2270 1170 2292 et
1191 2266 1212 2290 B
1230 2270 1253 2291 et
1264 2267 1326 2299 sere
1343 2266 1433 2291 eadem
1454 2266 1488 2299 Ε)
1516 2267 1546 2292 Β.
1564 2267 1583 2292 Ι.
1602 2267 1743 2292 orationem
1769 2267 1836 2293 fudit
1857 2267 1891 2293 ad

236 2312 367 2336 dominum
390 2311 517 2336 caelorum
539 2315 565 2335 et
586 2311 702 2335 infernus
724 2310 807 2334 omnis
828 2310 983 2334 contremuit
1001 2313 1026 2335 et
1044 2310 1134 2335 audita
1152 2313 1191 2335 est
1208 2318 1260 2334 vox
1278 2310 1319 2335 dei
1337 2310 1368 2334 de
1386 2310 1478 2335 throno
1497 2310 1598 2335 diceus:
1622 2309 1751 2343 “Propter
1768 2310 1891 2336 dilectum

237 2363 321 2379 meum
340 2354 469 2379 Iulianum
487 2354 637 2379 reducatur:
656 2353 682 2377 in
701 2353 772 2378 nullo
790 2361 849 2378 eum
868 2353 926 2378 volo
944 2353 1096 2384 contristari,
1116 2353 1143 2377 in
1161 2361 1212 2385 quo
1230 2353 1267 2377 sie
1286 2356 1357 2385 pater
1374 2356 1401 2378 et
1418 2361 1466 2385 ego
1478 2357 1504 2378 et
1516 2353 1622 2386 spiritus
1634 2357 1739 2379 sanctus
1751 2353 1889 2379 laetania-'2

238 2398 298 2422 Post
315 2397 382 2422 hanc
400 2405 489 2422 vocem
506 2398 666 2422 advenerunt
684 2397 734 2422 duo
752 2397 819 2422 albis
836 2397 919 2422 induti
932 2397 1078 2422 auferentes
1096 2404 1136 2421 me
1154 2394 1371 2421 de‘dominatioue
1390 2397 1534 2430 impiorum,
1553 2401 1583 2422 ut
1598 2397 1660 2422 huie
1676 2397 1729 2422 luci
1746 2397 1890 2429 redderent,

238 2443 267 2464 ut
285 2448 329 2473 per
347 2448 413 2471 eum,
433 2441 478 2472 qui
496 2449 536 2466 me
554 2441 696 2472 suscitavit,
714 2448 852 2473 agnoscam
870 2448 930 2465 eum
948 2440 1109 2472 (cognoscam
1128 2439 1205 2464 deum
1223 2439 1257 2471 B)
1276 2443 1333 2472 post
1352 2443 1467 2472 mortem,
1486 2448 1563 2472 quem
1582 2441 1658 2466 vivus
1676 2441 1802 2473 negabam
1820 2439 1891 2472 (ante

345 2559 393 2585 116
411 2568 548 2585 maxumus
567 2560 602 2585 sic
614 2560 650 2590 P,·
668 2561 717 2589 cfr.
736 2560 855 2586 Ribbeck.
868 2561 969 2593 proleg.
989 2559 1061 2593 Verq.
1075 2568 1104 2593 p.
1122 2559 1176 2586 450

343 2635 376 2662 97
405 2636 471 2662 Aen.
491 2635 533 2669 II,
558 2636 610 2663 525
633 2644 711 2663 sacra
731 2657 753 2664 ..
772 2636 802 2662 in
827 2636 891 2663 sede
914 2635 1026 2663 locavit.
1140 2636 1174 2663 98
1198 2635 1245 2669 cflr.
1263 2636 1333 2670 prol,
1360 2637 1400 2663 11.
1519 2637 1571 2664 104
1592 2638 1638 2671 csr.
1659 2645 1732 2672 pass.
1751 2637 1808 2672 112
1832 2637 1892 2665 237.

240 2686 288 2713 111
308 2686 375 2714 Aen.
395 2686 452 2720 III,
466 2687 515 2714 331
539 2687 618 2714 furiis
640 2687 766 2722 agitatus
788 2690 810 2715 et
834 2688 904 2722 XII,
917 2689 968 2715 946
986 2688 1065 2715 furiis
1084 2696 1215 2715 accensus
1234 2689 1262 2715 et
1281 2687 1330 2715 ira.
1443 2690 1493 2716 114
1510 2690 1560 2723 cfr.
1578 2691 1612 2717 52
1629 2692 1653 2716 et
1672 2689 1736 2716 Ma.
1756 2689 1780 2723 Ι,
1794 2689 1845 2716 138
1862 2689 1893 2716 in

239 2738 346 2765 viscera
364 2740 461 2766 terrae.
567 2740 617 2766 116
630 2740 694 2767 Aen.
713 2739 759 2774 VI,
774 2741 822 2767 192
840 2742 901 2767 tum
919 2740 1056 2768 maximus
1074 2740 1162 2768 heros.
1268 2740 1318 2767 118
1339 2739 1415 2767 Fmt.
1441 2740 1470 2767 V.
1485 2741 1526 2769 M.
1540 2741 1596 2775 Ill,
1611 2742 1663 2769 482
1682 2741 1893 2776 Altithronique

241 2788 286 2817 dei
305 2788 476 2818 dominantis
497 2792 525 2818 et
543 2791 751 2827 omnipotentis.
787 2793 855 2820 Aen.
880 2792 925 2827 VI,
944 2792 995 2821 607
1015 2793 1101 2827 atque
1119 2792 1233 2820 intonat
1251 2801 1304 2820 ore.
1864 2826 1881 2847 ,ι
