2040 2996
488 131 697 160 PASSIONUM
714 132 768 159 ΒΒ.
786 132 929 159 IULIANI
946 132 992 159 ET
1011 132 1196 160 SOCIORUM
1215 133 1296 160 EIUS
1316 133 1425 161 LIBER
1442 135 1477 162 II.
1764 137 1801 168 91

661 265 837 302 INCIPIT
862 265 1007 302 LIBER
1034 264 1294 303 SECUNDUS.

560 340 739 383 Imperium
761 338 873 372 mundi
897 342 1070 382 pressante
1094 339 1309 372 Diocleciano
1759 360 1793 381 Ns

518 392 746 434 Innocuosque
768 401 888 434 greges
911 391 1070 423 laceranti
1093 391 1307 432 Maximiano,

518 443 706 475 Marcianus
728 453 864 486 praeses
886 442 1000 474 hostes
1023 442 1084 474 hos
1107 443 1232 475 excitat
1255 444 1368 476 ambos

519 494 558 526 In
580 495 736 538 populum
759 494 883 526 domini
905 494 964 526 tali
987 505 1137 526 sermone
1161 495 1334 538 profanus:

450 554 462 573 ⁵
519 546 705 579 ‘Maiestate
729 556 834 589 pares,
857 549 988 578 vestrae
1013 547 1192 579 succurrite
1216 547 1282 590 legi

518 598 781 640 Nnminibusque
804 598 869 641 piis
892 598 1051 641 praebete
1076 599 1227 631 iuvamen
1251 603 1285 632 et
1308 603 1384 631 ante

519 649 660 682 obtutus
684 653 810 682 vestros
832 650 944 682 veniat
966 649 1114 682 Iulianus
1138 653 1172 683 et
1194 651 1296 690 illum,

519 702 593 739 Qua
615 703 736 745 poterit
758 703 886 745 magica
909 703 1104 745 quingentos
1128 703 1375 743 celsitonantes‚

518 754 675 787 Florebat
696 754 838 786 mundus
861 765 921 797 per
943 765 1036 797 quos,
1059 755 1252 787 subvertere
1276 755 1379 793 divos,

437 813 462 832 1⁰
519 806 686 845 Quaerite,
711 816 817 848 quave
839 816 948 838 meum
971 807 1084 838 tulerit
1107 806 1147 838 de
1170 810 1304 849 pectore
1327 808 1440 839 matris

518 858 624 890 Unice
647 857 805 890 dilectum
827 858 976 900 genitum
999 861 1191 901 septemque
1213 858 1364 900 benignis

520 909 702 948 Germanis,
725 909 831 952 pietas
855 909 992 942 dederat
1014 919 1095 952 quos
1118 910 1248 952 legibus
1271 911 1319 942 uti

518 961 638 994 Vestra
661 961 728 993 suis
752 960 986 1004 Christumque
1009 962 1102 1004 sequi
1126 966 1344 1000 concesserat,
1369 966 1467 1005 atque

518 1013 678 1045 Militibus
701 1013 821 1045 vestris
845 1024 978 1045 sensum
1002 1013 1209 1051 subduxerit;
1233 1017 1267 1046 et
1290 1025 1347 1046 vos

438 1073 462 1092 ¹⁵
519 1065 666 1105 Artibus,
689 1075 708 1097 o
731 1064 864 1105 domini,
888 1065 988 1098 tantis
1011 1066 1168 1109 imponite
1192 1065 1312 1099 finem’.

155 1129 180 1150 c.
195 1130 224 1151 11.
560 1116 672 1149 Irritat
693 1117 843 1159 geminos
866 1127 1002 1160 praeses
1025 1117 1102 1150 dum
1125 1117 1187 1150 hac
1211 1129 1290 1150 voce
1314 1117 1479 1158 Quirinos,

518 1168 596 1200 Mox
620 1172 769 1201 sanctum
793 1171 941 1201 statuunt
963 1169 1026 1201 hac
1050 1169 1237 1202 conditione
1261 1171 1381 1213 perire,

518 1219 575 1260 Ut,
598 1220 625 1252 si
648 1229 722 1252 cum
745 1220 842 1252 sociis
865 1221 966 1252 vellet
987 1221 1136 1253 Iulianus
1161 1221 1194 1253 in
1218 1222 1282 1254 ista

518 1271 642 1304 Sistere
666 1271 824 1312 doctfina,
848 1282 984 1315 praeses
1007 1276 1085 1304 tunc
1109 1273 1205 1316 plebe
1229 1276 1343 1305 coacta

435 1331 461 1350 ²0
519 1324 612 1357 Illius
635 1325 763 1367 patriae
786 1327 856 1356 tota
879 1325 1063 1368 populoque
1086 1328 1200 1358 tuente

517 1376 616 1409 Dolia
639 1379 852 1409 connumeret
874 1377 995 1408 sanctis
1018 1377 1219 1420 totidemque
1242 1378 1371 1421 repleta

519 1428 684 1472 Sulphure
706 1428 847 1460 ferventi
869 1429 943 1472 pice
969 1429 1037 1461 sive
1061 1429 1219 1461 bitumine
1241 1430 1355 1469 mixto,

518 1480 670 1513 Includat
691 1481 819 1513 iunctos
842 1481 940 1521 intus,
964 1481 1127 1524 subponat
1151 1485 1184 1514 et
1206 1482 1316 1524 ignem

517 1532 691 1575 Lignaqne
714 1542 788 1564 cum
812 1533 949 1575 stuppis,
974 1536 1112 1576 pereant
1133 1537 1170 1565 ut
1193 1533 1321 1566 vindice
1345 1534 1491 1566 flamma:

437 1592 462 1611 ²⁵
521 1584 593 1616 Hos
617 1595 746 1628 quoque
770 1585 922 1617 mitescet
945 1585 1133 1618 combustos
1155 1586 1207 1618 ‘ira
1229 1586 1373 1618 deorum.

519 1636 643 1673 Quodsi
671 1646 730 1679 per
755 1636 915 1679 magicam
938 1637 1083 1680 poterint
1112 1637 1197 1670 hanc
1220 1649 1375 1681 spernere
1399 1642 1546 1677 mortem,

521 1687 595 1725 Qua
617 1688 719 1720 vellet
739 1698 848 1731 poena
870 1688 1031 1731 posthaec
1054 1693 1264 1722 consumeret
1287 1701 1411 1722 omnes.

152 1750 231 1772 (2111.
563 1739 658 1772 Talia
680 1749 777 1782 quam
800 1740 947 1783 gaudens
970 1742 1124 1784 excaepit
1147 1743 1237 1774 iussa
1261 1743 1409 1775 tirannus

518 1791 663 1834 Moxque
686 1791 750 1824 sibi
773 1791 875 1824 dictat
898 1793 1011 1825 sedem
1035 1793 1096 1825 sub
1121 1794 1189 1826 sole
1212 1795 1330 1837 parari.

436 1851 462 1871 ³⁰
519 1844 635 1876 Altera
657 1854 797 1886 cumque
820 1843 892 1877 dies
914 1845 1019 1887 primo
1042 1845 1224 1878 lucesceret
1247 1850 1331 1886 ortu,

519 1895 606 1928 Sede
629 1895 782 1928 tribunali
806 1896 956 1929 residens
980 1897 1144 1930 adducere
1169 1901 1299 1930 sanctos

258 1983 323 2009 Aeta
334 1983 366 2009 B.
379 1983 481 2009 Iuliani
497 1987 520 2009 et
537 1983 662 2009 sociorum
679 1987 822 2015 martyrum
836 1983 867 2008 A.
883 1983 933 2009 SS.
946 1983 1006 2009 Ian.
1020 1984 1045 2016 I,
1056 1983 1109 2010 582
1117 1993 1169 2017 eqq.
1182 1984 1224 2016 (N
1226 1994 1255 2018 p.
1265 1984 1327 2017 35⁰).
1362 1987 1437 2012 Tunc
1449 1988 1592 2014 Martianus
1611 1988 1803 2022 suggestionem

152 2027 214 2053 feeit
230 2027 425 2060 imperatoribus
438 2027 539 2052 dicens:
557 2026 678 2052 ‘Piieeimi
690 2026 826 2060 principes,
845 2027 980 2053 subvenite
993 2027 1095 2060 legibus
1109 2028 1200 2053 vestris
1212 2033 1236 2054 et
1249 2029 1343 2055 divinis
1356 2031 1514 2063 numinibus,
1533 2040 1599 2064 quae
1617 2034 1803 2063 remanserunt,

152 2069 271 2104 praebete
294 2070 436 2096 munimina
459 2073 485 2095 et
506 2078 611 2102 megum
634 2069 763 2095 Iulianum
787 2070 879 2095 ventris
907 2071 1040 2096 obtutibus
1067 2075 1238 2104 praesentate,
1267 2072 1311 2104 qui
1340 2073 1446 2105 magicis
1473 2074 1572 2100 artibus
1594 2074 1705 2108 amplius
1727 2082 1805 2107 quam

152 2113 340 2146 quinquaginta
364 2112 508 2147 (quingenti
526 2112 552 2137 B
573 2113 715 2146 quingenta
733 2112 770 2144 E)
792 2113 897 2138 deornm
920 2114 1069 2146 simulacra,
1097 2122 1144 2147 per
1165 2123 1230 2147 quos
1258 2115 1370 2140 mundus
1392 2116 1510 2149 florebat,
1537 2117 1699 2148 comminuit,
1722 2116 1805 2141 filium

152 2155 258 2180 unicum
275 2164 291 2181 a
307 2164 348 2182 me
365 2156 508 2190 separavit,
531 2156 640 2182 militum
658 2159 756 2181 mentes
773 2157 859 2182 nescio
877 2165 929 2190 que
946 2158 1046 2190 magica
1063 2161 1117 2183 arte
1134 2158 1292 2189 immutavit;
1316 2167 1373 2183 nam
1397 2163 1423 2184 et
1445 2163 1541 2192 septem
1565 2167 1714 2193 germanos,
1740 2167 1804 2192 quos

152 2197 288 2224 elementia
304 2203 391 2225 vestra
411 2199 477 2233 legis
500 2207 562 2225 suae
586 2200 660 2225 iussit
682 2207 738 2225 eene
760 2199 884 2232 cultores,
908 2208 958 2226 sua
980 2201 1079 2234 magica
1098 2201 1130 2225 ad
1155 2209 1183 2226 se
1205 2202 1333 2234 persuasit
1354 2205 1380 2226 et
1402 2202 1533 2227 beneficiis
1553 2202 1642 2228 vestris
1667 2202 1728 2227 fecit
1750 2210 1805 2226 esse

152 2241 273 2274 ingr-m
310 2242 378 2274 Quid
396 2243 488 2275 velitis,
508 2243 581 2268 iussu
598 2242 846 2268 vestro.decernite'.

255 2285 328 2310 Hm
344 2286 477 2311 audiente·
495 2285 658 2319 imperatores
675 2286 742 2311 hanc
759 2286 884 2312 dederunt
900 2286 1043 2318 licentiam,
1066 2291 1110 2319 ut,
1134 2287 1155 2311 si
1174 2287 1194 2312 1.
1212 2295 1271 2312 cum
1290 2287 1365 2312 sociis
1383 2287 1438 2312 suis
1460 2287 1487 2312 in
1505 2287 1554 2312 hac
1572 2288 1732 2313 confessione
1750 2295 1805 2320 per·

153 2332 274 2360 maneret,
292 2328 325 2354 ad
341 2328 487 2361 exemplum
505 2333 663 2355 caeterorum
681 2333 821 2355 convocata
839 2330 909 2355 omni
927 2330 1061 2363 provincia
1078 2330 1154 2355 unico
1173 2330 1245 2363 vulgi
1263 2331 1401 2363 spectantis
1420 2331 1542 2356 miraculo
1561 2331 1670 2364 singulis
1689 2331 1805 2364 singulas

153 2370 252 2396 iuberet
274 2372 418 2404 prsepareri
440 2379 519 2405 cupas
542 2375 568 2398 et
598 2373 668 2398 intus
693 2373 759 2398 mitti
787 2373 870 2406 picem
893 2377 918 2398 et
940 2374 1054 2406 pitumen
1078 2377 1104 2398 et
1129 2373 1238 2406 sulphur
1266 2378 1292 2398 et
1313 2374 1429 2406 singulos
1451 2374 1477 2398 in
1500 2374 1614 2399 eiusdem
1641 2374 1751 2406 (easdem
1769 2373 1804 2405 B)

152 2413 249 2439 recludi
272 2418 298 2439 et
322 2414 382 2447 igne
403 2415 536 2448 subposito
557 2416 721 2442 concremari.
756 2416 831 2448 Quod
853 2417 875 2442 si
899 2417 1037 2442 adversum
1060 2417 1122 2442 haec
1144 2417 1260 2449 magicae
1282 2417 1343 2441 artis
1365 2417 1536 2449 praevaluerit
1557 2425 1672 2449 carmen,
1699 2417 1805 2442 haberet

152 2455 290 2489 licentiam,
307 2457 379 2490 quali
396 2458 476 2483 vellet
493 2466 576 2491 poena
592 2466 637 2484 eoe
654 2459 776 2493 affligere.

256 2499 299 2526 38.
316 2501 430 2534 Accepta
446 2501 495 2526 bec
512 2502 665 2528 auctoritate
682 2511 784 2536 praeses
803 2503 876 2528 iubet
893 2503 942 2528 sibi
960 2503 1074 2528 tribunal
1093 2502 1120 2535 (i.
1134 2503 1150 2527 f.
1164 2502 1250 2527 sedem
1262 2501 1325 2534 BE)
1343 2502 1370 2526 in
1383 2502 1438 2527 foro
1451 2502 1603 2535 praeparari.
1638 2502 1697 2527 Alia
1715 2505 1802 2527 autem

255 2635 290 2663 23
307 2637 412 2664 iunctus
429 2647 497 2665 corr.
516 2639 542 2665 ,Ρ

257 2723 268 2756 ΙΙ
290 2722 303 2749 1
322 2730 359 2757 eq.
377 2723 426 2756 cst.
444 2723 480 2751 A.
497 2723 550 2751 88.
563 2724 582 2751 1.
594 2733 618 2752 c.
636 2725 662 2759 8,
679 2725 722 2752 35.
828 2725 842 2752 1
862 2724 988 2752 Afficlm.
1007 2725 1023 2752 l.
1039 2726 1100 2759 vim.
1118 2725 1189 2752 2060
1207 2724 1357 2760 Imperium
1376 2723 1481 2752 mnndi.
1587 2724 1622 2751 24
1640 2724 1704 2751 Met.
1718 2724 1740 2758 I,
1754 2725 1806 2752 ‘230

152 2772 263 2802 vindice
281 2774 400 2802 flamina.
502 2776 537 2803 25
559 2776 620 2804 Ma.
641 2777 664 2811 L
681 2778 733 2806 378
749 2779 773 2804 d
794 2777 874 2804 Trist.
899 2777 929 2811 V,
949 2778 974 2809 3,
995 2778 1027 2804 13
1046 2778 1088 2804 ira
1106 2777 1227 2804 deorum.

523 2831 528 2837 .
1556 2823 1608 2850 12*
