2138 3106
970 157 1103 185 TITULI.
1793 163 1856 194 343

978 303 1097 336 cxvi.

0 364 5 408 ἱ
868 373 916 410 ΙΝ
943 374 1194 413 LECTORIO.

574 455 639 488 Hic
663 467 810 488 normam
835 452 940 489 sancti
963 458 1080 490 recitat
1102 459 1205 491 lector
1228 459 1397 493 Benedicti

616 508 667 540 Ac
690 509 811 540 Christi
835 509 1010 552 eloquium,
1034 510 1175 552 plurima
1198 514 1293 553 gesta
1316 515 1453 555 patrum.

963 776 1101 809 CXVII.

574 844 602 876 O
628 843 746 876 dilecte
769 848 874 887 pater,
898 845 973 876 vino
998 846 1180 878 transmitto
1205 846 1344 879 Falerno

574 895 716 928 Parvula
738 896 830 928 vobis
854 907 942 936 vasa,
967 901 1077 929 tamen
1101 898 1160 930 sed
1184 899 1277 930 valde
1301 900 1432 931 referta.

573 947 668 980 Unde
691 949 857 981 in-amore
881 948 935 981 dei
958 949 1054 982 hodie
1078 951 1191 992 geniti,
1216 962 1282 989 oro,
1308 951 1437 989 bibatis,

572 999 635 1035 Qui
659 1000 752 1032 vobis
776 1000 897 1032 tribuat
920 1002 1036 1044 longos
1060 1001 1222 1034 deducere
1247 1003 1334 1034 soles

522 1064 534 1083 ⁵
571 1051 672 1083 Felici
697 1062 770 1084 cum
794 1053 944 1095 coniuge,
968 1054 1159 1096 posteritate
1183 1054 1327 1096 sequaci,

572 1103 652 1136 Post
674 1104 772 1136 finem
796 1109 919 1137 statuat
942 1116 1000 1138 vos
1024 1117 1062 1138 ac
1085 1117 1184 1149 super
1207 1110 1295 1138 astra
1318 1107 1475 1149 polorum,

573 1155 644 1191 Quo
666 1167 796 1188 carnem
820 1161 934 1189 sancta
956 1158 1070 1190 statuit
1093 1158 1133 1190 de
1158 1158 1283 1200 virgine
1309 1162 1483 1201 sumptam,

574 1207 767 1240 sanctorum
791 1208 944 1251 precibus
968 1210 1068 1241 iutos:
1093 1210 1153 1242 hoc
1178 1209 1311 1242 sedulus
1334 1213 1421 1253 opt0.

956 1477 1112 1509 CXVIII.

819 1548 934 1585 ITEM
961 1549 1009 1585 IN
1035 1548 1243 1586 ECLESIA.

580 1630 783 1671 Aediculam‚
807 1631 950 1671 Christe,
974 1632 1140 1675 egregiam
1162 1634 1360 1666 ‘venerabilis
1384 1634 1469 1666 abba

617 1683 712 1716 Hanc
736 1685 850 1717 statuit
873 1685 968 1718 Hetti
991 1685 1108 1728 plenus
1131 1696 1242 1718 amore
1267 1686 1313 1718 tui

574 1735 644 1767 Nec
667 1746 732 1768 non
756 1740 954 1775 sanctorum,
978 1737 1042 1769 sita
1065 1741 1140 1769 sunt
1162 1737 1216 1770 hic
1240 1748 1376 1781 corpora
1398 1750 1548 1782 quorum:

619 1787 756 1821 Scilicet
778 1789 916 1822 Eusebii
939 1790 1091 1832 martyris
1115 1790 1238 1829 eximii,

522 1834 534 1870 ε’,
570 1839 724 1872 Pontiani
750 1841 880 1884 pariter,
904 1841 1075 1884 Peregrini
1099 1841 1168 1874 iure
1193 1841 1334 1879 colendi,

618 1891 680 1928 Qui
704 1902 762 1935 pro
784 1893 939 1935 martyrio
962 1902 1064 1935 regna
1087 1903 1230 1936 superna
1252 1894 1371 1926 colunt.

574 1942 701 1976 Detulit
724 1944 783 1976 hos
805 1944 920 1986 Roma,
945 1945 1116 1977 tumulavit
1139 1945 1256 1987 hicque
1280 1945 1432 1983 honeste;

617 1995 770 2028 Cernitur
793 2007 888 2029 omne
913 1996 999 2040 quod
1022 1996 1085 2036 hic,
1109 1996 1222 2029 horum
1248 1997 1280 2028 in
1304 1996 1427 2029 honore
1453 1997 1552 2030 dedit.

574 2047 720 2084 Quorum
743 2059 802 2091 pro
825 2049 948 2081 meritis
972 2048 1130 2080 miracula
1152 2049 1247 2092 plura
1270 2048 1422 2081 videntur

509 2112 534 2131 ιο
612 2099 653 2131 In
677 2099 738 2132 hac
761 2103 893 2132 ostensa
916 2100 1047 2143 saepius
1071 2100 1230 2132 aedicula.

573 2150 659 2183 Huic
683 2152 804 2184 etenim
828 2152 980 2184 structori
1003 2151 1064 2191 dic,
1089 2162 1179 2194 rogo,
1203 2151 1316 2191 lector,
1340 2151 1457 2184 adesse

616 2202 682 2235 Hie
705 2207 739 2236 et
761 2204 793 2236 in
817 2208 987 2236 aeternum
1010 2214 1167 2247 prospera
1191 2207 1308 2236 cuncta
1331 2204 1437 2236 simul.

576 2254 700 2288 Audiat
721 2256 791 2298 ipse
816 2255 877 2288 sibi
899 2255 1030 2288 demum
1055 2255 1286 2297 Christumque
1308 2255 1495 2298 loquentem

617 2306 747 2339 Intraris
770 2307 834 2340 iam
858 2307 979 2339 domini
1002 2307 1123 2350 gaudia
1146 2317 1265 2349 magna
1287 2307 1335 2339 tui

510 2371 534 2390 1³
572 2358 740 2391 Almorum
765 2359 888 2391 meritis
911 2357 1216 2398 intervenientibus,
1239 2368 1314 2390 ossa

617 2410 760 2448 Quorum
785 2410 965 2453 sarcofagis
989 2410 1134 2443 condidit
1156 2410 1307 2453 egregiis.

313 2557 423 2591 [exn]
441 2551 574 2585 Lucro}
591 2559 617 2584 B

314 2600 436 2635 [exva]
453 2601 470 2627 63
487 2601 598 2628 *statuet
615 2601 640 2627 B
742 2602 759 2628 8
776 2601 840 2628 *iuti
857 2602 883 2628 B

314 2643 449 2678 [cxvm.]
468 2637 554 2671 ECIae
570 2645 596 2670 B
707 2644 724 2671 2
741 2646 816 2671 Hane
833 2654 864 2671 ecc
881 2654 948 2672 corr.
967 2645 992 2670 Β
1062 2645 1128 2670 hecti
1146 2644 1172 2669 B
1189 2653 1256 2670 corr.
1274 2643 1371 2670 Bellum.
1479 2642 1511 2669 14
1528 2642 1615 2670 *lutra
1632 2643 1658 2669 B

315 2737 445 2772 [CXVII.]
465 2737 514 2764 Ad
539 2737 736 2772 Wclphonem
754 2739 802 2765 vel
820 2737 1007 2771 Rudolfum.

314 2789 462 2826 [cxvffl.]
482 2789 573 2817 Hem·
590 2789 689 2818 abbas
705 2793 771 2818 certe
787 2798 851 2817 non
870 2789 1082 2817 Centulensis
1097 2789 1159 2822 suit.
