2060 3074
276 211 338 240 622
932 204 1083 232 MILONIS
1103 204 1280 231 CARMINA.

645 294 771 324 Dicitur
795 292 934 333 eloquio,
959 301 1054 332 quam
1078 291 1227 332 princeps
1249 291 1303 321 ille
1328 300 1502 332 coquorum

643 346 757 387 Signat
781 344 903 386 templa
926 343 979 374 dei
1003 343 1056 385 qui
1080 343 1195 385 polluit
1217 342 1344 384 ignibus
1368 342 1455 382 arsit⁷

645 397 798 438 Turpiter
820 395 985 427 addictum
1008 395 1133 431 stravit3
1157 394 1328 426 minoravit
1350 394 1462 436 abegit

563 462 600 481 20⁵
646 449 764 480 Nobile
789 448 1004 490 pulmentum:
1029 438 1214 478 benedictio
1237 446 1379 486 vendita,
1403 446 1502 478 Iacob

644 500 748 536 Quam
773 499 901 539 meruit,
926 499 1033 530 fratris
1057 499 1111 540 qui
1133 499 1278 541 plantam
1300 498 1333 529 in
1348 500 1461 529 ventre
1483 497 1672 540 prehendit:

643 552 756 583 Victus
780 551 812 582 in
835 551 897 582 hoc
919 551 1017 591 bello,
1043 551 1118 592 quia
1141 561 1232 582 muro
1257 551 1382 582 clausus
1405 550 1510 581 amico

644 604 733 635 Exiit
756 604 810 635 ille
835 604 920 634 foras
944 603 1008 634 iam
1033 602 1158 634 doctior
1181 605 1261 643 arte,
1285 601 1437 634 secundo.

645 655 750 686 Lente
775 654 905 686 avidum
929 654 1042 686 stravit
1065 657 1259 696 captumque
1283 654 1448 696 legumine
1471 653 1576 695 pavit3

564 722 604 739 κιο
648 707 770 738 Ultimo
795 706 968 748 deceptum
992 709 1139 738 materna
1162 706 1276 738 fraude
1299 706 1439 747 subegit,

644 758 734 794 Quae
759 758 863 800 pelles
885 757 985 789 hirtas
1008 758 1073 788 leni
1096 757 1316 799 superaddere
1340 757 1418 799 pelli

644 809 726 841 Arte
750 809 911 841 laboravit
935 808 1057 840 domini
1080 809 1225 840 consulta
1247 809 1431 849 recordans,

643 861 794 893 Disceret
817 864 852 892 ut
874 861 977 892 maior
1002 861 1102 892 frater
1125 861 1245 892 servire
1268 860 1392 892 minori.

686 923 797 954 VIIII.
821 922 966 954 Plurima
988 923 1190 965 praeteriens
1214 922 1256 954 ad
1279 925 1311 954 tc
1334 923 1399 953 iam
1422 931 1527 953 sermo
1550 920 1682 960 meabit,

563 988 603 1007 2¹15
647 975 745 1006 Plebs
768 975 934 1015 Hebraea,
957 975 1050 1016 iuges
1073 985 1196 1017 augens
1219 975 1406 1017 peccamine
1430 984 1543 1005 noxas,

644 1027 723 1058 Post
746 1027 808 1058 iter
830 1027 992 1058 insolitum
1015 1027 1047 1058 in
1071 1027 1207 1069 pelagus
1231 1026 1402 1058 Pharaone
1427 1026 1563 1057 subacto

645 1078 728 1110 Cum
753 1078 887 1110 ducibus
911 1079 1032 1110 cunctis
1057 1081 1090 1110 et
1114 1079 1204 1121 equis
1227 1078 1269 1110 ad
1291 1078 1379 1110 bella
1400 1078 1528 1119 iugatis,

644 1130 768 1162 Pocula
790 1133 865 1172 post
888 1131 984 1170 saxis,
1007 1133 1082 1173 post
1105 1141 1195 1162 escas
1217 1130 1373 1162 imbribus
1396 1133 1485 1161 actas
1507 1147 1549 1152 --

644 1182 774 1222 Manna,
798 1182 868 1222 tibi,
893 1182 983 1214 cibus
1005 1182 1060 1213 ille
1083 1182 1174 1221 levis,
1199 1193 1262 1224 quo
1287 1182 1402 1214 nausia
1425 1182 1510 1213 facta
1533 1184 1583 1212 est
1608 1199 1648 1204 -

561 1247 600 1266 220
644 1235 731 1266 Dum
755 1234 882 1276 quaeris
906 1234 1005 1265 fartas
1028 1234 1173 1276 Aegypti
1197 1234 1346 1266 carnibus
1369 1234 1450 1265 ollas

645 1286 688 1318 Et
710 1287 800 1318 venit
822 1286 864 1317 ad
877 1289 1030 1318 mentem
1055 1286 1195 1318 cucumis
1218 1286 1369 1328 porrique
1393 1296 1549 1328 pepones,

644 1338 719 1370 Non
741 1339 829 1380 prius
853 1349 873 1369 a
897 1338 992 1370 solito
1017 1338 1150 1369 cessasti
1172 1349 1346 1377 murmure,
1371 1337 1474 1369 donec

645 1390 796 1422 Tui-binis
818 1390 947 1432 inpulsu
969 1390 1079 1422 veniat
1102 1390 1160 1422 tibi
1183 1400 1290 1422 crassa
1314 1390 1471 1421 coturnix.

643 1443 734 1474 Heu!
759 1443 846 1474 male
871 1442 1035 1484 quaesitas
1057 1442 1198 1474 rodebas
1222 1442 1373 1474 dentibus
1397 1452 1498 1482 escas,

562 1507 600 1526 225
643 1494 714 1526 Nec
739 1494 828 1526 cibus
852 1495 907 1526 ille
932 1497 987 1526 tuo
1012 1494 1132 1526 defecit
1155 1494 1196 1526 ab
1221 1505 1277 1526 ore
1301 1494 1437 1536 cupitus.

644 1547 714 1578 Iam
738 1546 845 1588 gravis
868 1547 922 1578 1110
947 1547 1035 1578 furor
1058 1546 1186 1578 divinae
1211 1547 1344 1578 caelitus
1367 1546 1434 1577 irae

646 1599 693 1630 Te
718 1609 815 1640 super
839 1599 961 1630 exarsit
985 1599 1127 1641 fecitque
1150 1599 1270 1630 intrare
1295 1599 1443 1641 sepulcra

643 1650 847 1692 Donastique
871 1650 943 1682 loco
969 1650 1055 1692 quod
1078 1650 1180 1682 habet
1203 1650 1300 1682 hodie
1322 1661 1425 1692 usque
1448 1661 1613 1682 vocamen.

648 1702 724 1734 Sole
749 1704 864 1744 quater
885 1701 968 1734 deno
992 1705 1066 1744 post
1088 1702 1171 1734 haec
1194 1703 1334 1744 spoliata
1357 1702 1523 1744 magistro,

562 1767 600 1786 2³0
645 1754 708 1790 Qui
733 1753 863 1785 domino
888 1753 1034 1785 asstabat
1057 1764 1156 1796 super
1178 1754 1244 1785 alta
1268 1754 1436 1790 cacumina
1458 1754 1585 1794 montis,

645 1807 690 1839 Ut
712 1808 822 1849 legem
845 1807 983 1849 accipiat
1005 1818 1064 1849 pro
1089 1810 1121 1839 te
1144 1806 1419 1847 ieiuniaducens,

646 1860 723 1902 Ipsa
746 1859 848 1890 thoris
871 1859 1031 1891 recubans
1054 1859 1173 1891 montis
1195 1858 1305 1891 radice
1330 1858 1389 1890 sub
1412 1858 1492 1900 ipsa,

647 1912 699 1943 De
723 1921 786 1953 quo
811 1911 935 1943 divinas
957 1921 1056 1943 voces
1079 1911 1191 1942 audire
1215 1910 1354 1950 solebas,

647 1963 824 1994 Immemor
847 1963 1009 1995 occumbis
1033 1966 1195 1995 tantorum
1219 1963 1306 1994 facta
1327 1962 1501 1994 bonorum:

568 2028 606 2047 2³5
651 2015 835 2057 Torquibus
860 2018 893 2046 et
915 2015 1012 2046 bullis
1035 2015 1135 2057 raptis
1160 2018 1193 2047 et
1214 2014 1378 2046 inauribus
1402 2014 1508 2045 aureis

648 2067 819 2098 Lascivam
842 2067 976 2098 vitulam
1000 2067 1137 2099 camuris
1159 2067 1192 2098 in
1215 2066 1366 2098 cornibus
1388 2066 1466 2097 Isim

385 2169 435 2195 203
454 2171 549 2203 pulluit
562 2171 585 2195 Α
673 2170 724 2196 224
742 2171 840 2203 aessens
853 2170 878 2196 A
898 2161 900 2165 ‚

385 2238 444 2264 207.
457 2238 509 2264 208
528 2238 575 2264 1110
594 2239 700 2272 (Esau)
719 2239 748 2265 in
766 2239 819 2266 hoc
839 2238 921 2274 (inter
937 2239 1047 2274 fratres)
1068 2239 1143 2266 bello
1162 2239 1282 2266 secundo
1296 2239 1394 2269 victus,
1413 2239 1481 2272 quia
1499 2238 1608 2265 doctior
1625 2239 1685 2271 arte
1705 2237 1844 2273 (venandi)
1863 2237 1937 2275 foras

284 2289 353 2315 exiit
371 2298 450 2316 muro
469 2290 558 2317 amico
577 2291 686 2317 clausus
705 2291 734 2324 (i.
752 2291 815 2318 exiit
833 2291 911 2318 domo
925 2292 1062 2327 paterna).
1081 2313 1083 2315 .
1141 2292 1200 2317 216.
1214 2291 1265 2317 217
1285 2290 1376 2318 Exod.
1391 2290 1432 2317 14.
1510 2290 1562 2316 218
1580 2289 1669 2316 Ema.
1690 2290 1731 2317 17.
1748 2305 1783 2309 -·
1802 2289 1894 2317 8εᾶιᾶ-
1907 2289 1936 2316 G'·

280 2349 308 2374 p.
329 2341 407 2368 1151
434 2343 463 2368 et
486 2341 515 2367 in
541 2342 676 2368 imbribus
701 2351 785 2369 escas.
874 2343 926 2370 219
948 2343 1036 2370 Exod.
1062 2343 1228 2375 16,13-36.
1315 2343 1368 2370 220
1394 2342 1486 2369 Exod.
1507 2343 1548 2374 16,
1561 2343 1586 2369 3.
1673 2343 1723 2369 221
1748 2341 1833 2369 Nm».
1858 2342 1899 2374 11,
1911 2343 1936 2369 5.

284 2393 336 2418 222
354 2392 437 2419 Num.
458 2393 536 2424 11,1,
623 2394 762 2421 224-228
786 2394 870 2422 Num.
890 2395 930 2427 11,
943 2395 976 2422 31
996 2396 1096 2421 ventus
1117 2415 1141 2422 ..
1160 2395 1317 2426 coturnices
1340 2394 1444 2421 detulit
1469 2415 1493 2421 ..
1517 2394 1552 2421 33
1575 2394 1666 2420 adhuc
1688 2402 1785 2421 carnes
1809 2395 1890 2422 erant
1905 2394 1937 2421 in

285 2443 414 2470 dentibus
439 2452 533 2470 eorum
560 2445 772 2478 (Israelitarum)
796 2454 847 2473 nec
871 2446 1011 2473 defecerat
1034 2446 1226 2474 huiuscemodi
1251 2447 1329 2473 cibus
1358 2447 1387 2473 et
1413 2454 1476 2473 ecee
1500 2446 1577 2473 furor
1599 2445 1705 2473 domini
1729 2445 1887 2474 concitatus
1907 2446 1937 2473 in

288 2495 422 2528 populum
444 2515 468 2522 ..
487 2496 519 2522 34
539 2497 710 2530 vocatusque
730 2498 772 2524 est
790 2497 838 2524 ille
858 2498 933 2524 locus
952 2498 1088 2532 ‘sepulcra
1106 2498 1366 2532 concupiscentiae'.
1446 2498 1498 2524 229
1515 2497 1606 2524 Εωοᾶ.
1625 2498 1667 2530 24,
1681 2498 1721 2526 18.
1798 2497 1935 2525 234-261

286 2546 375 2572 Eaeod.
393 2547 534 2578 32,1-28
552 2547 649 2574 videns
669 2549 796 2582 populus,
816 2549 889 2582 quod
908 2557 1014 2575 moram
1033 2549 1137 2576 faceret
1159 2549 1343 2576 descendendi
1367 2549 1402 2576 de
1420 2549 1515 2575 monte
1533 2548 1651 2582 Moyses,
1671 2569 1677 2576 .
1707 2548 1820 2576 ‚dixit
1882 2548 1937 2575 ‘fac

287 2597 366 2622 nobis
385 2597 457 2623 deos'
475 2618 501 2624 ..
521 2598 538 2624 2
557 2598 685 2632 dixitque
704 2600 739 2626 ad
759 2608 806 2626 eos
824 2600 934 2626 Aaron:
952 2599 1053 2626 ‘tollite
1072 2599 1184 2626 inaures
1203 2601 1309 2627 aureas*
1333 2621 1356 2628 ..
1382 2601 1399 2627 4
1423 2609 1493 2634 quas
1512 2609 1575 2626 011111
1593 2599 1785 2634 accepisset,-
1793 2599 1886 2627 .fecit
1902 2608 1936 2627 ex

287 2647 327 2674 eis
346 2648 463 2674 vitulum
485 2649 654 2676 conflatilem
734 2651 750 2677 8
770 2670 794 2677 ..
814 2652 843 2677 et
861 2651 1049 2678 adoraverunt
1067 2671 1090 2678 ..
1110 2652 1142 2678 15
1161 2653 1190 2678 et
1213 2660 1340 2679 reversus
1364 2653 1407 2679 est
1427 2652 1538 2686 Moyses
1556 2651 1591 2678 de
1609 2653 1731 2679 moute.
1742 2652 1801 2678 .19
1818 2661 1938 2687 cumque

287 2699 538 2733 appropinquasset
556 2701 591 2727 ad
611 2703 713 2734 castra,
740 2702 813 2729 vidit
831 2703 951 2729 vitulum
975 2704 1004 2729 et
1029 2703 1126 2730 choros
1152 2723 1174 2730 ..
1199 2704 1235 2730 20
1257 2704 1450 2739 arripiensque
1468 2703 1588 2730 vitulum
1607 2723 1614 2729 .
1626 2724 1632 2730 .
1651 2703 1803 2730 combussit
1825 2704 1856 2730 et
1871 2712 1937 2731 0011-

288 2750 368 2776 trivit
386 2759 472 2784 usque
491 2752 526 2777 ad
546 2753 696 2786 pulverem,
716 2763 798 2787 quem
819 2754 921 2788 sparsit
939 2754 968 2780 in
981 2763 1083 2788 aquam
1097 2755 1126 2781 et
1141 2754 1219 2781 dedit
1233 2763 1267 2782 ex
1280 2764 1312 2782 eo
1331 2757 1430 2790 potum
1444 2755 1616 2782 filiislsrael.
1645 2755 1738 2782 ..28
1755 2754 1937 2790 feceruntque

287 2802 337 2828 filii
365 2803 431 2829 Levi
460 2803 539 2829 ium
570 2813 721 2831 sermonem
749 2806 852 2839 Moysis
888 2806 1102 2840 cecideruntque
1132 2806 1162 2832 in
1193 2807 1238 2834 die
1266 2808 1317 2834 illa
1344 2807 1424 2842 quasi
1455 2806 1559 2842 viginti
1590 2807 1646 2834 tria
1673 2806 1755 2834 milia
1783 2806 1936 2836 11οωὶ1111111-

287 2855 366 2880 236—
374 2854 425 2881 248
445 2854 501 2887 Csr.
522 2855 592 2882 Serv.
611 2855 646 2881 ad
664 2857 731 2883 Aen.
751 2857 878 2885 V11790.
965 2859 1016 2885 236
1036 2858 1092 2891 Gfr.
1108 2858 1153 2885 Ge.
1173 2859 1277 2887 11155.

2046 2479 2060 2501 Ξ

1843 2607 2060 3074 1
