2040 2996
280 146 341 175 216
840 143 985 171 SEDULH
1004 144 1133 171 SCOTTI
1154 144 1322 171 CARMINA
1340 146 1374 172 11.

381 230 547 262 Felicibus
571 234 604 262 et
627 231 705 262 visis
1239 231 1303 268 Qui
1327 232 1474 264 tristibus
1497 232 1639 264 Falerna

384 282 532 324 Superna
555 283 748 324 specularis:
1179 290 1204 307 ⁵0
1239 283 1367 326 Largiri
1391 284 1516 326 gaudes
1539 284 1634 323 dona,

383 334 434 365 Ex
458 333 561 376 sopho
586 334 644 376 m<i
667 334 787 375 a)latus
1237 335 1366 367 Poteris
1389 336 1478 368 fonte
1502 336 1586 367 vitae

381 385 477 417 Nunc
500 385 637 427 angelus
661 386 835 418 clarescis(
1236 386 1335 419 Alma
1359 391 1544 420 sanctorum
1569 391 1667 420 sorte.

323 479 348 497 ⁴5
383 472 471 504 Vere
496 472 632 503 florente
655 472 775 503 mundo
1236 475 1307 507 Nec
1331 478 1422 506 tanta
1444 474 1485 506 de
1509 474 1600 507 Siloa

382 523 430 555 Te
453 523 599 565 gaudeas
622 523 755 555 beatum
968 518 970 520 V
1238 527 1340 558 Grata
1363 529 1496 558 manant
1519 526 1652 558 fluenta.

382 575 462 607 Post
487 576 585 617 longa
609 576 719 607 saecla
741 578 868 617 patrem
1177 587 1201 604 ⁵5
1237 578 1331 610 Haec
1354 579 1427 610 suxi
1453 597 1491 601 —
1516 588 1580 609 non
1604 578 1743 619 negab0‚

381 627 501 659 Montis
526 627 605 659 Sion
634 627 665 658 in
696 638 771 660 arce
796 627 869 671 [ceu
892 627 1025 660 Lucifer
1048 629 1080 660 in
1238 630 1331 662 Haec
1355 640 1484 672 sugam:
1509 630 1623 669 sicera⁷
1648 629 1711 661 abi.

967 670 1082 715 caelo].

1065 791 1157 813 Lvnu.

276 844 324 876 IN
328 844 515 876 CIPIUNT
531 845 777 877 REOIPROCI
794 845 972 878 UERSUS
996 846 1174 878 SORIPTI
1190 846 1368 878 DOMINO
1386 845 1672 878 IMPERATORI
1689 845 1936 877 LOTHARIO.

639 906 778 949 Fulgide
802 907 935 946 Caesar,
959 918 1030 946 ave,
1055 918 1139 939 nunc
1162 907 1274 939 mundi
1298 907 1395 948 doxa,
1419 907 1568 946 Lothari,

688 958 766 990 Flos
790 959 900 1001 magni
923 959 1049 999 Karoli,
1074 959 1198 1002 fulgide
1223 959 1356 999 Caesar,
1381 970 1453 992 ave.

644 1010 708 1047 Qui
732 1011 880 1052 genitore
905 1011 960 1054 pio
984 1011 1115 1053 genitus
1139 1011 1180 1043 de
1206 1011 1348 1043 Caesare
1374 1011 1499 1043 Caesar

688 1063 794 1095 Natus
817 1067 851 1095 et
873 1064 1043 1106 Augustus
1067 1064 1121 1106 qui
1143 1063 1292 1106 genitore
1315 1064 1379 1106 pio.
1405 1083 1444 1087 —

573 1123 584 1141 ⁵
637 1115 710 1147 Rex
733 1115 926 1148 benedictus
949 1115 1045 1148 adest
1067 1115 1182 1147 Karoli
1206 1116 1382 1148 benedicta
1405 1126 1569 1159 propag0;

689 1167 785 1199 Nunc
808 1168 943 1208 laetare,
968 1168 1064 1199 Sion:
1095 1178 1155 1199 rex
1178 1168 1370 1200 benedictus
1395 1168 1500 1201 adest.

641 1219 719 1251 Flos
742 1220 842 1251 micat
865 1230 942 1252 ecce
966 1219 1076 1252 virens
1101 1222 1134 1251 et
1157 1219 1279 1252 Christi
1303 1220 1429 1262 palmes
1454 1220 1630 1256 honustus;

691 1272 891 1314 Spargamus
915 1272 1025 1304 flores:
1062 1272 1123 1303 flos
1146 1272 1247 1303 micat
1270 1283 1346 1304 ecce
1370 1273 1488 1304 virens.

641 1324 745 1356 Maior
767 1324 890 1356 honore
914 1324 994 1356 cluit
1015 1323 1217 1356 Francorum
1241 1324 1373 1367 duxque
1398 1334 1548 1356 serenus:

563 1384 588 1402 10
692 1376 820 1418 Excipe
844 1386 941 1415 nunc,
965 1375 1062 1415 Maie,
1086 1376 1190 1408 maior
1213 1375 1338 1408 honore
1363 1375 1452 1408 cluit.

641 1428 775 1460 Lucifer
797 1428 852 1460 hic
875 1428 1004 1468 renitet,
1029 1428 1152 1471 pascha
1175 1429 1230 1470 qui
1252 1428 1336 1460 forte
1358 1428 1498 1465 latebat;

690 1480 811 1512 Omnes
835 1480 1010 1512 laetemur:
1041 1480 1174 1512 Lucifer
1197 1481 1249 1512 hic
1272 1481 1400 1513 renitet.

639 1532 727 1564 Dum
751 1543 827 1564 rosa
850 1543 915 1564 non
939 1532 1063 1572 aderat,
1087 1532 1138 1564 hic
1162 1532 1248 1565 festo
1272 1536 1421 1575 tempore
1445 1532 1589 1575 paschae

687 1584 830 1616 Pulcher
852 1583 946 1616 adest
970 1584 1103 1624 Caesar,
1127 1584 1203 1616 dum
1227 1595 1302 1616 rosa
1324 1595 1390 1616 non
1413 1584 1538 1616 aderat.

561 1643 584 1661 1⁵
638 1636 703 1673 Qui
727 1646 841 1668 roseus
865 1636 972 1668 fuerat
994 1635 1195 1668 Lantbertus
1219 1647 1359 1678 namque
1383 1636 1512 1675 beatus,

687 1687 819 1730 Excipit
842 1699 920 1720 ecce
942 1699 1060 1728 rosam,
1085 1689 1140 1731 qui
1164 1699 1278 1720 roseus
1302 1689 1418 1728 fuerat,

639 1741 778 1773 Praesul
801 1743 834 1773 et
856 1741 1052 1783 Hartgarius
1075 1741 1248 1773 Lantberti
1271 1741 1390 1774 nobilis
1413 1741 1520 1780 heres,

687 1792 803 1834 Diligit
826 1792 1014 1835 Augustum
1040 1794 1171 1835 praesul
1195 1797 1228 1825 et
1250 1793 1458 1836 Hartgarius.

639 1844 745 1884 Mosa,
768 1848 859 1876 tuum
883 1845 1051 1887 specimen
1074 1845 1175 1877 Musis
1199 1845 1366 1878 modulare
1391 1846 1535 1883 canoris;

558 1905 583 1924 ²⁰
688 1897 758 1929 Ceu
781 1897 918 1929 Rhenus
941 1897 1083 1937 celebra,
1106 1896 1209 1936 Mosa,
1233 1901 1324 1929 tuum
1349 1897 1524 1939 specimen.

642 1948 828 1981 Hei-idanus
851 1949 968 1981 fluvius
991 1959 1066 1980 nam
1090 1949 1181 1980 novit
1205 1948 1357 1981 Caesaris
1380 1949 1501 1981 almum

687 2001 816 2033 Nomen
840 2003 875 2033 et
897 2001 1026 2033 exultat
1049 2001 1236 2033 Heridanus
1260 2001 1387 2033 fluvius.

640 2051 705 2083 Hic
726 2052 785 2091 vir,
809 2052 861 2084 hic
885 2052 1095 2094 armipotens,
1121 2053 1271 2084 meritum
1295 2052 1349 2094 qui
1373 2053 1459 2084 tollit
1483 2053 1516 2084 in
1539 2056 1646 2090 astra;

688 2104 832 2136 Hercule
856 2104 891 2136 fit
914 2104 1020 2147 potior
1042 2104 1094 2136 hic
1118 2104 1176 2143 vir,
1201 2104 1253 2136 hie
1277 2104 1490 2147 armipotens.

561 2165 585 2184 2⁵
638 2158 702 2190 Hic
725 2161 800 2190 tuus
825 2161 876 2190 est
900 2158 1064 2198 Salemon,
1088 2159 1169 2191 felix
1193 2169 1212 2190 o
1235 2158 1383 2198 Francia,
1408 2158 1531 2200 gaude:

685 2209 846 2242 Pacificus
869 2210 1023 2253 princeps
1046 2210 1100 2242 hic
1123 2213 1199 2242 tuus
1225 2209 1299 2253 (est)
1325 2210 1487 2242 Salemon.

641 2261 822 2294 Stemmate
845 2261 989 2294 iustitiae
1012 2273 1073 2295 nec
1097 2273 1160 2294 non
1183 2263 1307 2305 pietate
1332 2272 1479 2302 semum,

687 2313 801 2346 Enitet
823 2313 875 2346 hic
899 2315 1016 2347 rutilus
1040 2318 1213 2347 stemmate
1238 2315 1394 2347 iustitiae.

639 2365 724 2397 Lilia
746 2366 837 2408 pacis
861 2370 949 2398 amat
971 2366 1130 2398 bellorum
1151 2367 1255 2398 mixta
1279 2366 1406 2405 rosetis,

556 2424 581 2443 ³⁰
685 2416 850 2449 Candidus
873 2418 925 2450 hic
947 2421 1055 2451 rector
1078 2418 1147 2450 lilia
1170 2419 1260 2461 pacis
1289 2422 1387 2450 amat.

378 2573 412 2599 43
435 2574 477 2600 *in
496 2575 565 2600 latus
579 2575 602 2601 0
616 2574 768 2609 in(fo)latus
787 2576 936 2602 Duemmler
1022 2576 1056 2602 48
1074 2578 1129 2602 Ceu
1147 2577 1239 2602 lucifer
1256 2578 1283 2602 iu
1301 2578 1356 2603 celo
1372 2578 1394 2602 C
1409 2577 1461 2603 *eut
1479 2578 1534 2603 alia
1553 2579 1624 2604 lectio
1637 2587 1690 2611 pro
1707 2578 1742 2604 48
1750 2578 1840 2610 priore
1853 2582 1931 2610 parre

273 2617 307 2643 53
329 2618 391 2642 siola
406 2618 428 2642 C
443 2627 509 2643 corr.
529 2619 678 2644 Duemmler
772 2618 805 2645 56
829 2618 926 2646 *sicera
949 2620 1001 2654 abi]
1024 2621 1074 2646 sibi
1097 2629 1171 2654 spero
1186 2620 1208 2646 C
1335 2620 1432 2653 [avum]
1453 2621 1492 2646 ed.
1513 2621 1662 2647 Duemmler
1686 2621 1789 2647 Sedula·
1813 2621 1931 2646 carmina

272 2670 298 2693 p.
323 2660 357 2686 25
381 2670 416 2693 aq.
506 2660 538 2686 16
562 2670 661 2687 roseam
681 2662 703 2687 G
724 2671 791 2687 corr.
818 2662 967 2689 Duemmler
1054 2662 1088 2688 23
1106 2662 1156 2695 hic]
1176 2664 1193 2688 h
1210 2672 1241 2689 ex
1259 2672 1276 2690 a
1290 2664 1312 2689 Ο
1398 2662 1432 2688 24
1455 2665 1569 2700 Hercule
1585 2665 1608 2691 G
1692 2663 1728 2690 25
1745 2668 1805 2690 anta
1823 2664 1931 2690 Francia

273 2704 323 2730 del.
343 2705 466 2737 gaudium
482 2704 504 2730 O
589 2704 623 2729 26
641 2709 680 2731 est
698 2706 760 2730 add.
779 2706 929 2731 Duaemmcer

377 2796 478 2831 [wint]
497 2797 582 2824 nescio
600 2798 679 2825 cuius
697 2799 767 2826 anni
785 2807 871 2826 mense
891 2799 969 2826 Maio
986 2799 1122 2834 scriptum.
1213 2799 1244 2826 17
1258 2799 1374 2833 XVIII,
1395 2800 1420 2826 9.
1507 2801 1540 2827 21
1559 2808 1578 2827 c.
1589 2809 1614 2835 y.
1630 2800 1676 2827 Ge.
1690 2799 1715 2834 I,
1733 2799 1793 2826 482.
1844 2830 1865 2850 s
