2040 2996
808 116 916 143 LIBER
938 117 1082 145 PRIMUS.
1732 131 1741 160 1
1750 131 1767 161 3

482 204 553 237 Nec
577 204 639 236 sibi
662 204 758 236 valde
781 204 911 243 timens,
936 203 993 235 sed
1017 206 1104 247 regis
1127 208 1234 249 turpia
1256 208 1340 241 faeta

386 265 423 284 ²⁴⁵
482 257 655 289 Horrescit
677 256 801 299 potius:
825 258 940 287 cautus
964 256 1016 287 eui
1039 267 1175 299 parcere
1199 263 1301 295 curat,

483 309 625 341 Crimine
649 318 690 340 ne
712 310 804 340 tanto
827 307 903 339 festi
925 308 1074 340 foedaret
1097 309 1264 344 honorem.

482 361 574 394 Haec
598 370 723 393 secum:
749 359 872 391 vultum
897 360 1024 402 populis
1048 362 1253 394 monstrabat
1276 364 1428 404 alacrem

480 413 598 446 Donec
619 415 736 445 cuncta
757 411 820 444 deo
845 412 1014 444 sollemnia
1038 413 1098 444 rite
1122 415 1258 456 peregit.

480 465 542 498 His
565 465 670 508 gestis
693 463 858 496 dominum
883 464 1021 506 supplex
1045 465 1075 495 in
1100 468 1175 497 vota
1198 467 1340 498 vocavit:

385 525 423 544 2⁵⁰
481 517 553 557 ‘Da,
577 517 668 555 deus,
691 518 728 547 ut
749 515 874 558 possim
898 515 957 547 soli
980 515 1039 547 tibi
1064 517 1191 549 solvere
1214 521 1289 550 vota

479 569 549 602 Nec
573 572 690 602 tenear
711 567 822 600 mundi
845 567 988 599 fallentis
1012 568 1155 610 imagine
1179 573 1303 611 eaptus,

480 621 547 654 Sed
569 621 667 653 liceat
688 630 811 652 nocuos
836 619 935 651 saecli
958 620 1023 651 iam
1048 630 1199 662 rumpere
1222 622 1348 654 nexus*

476 673 570 717 Haec
592 673 679 706 fatus
701 671 840 704 famulos
862 670 945 703 fidos
969 671 1093 713 delegit
1115 672 1157 703 ab
1181 673 1268 704 omni

429 729 445 732 ’“
479 723 659 761 Conventa,
683 723 800 766 quibus
823 723 906 755 haec
930 727 1020 754 vates
1045 734 1087 755 ex
1110 723 1222 756 ordine
1246 725 1369 766 pandit:

381 785 418 804 2⁵⁵
477 777 651 809 ‘Maturate
675 776 795 818 fugam,
819 775 895 810 carL
920 785 961 806 ne
985 775 1127 817 perfidus
1152 775 1217 808 ille*

478 828 607 872 Inquid,
630 827 826 870 ‘pontificem
850 830 980 858 truncet
1002 826 1180 869 fundatque
1205 838 1361 862 cruorem.

476 880 641 913 Pontificis
664 879 805 911 maculet
829 889 910 910 nece
934 879 1077 910 maxima
1099 879 1184 911 festa
1207 880 1400 921 quotannis'.

545 932 702 965 Deseruit
724 930 857 963 tandem
882 930 991 962 mundi
1015 931 1195 962 retinacula
1219 935 1350 965 cuneta:

476 985 541 1018 Per
562 983 668 1017 noctis
691 983 831 1026 spatium
856 993 1034 1025 properans
1058 983 1146 1014 volat
1168 994 1230 1014 axe
1254 984 1363 1016 citato.

340 1031 344 1034 ”
379 1045 417 1064 ²⁶⁰
475 1037 589 1070 Donec
611 1036 668 1068 lux
691 1035 846 1068 tenebras
869 1035 979 1069 furvas
1003 1035 1217 1078 umbramque
1242 1036 1369 1077 fugarat

474 1088 632 1121 Pallentis
656 1087 794 1122 Phoebi.
819 1087 921 1118 roseis
946 1097 1018 1118 cum
1043 1087 1189 1118 curribus
1213 1098 1290 1119 arva

473 1140 649 1173 Perflabat.
695 1139 839 1171 Nimium
864 1138 966 1170 tristis
989 1149 1048 1170 rex
1072 1139 1142 1181 ipse
1166 1139 1323 1171 remansit

473 1192 566 1225 Illius
589 1191 758 1231 abscessu,
783 1191 927 1233 querulis
952 1194 985 1222 et
1009 1194 1097 1222 tecta
1121 1191 1276 1233 replevit:

473 1243 571 1282 ‘Quid
586 1244 746 1276 facimus?
771 1262 809 1266 -
835 1243 1026 1285 Properate,
1050 1243 1120 1275 viri.
1159 1243 1225 1275 Cur
1247 1243 1421 1286 linquitis?‘
1447 1244 1567 1286 inquid,

377 1303 413 1323 ²⁶³·
471 1296 584 1329 ‘Arma
606 1296 666 1328 viri
691 1298 830 1334 sumant,
855 1295 1006 1326 iuvenum
1030 1295 1078 1326 vis
1103 1295 1169 1327 tela
1193 1299 1352 1338 capessat,

472 1349 567 1381 Nunc
590 1349 718 1391 equites
741 1350 879 1380 certent.
904 1347 1028 1379 celeres
1052 1350 1175 1379 armate
1199 1348 1371 1390 maniplos,

472 1401 602 1433 Currite
625 1403 700 1443 post
723 1402 842 1431 vatem.
888 1398 980 1434 Quae
1005 1409 1064 1430 nos
1087 1398 1253 1431 dementia
1275 1398 1414 1441 caepitT

470 1452 623 1495 Undique
646 1451 743 1484 turba
765 1451 839 1487 ruit,
863 1453 1039 1493 properant
1063 1460 1215 1482 revocare
1240 1451 1441 1492 magistrum.

469 1504 546 1548 Ipse
568 1508 678 1536 tamen
702 1503 854 1546 precibus
878 1503 1018 1545 supplex
1042 1502 1206 1534 absolvier
1229 1506 1313 1534 orat:

376 1563 414 1583 ²⁷⁰
471 1557 682 1589 Luxoviense
705 1556 788 1598 petit
811 1554 931 1598 rapidis
955 1554 1015 1586 sub
1039 1554 1207 1596 gressibus
1231 1565 1359 1596 agmen.

469 1608 616 1641 Clericus
641 1608 692 1640 hic
715 1607 867 1650 equidem
891 1607 955 1638 inm
980 1606 1121 1638 Ebrinus
1146 1607 1177 1638 in
1202 1606 1313 1638 ordine
1338 1607 1456 1638 mansit

469 1661 582 1694 Sacro.
627 1660 711 1693 Tum
735 1660 859 1703 pariter
882 1670 996 1702 pacem
1022 1659 1215 1701 veniamque
1239 1662 1389 1702 petentes

467 1713 512 1746 Et
532 1713 676 1746 lacrimis
699 1713 818 1745 faciem
842 1711 942 1754 largis
965 1711 1292 1754 perfundit.uterque
1395 1705 1398 1707 Α

466 1765 570 1808 Inque
594 1765 698 1797 vicem
722 1766 931 1806 peecatorum
957 1763 1002 1794 sic
1025 1763 1156 1794 vincula
1178 1767 1340 1806 rumpunt.

370 1825 407 1844 ωιτη
468 1817 560 1855 Quos
582 1820 677 1860 pater
700 1816 853 1859 egregius
877 1816 1009 1847 monitis
1033 1816 1186 1847 instruxit
1209 1816 1329 1849 amicis.

467 1869 532 1907 Qui
555 1879 684 1902 sacrum
707 1868 816 1900 studio
841 1867 1072 1900 monachorum
1098 1871 1230 1900 rexerat
1252 1878 1380 1910 agmen,

466 1921 510 1954 Et
532 1921 653 1960 docuit,
676 1920 798 1953 domini
821 1931 905 1963 quae
930 1920 995 1952 sint
1018 1919 1171 1952 mandata
1194 1919 1347 1952 tenenda.

465 1974 556 2011 Quos
578 1978 689 2007 tamen
713 1974 755 2006 ad
778 1977 908 2016 tempus
931 1973 1132 2005 disiunxerat
1155 1972 1268 2004 ordine
1292 1976 1391 2010 certo,

465 2026 553 2059 Dum
576 2027 707 2069 penitus
730 2029 858 2058 mentes
881 2024 1046 2057 discordes
1070 2035 1136 2067 pax
1159 2025 1212 2067 pia
1235 2024 1359 2066 iungat,

367 2086 405 2105 2⁸⁰
466 2078 520 2111 Sic
543 2079 673 2111 demum
697 2078 832 2118 monuit,
856 2078 994 2119 iungant
1016 2080 1053 2108 ut
1077 2086 1213 2118 corpora
1238 2086 1358 2108 seeum.

462 2130 526 2168 Qui
548 2131 652 2174 patris
674 2130 800 2172 egregii
824 2129 971 2162 studiose
996 2129 1086 2160 iussa
1108 2128 1274 2159 facessunt

462 2182 512 2214 Ac
534 2181 666 2214 tandem
689 2181 827 2214 formam
850 2180 1001 2213 monachi
1025 2189 1193 2222 sumpsere
1217 2178 1399 2220 benignam.

529 2232 690 2277 Tempore
714 2243 780 2266 non
802 2233 867 2265 alio
891 2231 1089 2275 produxerat
1111 2231 1226 2262 ultima
1249 2234 1368 2262 metam

199 2380 250 2408 247
267 2382 377 2408 alacrem
395 2382 418 2407 R·
438 2382 461 2407 G
547 2380 599 2407 253
617 2381 686 2407 ornnl
705 2382 727 2406 R
748 2381 771 2405 G
857 2379 908 2406 266
927 2378 1013 2405 *hune
1034 2380 1057 2403 G
1143 2377 1193 2403 267
1212 2377 1311 2411 *coepit
1331 2378 1354 2403 G
1371 2378 1438 2411 oepit
1456 2378 1480 2402 Ρ

199 2457 250 2484 249
268 2458 334 2484 Aen.
355 2457 385 2491 V,
402 2458 454 2485 514
472 2458 501 2484 in
521 2459 586 2485 vota
604 2457 722 2485 vocavit.
808 2457 861 2484 250
878 2457 925 2489 cfr.
945 2465 965 2483 π.
985 2456 1026 2482 w.
1108 2454 1155 2480 251
1171 2454 1238 2479 Aen.
1251 2452 1304 2486 IV,
1321 2453 1354 2479 84
1367 2452 1502 2487 genitoris
1514 2452 1637 2487 imagine
1650 2453 1740 2486 capta.

95 2509 147 2536 ΞΜ
172 2508 331 2542 Walahsn'd.
353 2509 396 2537 in.
421 2509 488 2536 Τόν.
508 2509 560 2537 244
583 2509 638 2544 (ΙΙ,
656 2510 718 2543 377)
733 2517 808 2536 :rem
832 2517 864 2534 ex
889 2508 986 2535 ordine
1004 2506 1108 2541 pando;
1135 2505 1213 2538 (Aen.
1238 2504 1281 2530 VI
1281 2524 1289 2537 ‚
1309 2504 1359 2531 ‘123
1377 2504 1473 2530 ordine
1491 2503 1603 2538 singula
1621 2503 1740 2538 pandit).

94 2561 148 2588 255
162 2561 229 2588 Aen.
243 2562 266 2594 Ι,
280 2561 330 2588 187
347 2560 489 2588 Maturate
506 2561 611 2596 fugam.
689 2562 741 2587 259
759 2562 869 2587 Arator.
889 2559 915 2593 l,
933 2559 984 2586 675
997 2558 1074 2585 volat
1086 2566 1138 2584 axe
1151 2557 1246 2583 citato.
1325 2556 1377 2582 260
1396 2556 1454 2582 Gal.
1468 2556 1502 2582 42
1515 2563 1566 2588 sqq.
1580 2555 1619 2581 sol
1639 2574 1645 2581 .
1665 2575 1671 2581 .
1688 2556 1692 2589 Ι
1708 2575 1714 2581 .
1734 2575 1739 2581 .

95 2614 194 2640 sunto
205 2613 354 2647 quatiebat
370 2613 479 2640 lumina
497 2622 587 2646 curru,
602 2614 608 2647 Ι
623 2613 746 2640 crinibus
759 2615 787 2639 et
800 2612 885 2639 roseis
898 2611 1027 2638 tenebras
1039 2610 1145 2636 Aurora
1157 2609 1277 2642 fugarat.
1366 2607 1417 2633 263
1435 2607 1501 2633 Aen.
1515 2606 1553 2639 II,
1571 2607 1621 2632 (379
1633 2606 1739 2640 gemitu

94 2666 199 2692 sectum
221 2673 303 2692 omne
324 2665 460 2700 replebat.
562 2666 614 2692 264
636 2666 685 2699 cfr.
705 2666 771 2692 Aen.
792 2665 868 2698 XII,
891 2664 949 2691 425,
1053 2661 1102 2688 267
1128 2660 1187 2687 Ecl.
1207 2659 1251 2692 II,
1274 2660 1308 2685 69
1331 2667 1403 2692 quae
1429 2659 1457 2684 te
1484 2657 1624 2684 dementia
1646 2657 1739 2691 cepit?

93 2715 146 2743 268
162 2715 283 2744 Ermold.
297 2716 336 2750 ΙΙ,
355 2716 402 2744 121
423 2717 476 2751 (H,
489 2717 534 2750 27>
552 2717 619 2744 Cum
641 2717 764 2751 undique
783 2716 864 2743 turba
883 2716 948 2742 ruit.
1030 2714 1081 2740 270
1098 2713 1145 2745 cfr.
1160 2711 1217 2738 175.
1298 2710 1346 2736 281
1366 2711 1413 2743 εἰν.
1426 2711 1468 2736 82.
1549 2709 1600 2735 282
1618 2709 1667 2742 cfr.
1682 2708 1738 2735 173.

94 2766 146 2794 283
162 2775 182 2794 e.
197 2775 222 2802 9.
243 2767 288 2795 Ge.
308 2767 367 2802 111,
385 2769 433 2796 531
453 2769 590 2804 Tempore
609 2777 664 2795 non
683 2769 746 2795 alio.
