2040 2996
244 90 301 120 162
809 85 951 112 SEDULII
970 84 1098 112 SCOT'PI
1117 84 1283 112 CARMINA
1304 85 1324 111 Ι.

1038 259 1100 280 XVI.

609 324 766 366 Quisquis
789 324 989 366 bellipotens
1013 323 1119 355 saevis
1143 323 1275 354 confidit
1298 324 1330 355 in
1355 324 1454 355 armis

655 376 694 407 In
718 386 753 407 se
777 375 845 407 sive
870 376 936 406 suis
961 386 1054 417 spem
1076 375 1162 406 male
1186 375 1269 406 fidus
1294 375 1430 414 habens,

607 428 759 460 Instabili
783 429 962 460 tremulans
988 428 1064 459 folio
1088 428 1293 459 simulabitur
1316 428 1382 466 ille,

656 479 789 511 Grando
813 479 898 521 quod
921 480 1075 520 excussit,
1099 479 1186 521 quod
1210 479 1328 511 nothus
1352 482 1449 521 atque
1474 483 1596 515 movet;

545 539 554 555 ’ν
609 531 710 563 Cuius
732 531 853 562 loricae
878 533 1009 562 textura
1032 531 1159 572 rigente
1184 531 1316 562 metallo

655 582 701 614 Ut
723 582 847 624 fragilis
871 582 959 614 telae
983 585 1078 614 nutat
1100 583 1290 619 araneolae3

609 635 787 666 Plumbeus
811 637 846 666 ut
869 634 969 676 pugio
993 634 1122 676 gladius
1146 635 1297 666 lentescit
1319 638 1434 666 acutus

655 687 725 718 Nec
750 686 832 718 fidus
857 686 1021 718 dominum
1045 686 1188 729 protegit
1211 689 1244 718 et
1267 687 1407 729 clipeus;

613 739 719 775 Quem
743 739 860 780 galeae
885 738 989 770 tutela
1011 738 1131 780 premit
1155 749 1215 769 ceu
1239 739 1335 770 lanea
1357 739 1469 774 cassis,

533 799 557 817 ¹⁰
657 791 789 823 Lancea
812 790 1020 832 vulnipotens
1045 790 1129 822 sicut
1153 790 1300 822 harundo
1316 791 1421 821 valet.

610 842 746 874 Talibus
770 841 951 874 horrendus
975 842 1119 873 iactabat
1142 852 1222 873 sene
1247 841 1372 880 (iulias,

658 894 763 931 Quem
787 893 887 925 funda
909 894 1030 925 missus
1055 893 1169 925 stravit
1192 893 1233 925 ab
1257 893 1352 925 hoste
1373 893 1491 935 lapis?:

610 946 706 978 Illum
730 956 794 977 non
818 945 899 977 iuvit
922 945 1057 987 clipeus,
1081 956 1144 977 non
1168 955 1258 976 arma
1281 944 1450 977 tremenda

658 998 797 1040 Nonque
821 998 933 1029 minax
958 1008 1065 1029 sermo
1089 997 1211 1040 profuit
1235 997 1412 1039 allophylo.

534 1059 556 1077 ¹⁵
612 1051 646 1083 Si
669 1051 733 1090 leo,
757 1050 785 1081 si
808 1050 902 1092 tigris
925 1050 1138 1092 perimuntur,
1163 1049 1190 1080 si
1213 1048 1417 1088 crocodillus,

659 1103 780 1144 Ingens
805 1102 832 1133 si
857 1112 980 1133 murem
1003 1104 1081 1133 trux
1105 1101 1272 1143 clefasque
1297 1101 1405 1132 timet:

611 1154 699 1195 Ergo
724 1164 784 1185 nec
808 1154 840 1184 in
865 1153 1004 1195 propriis
1027 1152 1191 1185 fidendum
1215 1152 1340 1184 viribus
1363 1152 1421 1183 ulli

660 1205 837 1247 Belligero,
862 1206 1009 1246 quamvis
1033 1215 1132 1237 aerea
1154 1204 1302 1236 membra
1326 1207 1428 1246 gerat.
1454 1222 1491 1226 —

614 1259 653 1290 In
677 1258 808 1289 domino
832 1257 940 1300 potius
963 1258 1038 1289 vivo
1063 1269 1139 1300 spes
1163 1260 1230 1289 tota
1253 1257 1388 1295 locetur,

534 1319 559 1337 20
661 1309 725 1346 Qui
749 1309 834 1351 regit
858 1309 1053 1341 altithronus
1077 1309 1208 1341 numine
1232 1319 1334 1350 regna
1357 1308 1450 1340 deus:

615 1362 679 1398 Qui
703 1361 759 1393 dat
783 1365 815 1393 ct
838 1361 1043 1404 omnipotens
1068 1361 1207 1393 ducibus
1231 1371 1365 1403 sperare
1390 1360 1564 1402 superbam

662 1414 829 1445 Virtutem
853 1413 961 1445 valida
983 1414 1115 1446 vincere
1139 1423 1238 1456 posse
1261 1423 1360 1444 manu

1042 1578 1116 1600 xvn.

434 1644 583 1675 Ventosa
606 1653 680 1674 cum
703 1642 874 1674 desaeviat
1213 1640 1368 1682 Quisquis
1393 1640 1479 1682 sapit
1502 1640 1647 1681 pericula

434 1696 514 1727 Euri
540 1695 684 1737 procella
707 1697 920 1736 perstrepens
1212 1692 1328 1724 Vitare
1352 1691 1450 1723 corde
1474 1691 1618 1733 provido⁷

435 1747 521 1778 Altis
546 1750 663 1778 tonans
688 1745 728 1777 de
755 1744 920 1776 montibus
1135 1751 1158 1769 ¹5
1212 1743 1311 1786 Fugit
1335 1744 1454 1775 timens
1478 1743 1559 1774 haec
1583 1743 1703 1779 omnia,

435 1799 516 1830 Cum
540 1798 693 1829 nubilosa
715 1796 884 1839 grandine,
1214 1792 1334 1827 Tutum
1359 1797 1511 1838 capessat
1533 1797 1570 1825 ut
1592 1795 1710 1826 locum.
1736 1814 1774 1817 —

372 1901 382 1918 ⁵
439 1893 548 1924 Silvae
572 1894 732 1933 ruantque
755 1891 913 1934 protinus,
1216 1890 1270 1922 Sic
1294 1891 1464 1932 ingruente
1489 1889 1631 1920 maximo

437 1945 600 1976 Tui-betur
622 1946 715 1975 actus
738 1945 771 1974 et
793 1943 904 1982 maris,
1214 1941 1460 1973 Adversitatum
1483 1941 1613 1972 turbine

436 1997 544 2028 Minas
569 1998 602 2027 et
625 1995 722 2026 astris
746 1994 865 2025 inferat
1214 1994 1305 2025 Totis
1329 1992 1473 2036 petenda
1495 1992 1617 2023 viribus

436 2049 564 2080 Ventus
588 2046 735 2089 crepanti
759 2045 910 2077 fulmine:
1135 2052 1160 2070 ²0
1213 2045 1450 2077 celsitonantis
1473 2044 1619 2076 dextera.

437 2143 529 2175 Ferit
551 2153 653 2185 pavor
676 2141 862 2172 mortalium
1216 2140 1341 2172 Beatus
1365 2139 1420 2171 ille
1443 2139 1632 2181 praeminet,

360 2204 384 2222 10
436 2196 528 2227 Tunc
553 2193 650 2226 eorda
675 2192 957 2228 contrementium,
1216 2191 1280 2228 Qui
1303 2195 1380 2222 tunc
1405 2191 1536 2222 volante
1559 2191 1717 2233 praepete

437 2247 488 2279 Ne
513 2249 637 2278 sternat
660 2245 708 2276 ira
731 2244 868 2276 caelitus
1216 2243 1372 2275 Oratione
1396 2242 1580 2274 machinam

436 2298 657 2341 Propaginem
680 2296 896 2328 terrestrium.
1215 2294 1287 2326 Poli
1310 2297 1463 2336 penetrat
1486 2294 1632 2326 arduam.

357 2463 431 2497 [xvi]
461 2463 475 2488 7
503 2464 595 2496 piggeo
622 2471 653 2488 ex
679 2462 767 2495 piggio
788 2461 814 2486 P
835 2445 902 2486 corr.
926 2460 1015 2485 Maius
1077 2460 1198 2485 lautescit
1215 2459 1241 2484 P
1261 2468 1328 2484 corr.
1351 2459 1440 2484 Maius
1536 2457 1552 2483 9
1579 2459 1668 2484 lancea
1685 2457 1711 2483 Γ
1730 2467 1797 2483 corr.
1818 2457 1909 2482 Maiae

256 2508 288 2534 13
306 2507 390 2533 *uiuit
402 2508 426 2532 P
505 2506 537 2531 14
555 2506 711 2540 allophiloP
788 2504 820 2531 15
838 2505 977 2529 secundum
996 2504 1017 2529 si
1035 2512 1065 2529 cx
1083 2512 1098 2528 a
1111 2503 1134 2528 P
1177 2501 1326 2536 *perimitur
1337 2502 1363 2527 P
1404 2501 1605 2527 corcodrillusP
1686 2499 1716 2525 17
1735 2501 1874 2526 uidendum
1885 2500 1911 2525 P

253 2562 320 2578 corr.
339 2552 427 2576 Maius
506 2550 538 2575 18
555 2549 635 2576 *enea
647 2550 672 2575 P
750 2548 785 2574 24
801 2547 929 2581 *superna
942 2547 967 2572 P
1078 2545 1160 2579 [xvu.]
1179 2547 1196 2572 5
1214 2547 1280 2572 silue
1297 2554 1328 2571 ex
1346 2546 1423 2571 siluat
1435 2544 1460 2569 P
1539 2544 1572 2570 10
1585 2544 1791 2569 contremintium
1805 2553 1872 2569 corr.
1885 2543 1911 2568 P

253 2595 288 2621 20
306 2594 376 2620 *Geli
394 2593 539 2619 tonantisI'

361 2687 435 2722 [xv1.]
455 2687 469 2713 1
491 2686 571 2713 Trist.
585 2686 610 2719 1,
623 2687 648 2718 5,
668 2686 701 2712 73
722 2686 812 2713 saevis
839 2685 966 2720 agitatus
988 2684 1018 2710 in
1040 2683 1133 2710 armis.
1220 2683 1237 2709 5
1254 2682 1323 2709 Aen.
1344 2681 1486 2715 V111,621
1507 2681 1621 2708 loricam
1640 2688 1673 2706 ex
1686 2687 1750 2706 aere
1762 2679 1908 2714 rigentem.

256 2739 271 2765 7
293 2738 440 2774 plumbeus
459 2738 546 2773 pugio
564 2737 620 2764 vide
638 2737 810 2772 Enyelbraeht
827 2739 877 2764 act.
895 2745 934 2764 ac.
959 2735 1068 2763 Vindob.
1092 2735 1152 2769 CX,
1165 2734 1216 2761 476
1233 2733 1296 2760 adn.
