2060 3074
219 244 221 246 ,
280 215 342 244 672
934 212 1085 239 MILONIS
1105 212 1280 239 CARMINA.

563 312 601 332 930
644 299 782 331 Divinae
806 299 936 342 pietatis
959 310 1040 342 opus
1063 310 1121 331 sua
1147 299 1231 331 dona
1253 300 1379 332 misello

647 351 789 382 Contulit
813 354 846 382 et
869 361 966 382 sanae
991 351 1156 383 doctrinae
1176 352 1381 394 participanti

647 402 735 434 Scire
760 402 859 441 dedit,
884 402 997 434 directi
1019 403 1108 448 iteris
1132 413 1194 445 quo
1219 403 1335 434 semita
1358 403 1469 443 fertur,

647 453 784 496 Quoque
808 454 935 486 sinistra
958 454 1051 495 ferat,
1074 465 1139 486 non
1161 455 1341 497 ignorabile
1364 455 1467 497 liquit.

644 506 772 538 Erranti
796 510 905 538 tamen
929 509 979 538 est
1001 507 1087 538 visus
1110 507 1162 538 hio
1185 507 1322 539 tramitis
1345 507 1424 539 ordo

561 570 598 589 935
643 558 769 601 Aptior,
793 562 828 590 ut
851 555 1005 600 sequerer
1029 559 1156 590 loetalis
1179 559 1249 590 iura
1271 559 1408 601 tyranni,

646 610 751 646 Quam
773 611 851 652 iuga
874 611 933 642 sub
958 610 1077 642 Christi
1099 614 1222 642 memet
1245 611 1399 642 salvantis
1422 611 1556 643 abirem.

647 662 735 693 Talis
758 662 825 694 vita
847 662 924 694 mihi
947 663 1114 704 primaevo
1138 673 1157 694 a
1179 665 1334 704 tempore,
1350 663 1452 703 fluxit,

647 714 743 745 Actio
766 717 857 746 tanta
881 714 998 757 operis,
1023 725 1105 756 quae
1129 724 1182 746 me
1206 725 1289 746 nunc
1311 724 1414 756 usque
1437 717 1602 746 retentans

647 765 834 798 Subiectum
858 767 942 798 vitiis
965 777 1022 798 sua
1045 777 1105 808 per
1126 766 1265 798 ludibria
1288 767 1397 807 traxit,

563 829 602 849 940
646 817 763 860 Sicque
787 829 877 850 meos
901 829 1001 850 annos
1025 818 1147 850 crudeli
1170 821 1256 850 sorte
1279 818 1424 860 regirans

648 869 814 902 Hactenus
839 871 937 912 exegi
959 870 1167 912 gemebunda
1189 870 1364 902 novissima
1385 873 1527 913 portans.

646 921 795 953 Infirmus
818 922 941 964 fragilis
963 922 1173 954 moribundus
1196 925 1338 954 maestus
1361 923 1506 963 anhelus,

649 972 741 1008 Quae
765 983 903 1013 mereor,
928 973 1060 1005 timidus
1082 976 1245 1005 tormenta
1268 976 1401 1005 aeterna
1422 984 1573 1016 pavesco,

640 1023 781 1056 Dormio
806 1036 901 1071 carne
925 1026 1012 1067 vigil,
1036 1026 1154 1067 ignavo
1179 1025 1276 1057 corde
1301 1036 1453 1068 soporus;

564 1089 601 1107 945
645 1076 773 1108 Dextra
797 1077 900 1109 otiosa
924 1080 1019 1109 vacat
1040 1087 1101 1108 nee
1123 1087 1215 1109 mens
1238 1087 1295 1108 rea
1318 1080 1424 1109 cessat
1446 1077 1487 1109 ab
1511 1080 1599 1115 actu3

647 1129 762 1160 Iuncta
784 1139 897 1160 manus
921 1129 1029 1160 manui
1051 1140 1258 1171 nequaquam
1280 1129 1412 1161 innoxia
1435 1129 1583 1170 habetur,

649 1180 737 1217 Quas
759 1181 853 1223 piger
875 1181 1003 1213 ascellis
1026 1181 1118 1213 abdit
1141 1192 1364 1224 summumque
1386 1181 1533 1213 laborem
1571 1211 1575 1215 ,

649 1232 805 1275 Deputat,
831 1233 975 1265 esuriens
998 1234 1129 1276 proprio
1153 1233 1212 1265 has
1235 1234 1262 1265 si
1284 1234 1430 1266 conferat
1453 1234 1514 1270 ori;

650 1283 684 1316 Si
707 1285 814 1326 faciat,
839 1284 926 1327 quod
948 1295 1028 1317 voce
1053 1285 1164 1322 docet;
1189 1285 1276 1328 quod
1298 1289 1417 1326 narrat,
1441 1289 1519 1328 agat
1541 1286 1576 1318 si.

566 1348 605 1367 950
648 1335 732 1368 Nam
756 1337 856 1368 multo
879 1337 982 1368 levior
1006 1336 1082 1368 dicti
1106 1347 1202 1379 quam
1224 1337 1330 1379 portio
1354 1337 1431 1369 facti
1453 1340 1503 1369 est

651 1387 694 1419 Et
716 1388 818 1420 facilis
841 1389 929 1431 pleni
951 1399 1054 1420 vacuo
1078 1388 1118 1420 de
1142 1391 1255 1420 ventre
1278 1389 1408 1431 loquela
1431 1392 1490 1421 est.

650 1439 763 1472 Omnis
787 1441 818 1472 in
843 1451 898 1472 ore
922 1440 1025 1482 labor,
1048 1441 1207 1472 labiorum
1230 1440 1351 1472 fructus
1373 1441 1487 1482 inanis,

651 1492 724 1524 Non
748 1493 883 1536 impleta
906 1493 999 1524 bonis
1022 1493 1048 1524 si
1071 1503 1162 1524 mens
1183 1493 1306 1524 ieiunat
1329 1493 1434 1535 egeni,

651 1544 721 1576 Nee
744 1545 870 1577 steriles
894 1545 1018 1577 animos
1041 1545 1133 1576 verbi
1155 1544 1320 1587 pinguedo
1344 1545 1481 1587 saginat.

568 1608 606 1627 9:11,
652 1596 715 1632 Qui
739 1596 872 1628 damnat
893 1596 1068 1628 malefacta
1091 1596 1237 1636 aliorum,
1261 1596 1401 1638 corrigat
1425 1599 1514 1628 actus

650 1648 726 1690 Ipse
751 1659 825 1680 suos
848 1649 979 1691 pariter,
1004 1658 1045 1679 ne
1069 1648 1120 1679 fur
1142 1658 1176 1679 se
1201 1647 1324 1679 furibus
1346 1647 1446 1679 addat

652 1699 904 1743 Oommunisque
927 1700 984 1732 fiat
1005 1699 1190 1731 moechanti
1212 1700 1318 1742 portio
1341 1699 1488 1731 moecho.

652 1751 779 1795 Quique
804 1752 983 1794 magisterii
1006 1752 1039 1783 in
1062 1752 1194 1794 reliquis
1217 1751 1286 1783 vult
1309 1751 1443 1797 culmen¹
1460 1751 1608 1791 habere,

650 1803 699 1836 Sit
723 1804 835 1836 doctor
857 1804 944 1846 prius
967 1804 1037 1846 ipse
1062 1814 1151 1841 suus;
1175 1803 1357 1846 simphonia
1380 1803 1482 1835 dulcis

567 1868 606 1887 ⁹60
650 1855 712 1886 Illa
734 1855 801 1895 fiet,
826 1854 934 1897 digitis
957 1855 984 1886 si
1006 1865 1071 1886 vox
1095 1857 1128 1886 et
1151 1854 1249 1886 corda
1271 1854 1421 1886 resultet:

649 1906 712 1943 Qui
736 1906 832 1938 docet
851 1909 884 1938 et
907 1906 1012 1947 solvit,
1036 1906 1186 1938 minimus
1209 1906 1261 1938 hic
1283 1906 1352 1938 iure
1376 1909 1526 1943 vocatum

649 1959 712 1994 Qui
735 1959 812 1990 facit
835 1962 885 1990 est
908 1969 1054 2000 magnus,
1079 1958 1154 2000 quia
1177 1958 1307 2000 linguae
1331 1961 1487 1989 consonat
1509 1960 1609 1990 actus.

691 2021 799 2053 XXII.
822 2020 907 2052 Hinc
930 2030 983 2052 me
1007 2020 1149 2052 desuetis
1172 2022 1376 2062 repetentem
1400 2020 1542 2051 carmina
1565 2020 1690 2051 rithmis

648 2073 741 2104 Musa
764 2084 866 2115 sagax
890 2073 976 2113 olim,
999 2074 1064 2105 iam
1086 2083 1171 2104 nunc
1192 2073 1311 2114 ignava
1334 2075 1506 2115 tepescens

565 2138 603 2157 965
647 2125 837 2157 Ammonuit
859 2128 964 2157 motas
987 2126 1020 2156 in
1043 2135 1101 2167 spe
1124 2125 1259 2156 meliore
1284 2124 1434 2166 querelas

648 2177 794 2209 Exerere
819 2181 852 2209 et
874 2180 988 2219 pectus
1011 2178 1098 2208 luctu
1121 2177 1306 2208 stimulante
1330 2176 1437 2216 ferire,

649 2229 806 2266 Quatinus
830 2229 1009 2272 anticipans
1032 2229 1158 2260 aeterni
1180 2231 1328 2271 tempora
1349 2229 1444 2260 fletus

649 2281 805 2314 Sordibus
827 2281 956 2314 ablutus
978 2282 1140 2324 baptismo
1164 2281 1303 2312 iterante
1327 2280 1447 2312 salubri

648 2333 752 2365 Solari
774 2343 901 2365 merear
923 2343 1046 2376 perque
1070 2333 1152 2364 haec
1174 2332 1316 2364 lamenta
1339 2332 1440 2364 beari.

565 2398 604 2417 9⁷0
647 2385 752 2425 Felix,
775 2385 925 2416 immunis
948 2385 1002 2427 qui
1025 2385 1156 2416 crimine
1179 2394 1309 2426 prorsus
1332 2384 1374 2415 ab
1399 2383 1485 2415 omni

650 2437 824 2472 Oarnalem
844 2437 986 2468 tunicam
1009 2437 1097 2468 nullo
1121 2429 1335 2467 maculamine
1359 2435 1454 2467 naevi

648 2489 784 2521 Polluit:
808 2489 860 2520 hio
883 2499 995 2520 somno
1019 2489 1131 2520 mortis
1155 2499 1286 2520 securus
1310 2488 1413 2520 obibit
1420 2498 1428 2524 ς

649 2540 712 2572 Hic
735 2542 841 2573 vultus
864 2543 966 2572 tetros
990 2544 1023 2572 et
1045 2541 1087 2572 ab
1112 2540 1198 2572 orbis
1222 2540 1347 2582 origine
1371 2539 1514 2579 adustos,

653 2593 814 2635 Sulphure
838 2596 1004 2624 concretos
1028 2595 1061 2624 et
1083 2592 1244 2624 adhaesos
1268 2591 1407 2623 crinibus
1429 2601 1563 2633 angues,

390 2722 440 2748 932
459 2724 556 2748 itineris
570 2724 594 2748 A
679 2723 731 2749 943
749 2731 872 2757 pauescas
889 2727 918 2748 ut
934 2723 1034 2749 videtur
1047 2722 1072 2748 A
1156 2721 1206 2748 951
1225 2722 1314 2748 faciles
1328 2722 1351 2747 L
1432 2720 1484 2746 965
1502 2721 1635 2746 Ammouit
1647 2720 1672 2746 L
1724 2729 1760 2745 an
1779 2718 1882 2745 *mutas
1894 2719 1908 2744 ἵ

390 2799 448 2826 947.
461 2800 512 2826 948
531 2799 606 2826 Pron.
625 2800 713 2831 26,1:'›
735 2799 882 2826 abscondit
904 2799 985 2834 piger
1009 2808 1122 2826 manum
1146 2799 1197 2825 sub
1221 2798 1324 2826 ascella
1349 2806 1400 2824 sua
1426 2800 1455 2826 et
1473 2798 1595 2830 laborat,
1620 2797 1644 2824 si
1667 2796 1703 2823 ad
1726 2804 1756 2823 os
1779 2804 1859 2822 suum
1878 2803 1940 2821 eam

288 2850 463 2877 converterit.
551 2851 602 2877 974
622 2851 686 2878 Met.
707 2851 755 2878 IV
765 2851 815 2878 790
833 2860 882 2878 cur
899 2851 958 2878 sola
976 2859 1099 2878 sororum
1117 2852 1121 2884 Ι
1136 2850 1256 2885 gesserit
1274 2850 1390 2878 alternis
1410 2850 1552 2877 immixtos
1570 2848 1694 2875 crinibus
1711 2855 1827 2882 angues.
1874 2866 1896 2894 ,ἶ
