2060 3074
459 248 496 268 175

459 506 497 526 180

457 767 494 786 1⁸5

456 1026 494 1046 1⁹0

457 1287 494 1307 195

450 2067 462 2086 2
465 2067 489 2087 lo

452 2333 490 2353 21³

271 2791 320 2817 198
336 2791 425 2819 crucis
442 2792 547 2820 vexilla
566 2792 656 2820 Sedul.
676 2794 762 2821 1337.
848 2795 900 2820 212
919 2793 973 2826 Gfr.
991 2794 1029 2821 ad
1046 2794 1207 2828 rescriptum
1225 2795 1352 2822 Haimini
1369 2803 1454 2829 supra
1468 2804 1531 2829 pay.
1546 2797 1606 2831 567,
1619 2797 1660 2824 1⁵1.

763 150 852 178 VITA
871 151 897 178 S.
911 151 1066 179 AMANDI.
1097 151 1206 195 {ABER
1219 152 1239 179 1.

541 236 695 268 Subditus
719 237 875 280 obsequio
899 238 1039 269 famulus
1063 238 1245 270 celeranter
1266 239 1299 270 in
1323 240 1418 271 omni.

540 287 608 320 Sed
630 288 707 320 dum
730 288 813 320 forte
836 289 941 320 minus
964 290 1038 321 loca
1059 292 1189 321 sanetus
1212 290 1342 332 cognita
1364 290 1490 331 lustrat,

540 338 660 372 Obviat
682 341 856 372 immanem
878 341 1029 373 horrendi
1052 341 1195 383 corporis
1217 352 1359 383 anguem

541 390 683 423 Saevum
705 393 946 434 squamigerum
970 393 1074 425 dirum
1097 396 1224 425 vastum
1246 394 1474 426 truculentum.

540 442 645 479 Quem
667 453 749 486 puer
771 444 931 486 aspiciens
954 445 1140 487 pariterque
1163 445 1297 477 horrore
1320 456 1498 488 pavescens

540 494 694 526 Terretur
717 498 826 538 stupet
849 495 1026 528 admiratur
1049 500 1083 528 et
1105 497 1220 528 anxius
1242 497 1357 529 haeret

539 545 770 589 Attonitusque
794 547 916 579 tremit:
942 558 1005 590 quo
1029 558 1176 590 gressum
1198 551 1350 590 verteret,
1374 550 1474 592 angit.

539 597 671 630 Caelica
693 598 752 630 sed
775 598 894 630 domini
917 610 994 631 mox
1016 600 1091 632 huic
1112 603 1148 631 ut
1169 600 1276 642 gratia
1298 601 1396 641 fulsit,

539 650 667 683 Corruit
688 651 721 682 in
745 651 871 692 faciem,
895 655 1016 684 terram
1039 663 1167 695 quoque
1191 663 1326 695 corpore
1349 654 1466 695 pressit

539 702 736 745 Suppliciter
758 705 887 743 stratus,
910 703 970 736 sed
992 707 1101 736 mente
1125 704 1168 736 ad
1190 704 1298 737 sidera
1319 708 1432 737 vectus

537 754 624 786 Hinc
647 765 776 797 quoque
799 756 966 796 vexillum,
992 759 1122 788 nostrae
1146 767 1210 799 quo
1234 767 1359 788 summa
1381 757 1493 788 salutis

538 806 702 847 Consistit,
725 806 833 838 valida
856 807 1007 850 obposuit
1029 808 1147 840 virtute
1172 807 1326 849 chelidro,

537 858 635 890 Iussit
657 861 691 890 et
713 858 756 890 ad
778 862 871 890 notas
893 859 984 891 illum
1007 870 1155 892 remeare
1179 860 1332 892 latebras.

537 909 685 942 Loetifer
706 913 758 954 ast
780 910 900 953 hydros
923 911 1006 954 signi
1028 912 1147 944 virtute
1170 913 1318 955 repulsus

536 961 705 1004 Effugiens
726 961 823 994 rediit
844 965 1022 1005 notumque
1045 964 1192 1006 relapsus
1215 963 1257 995 ad
1280 966 1406 995 antrum

536 1014 680 1046 Ulterius
702 1014 867 1047 hominum
889 1026 1049 1058 nusquam
1073 1017 1241 1059 conparuit
1264 1017 1321 1048 ulli

537 1065 743 1109 Ereptusque
766 1067 855 1099 locus
878 1070 968 1099 tanto
992 1068 1057 1099 iam
1080 1067 1184 1100 dictim
1207 1067 1248 1100 ab
1272 1068 1365 1100 hoste
1389 1071 1448 1100 est.

536 1118 639 1150 Fama
661 1122 712 1150 est
734 1122 903 1162 serpentes
925 1118 1050 1151 Marsos
1073 1119 1204 1151 turbare
1228 1122 1338 1152 suetos

537 1170 667 1213 Exigua
689 1170 820 1203 sibimet
844 1171 963 1204 vallum
986 1172 1102 1204 tellure
1126 1182 1252 1214 parare,

538 1222 634 1259 Quod
656 1226 800 1266 nequeat
822 1223 958 1255 transire
982 1223 1095 1255 cohors
1117 1233 1290 1255 numerosa
1311 1227 1494 1256 nocentum.

538 1273 605 1306 Sed
627 1275 762 1307 meliore
786 1275 839 1307 via
860 1275 996 1307 multum
1019 1275 1237 1317 praestantius
1260 1275 1320 1306 iste

536 1326 693 1369 Reppulit
714 1327 833 1369 ignitos
857 1327 964 1359 divino
989 1327 1108 1359 famine
1130 1327 1228 1359 rictus

537 1378 704 1421 Serpentis
727 1382 857 1411 sanctus
879 1382 1060 1422 prostratus
1080 1379 1114 1411 in
1136 1389 1259 1421 aggere
1282 1381 1389 1411 terrae

535 1430 602 1462 Per
623 1430 745 1463 vexilla
767 1432 879 1472 crucis,
903 1431 1012 1474 digitis
1035 1441 1118 1474 quae
1142 1431 1247 1474 pinxit
1268 1431 1301 1463 in
1324 1431 1418 1463 arvis.

538 1482 612 1515 Hoc
633 1483 771 1526 primum
793 1484 935 1526 patravit
957 1494 1048 1526 opus,
1073 1483 1160 1526 quod
1182 1484 1243 1515 rite
1266 1486 1413 1515 notatum

534 1534 738 1577 Linquimus:
761 1535 824 1567 hoc
846 1535 917 1567 aliis
939 1538 1015 1578 post
1036 1539 1146 1567 narret
1168 1534 1267 1567 sceda
1289 1535 1413 1566 futuris.

535 1586 624 1629 Ergo
646 1586 759 1619 humili
781 1590 858 1619 voto
881 1590 925 1628 te,
948 1590 1060 1630 pastor
1082 1586 1243 1631 Asnande,
1266 1597 1446 1630 precamur,

534 1638 714 1682 Antiquum
736 1642 772 1671 ut
794 1640 898 1682 pellas
921 1650 1073 1682 anguem,
1097 1640 1151 1682 qui
1174 1649 1311 1682 corpora
1332 1642 1442 1671 nostra

533 1690 608 1723 Non
630 1701 745 1723 curans
770 1691 892 1723 laniare
916 1691 1030 1723 animis
1052 1691 1158 1734 magis
1181 1694 1273 1734 optat
1295 1691 1414 1724 acerba

534 1742 694 1775 Vulnifico
717 1743 834 1775 nostris
857 1743 1028 1776 infundere
1051 1743 1150 1776 dente
1173 1753 1300 1775 venena

532 1794 787 1827 Flammivomus
809 1795 956 1827 flammas
979 1798 1013 1827 et
1035 1795 1160 1838 spirans
1182 1795 1297 1837 igneus
1320 1795 1428 1837 ignem

534 1846 597 1883 Qui
619 1846 688 1886 tibi,
711 1850 822 1878 sancte
845 1850 950 1889 pater,
974 1847 1141 1890 proprium
1164 1847 1339 1879 transmisit
1361 1847 1526 1879 alumnum

534 1898 676 1941 Serpens
699 1902 885 1941 serpentem
908 1909 1057 1934 saevum:
1081 1898 1140 1931 sed
1163 1909 1262 1931 saeva
1284 1899 1422 1931 serendo

534 1950 670 1983 Saevior
691 1950 832 1991 advenit,
857 1951 946 1983 cuius
969 1951 1028 1983 fuit
1050 1951 1105 1983 ille
1129 1951 1284 1991 minister,

533 2002 573 2034 In
595 2001 911 2035 Centumcellensem
934 2003 1065 2039 urbem3
1089 2002 1177 2045 quod
1199 2005 1275 2034 tuno
1298 2001 1380 2034 duce
1404 2002 1532 2036 Christo

533 2053 654 2086 Ordine
678 2054 739 2086 rite
762 2065 832 2095 suo,
857 2065 929 2086 cum
952 2055 1029 2087 illuc
1051 2064 1244 2097 pervenero,
1267 2064 1418 2096 pangam.

533 2105 627 2138 Nunc
649 2106 712 2137 iter
732 2106 919 2148 incoeptum
942 2106 1074 2149 gradior
1096 2105 1298 2149 hydrumque
1321 2105 1480 2148 relinquo.

534 2157 664 2198 Cresco,
687 2168 779 2200 puer,
802 2158 920 2190 virtute
943 2168 1042 2190 nova:
1066 2158 1111 2190 sic
1133 2157 1195 2190 ibis
1217 2157 1260 2189 ad
1282 2160 1378 2189 astra.

576 2217 636 2250 IX.
659 2217 697 2249 In
719 2218 851 2260 puerilis
875 2218 981 2250 adhuc
1003 2218 1120 2250 aetatis
1144 2218 1224 2250 flore
1246 2217 1364 2250 beatus

535 2269 760 2310 Succrescens,
783 2269 898 2302 studiis
920 2270 1074 2302 virtutum
1098 2269 1239 2302 intentus
1262 2269 1407 2301 honestis

520 2320 680 2364 'Corpore
704 2324 774 2353 erat
795 2321 931 2362 iuvenis,
955 2321 1062 2354 senior
1084 2321 1143 2353 sed
1166 2331 1264 2353 canus
1287 2321 1320 2352 in
1342 2324 1426 2353 actu.

533 2372 638 2410 Quem
661 2373 789 2415 genitor
811 2372 918 2404 verbis
941 2373 1128 2415 conpellans
1150 2372 1296 2414 pluribus
1320 2373 1431 2411 ambit,

533 2424 699 2456 Admonet
719 2424 867 2456 hortatur
888 2423 1052 2456 blanditur
1074 2424 1218 2467 postulat
1241 2427 1322 2464 orat,

532 2476 632 2508 Sacra
654 2476 841 2508 monasterii
865 2487 928 2519 quo
952 2476 1099 2519 linquens
1123 2476 1204 2507 atria
1226 2476 1327 2508 sancti

531 2527 650 2560 Vertat
671 2528 734 2560 iter
756 2531 842 2560 retro
867 2531 900 2560 et
922 2527 1084 2560 mundana
1106 2528 1239 2570 negotia
1261 2531 1360 2568 curet,

534 2579 614 2616 Quis
636 2579 730 2612 labor
751 2580 855 2611 omnis
878 2580 970 2620 inest,
995 2590 1058 2622 quo
1081 2582 1155 2611 sunt
1177 2580 1246 2611 sine
1269 2584 1385 2612 cuncta
1408 2581 1531 2624 quiete:

530 2630 633 2663 Fraus
656 2631 744 2663 furor
764 2631 905 2663 invidiae
930 2632 1084 2663 violentia
1107 2642 1183 2663 cura
1206 2632 1361 2664 tumultus

532 2682 570 2714 In
594 2683 699 2715 varios
722 2693 814 2715 casus
837 2683 1001 2715 hominum
1025 2683 1205 2726 mergentia
1229 2687 1362 2715 mentes.

275 2843 380 2870 Pon-⁴1
397 2852 481 2871 unm
498 2852 558 2872 nm
575 2845 700 2872 Oneum
718 2845 767 2879 111,
778 2845 804 2872 2.
1581 2848 1615 2875 73

1768 155 1830 187 573
