2060 3074
289 143 306 173 7
311 143 351 173 58
994 138 1140 165 PRAETE
1145 138 1240 166 RITA.

837 287 1057 323 CARMINA
1085 286 1393 324 SCOTTORUM.

280 373 354 403 pay.
373 363 437 394 692
466 362 484 394 l.
501 364 545 393 23
567 362 606 393 ab
631 362 691 393 imo
713 361 775 401 leye
789 371 800 392 .·
815 361 838 402 †
859 362 932 394 875.
1076 404 1079 408 .

380 414 441 445 695
464 425 492 446 v.
509 415 550 445 71
573 413 692 456 perfice
715 423 780 445 non
800 413 999 452 mutandum,
1022 412 1065 455 cf.
1089 412 1145 446 Ps.
1168 415 1219 451 16,
1236 413 1255 444 5
1277 413 1397 456 perfice
1413 423 1542 455 gressus
1564 424 1656 445 meos
1678 414 1711 445 in
1727 415 1848 446 semitis
1870 415 1943 454 tuis,

568 468 604 496 ut
626 476 691 496 non
713 468 905 496 moveantur
926 465 1065 506 vestigia
1087 475 1169 496 mea.

374 518 437 548 697
566 517 712 548 carmina
732 516 831 548 XIII
847 519 876 548 et
900 515 991 548 XIV
1002 518 1078 556 post
1100 515 1387 556 Montefalconium
1409 517 1495 548 edita
1518 519 1594 549 sant
1616 517 1712 549 etiam
1734 528 1756 549 a
1778 517 1883 550 Paulo
1905 518 1943 550 de

566 569 714 609 Layarde
742 568 953 610 (Rs-alterium
982 568 1076 600 iuxta
1107 568 1281 607 Hebraeos,
1316 569 1448 608 Lipsiae
1477 570 1576 608 1874,
1602 579 1679 610 pay.
1701 569 1942 611 XIII—XV),

566 621 660 652 cuins
682 631 781 660 neque
803 620 892 652 lectio
921 630 1020 660 neque
1041 620 1262 660 interpretatio
1284 620 1420 660 sufficit,
1451 631 1524 652 cum
1550 623 1588 652 ut
1609 621 1770 653 immemor
1791 621 1944 662 epis-table

566 672 838 713 Hieronymmnae
859 672 908 703 ita
930 672 1064 712 iqnarus
1086 672 1242 704 exstiterit
1264 672 1380 704 codicis
1398 672 1556 704 Vaticani.

373 726 436 755 699
458 736 484 757 v.
525 727 545 756 6
567 725 603 756 in
625 727 789 765 apparatu
811 723 892 756 adde
917 725 1069 756 ΚΕΦΔΔΗ
1098 725 1151 762 Μ;
1184 734 1212 755 v.
1233 725 1276 755 31
1306 724 1342 755 in
1369 726 1458 756 texta
1484 724 1547 765 lege
1570 726 1827 763 ΕΝΓΡΔΠΤΟΝ,
1859 724 1944 765 quod

566 777 612 808 M
629 779 659 808 et
677 776 709 808 V
721 776 881 818 praebent.

381 831 444 860 700
574 828 672 860 lauda
694 827 741 859 vel
761 829 851 859 lauta
867 838 930 868 pro
945 826 1044 859 labda
1060 830 1191 868 praeter
1209 827 1290 859 locos
1311 828 1377 859 iam
1392 828 1550 860 indicatos
1571 828 1606 859 in
1621 827 1796 868 alphabetis
1811 827 1945 860 Graecis

571 881 713 912 codicum
730 880 880 912 Vaticani
893 882 958 911 266
973 890 1052 911 saec.
1070 879 1127 911 IX
1139 882 1168 911 et
1184 878 1400 920 Sanyallensis
1414 881 1479 911 878
1493 890 1572 912 saec.
1584 879 1620 911 X
1633 879 1754 920 leqitur,
1775 878 1816 920 cf.
1835 879 1944 912 Gallec

570 931 821 964 Altsaeohsische
843 931 1175 972 Sprachdenkmwler,
1197 931 1258 963 tab.
1277 931 1348 963 ΧΙὁ
1372 934 1401 963 ct
1424 931 1526 964 Xllss.

839 1081 1025 1117 CARMIN
1028 1081 1059 1117 A
1087 1081 1392 1117 MUTINENSIA.

285 1167 361 1197 pay.
380 1157 444 1188 702
573 1155 611 1186 de
646 1155 806 1187 Leodoino
843 1156 983 1196 episcopo
1021 1156 1134 1196 optime
1171 1155 1233 1196 eyit
1271 1156 1469 1195 Tiraboschi,
1512 1157 1622 1189 Storia
1658 1156 1741 1188 della
1776 1157 1874 1189 badia
1909 1157 1946 1189 di

567 1207 753 1240 Nonantola
774 1207 800 1239 I
809 1210 860 1240 36.

373 1263 435 1293 704
457 1272 484 1293 v.
500 1262 543 1292 27
566 1259 631 1292 dele
657 1260 907 1298 adnotationem,
942 1259 988 1291 M
1015 1259 1099 1291 enim
1130 1259 1222 1292 habet
1254 1270 1319 1292 non
1350 1260 1384 1292 ’m
1416 1260 1496 1299 ulla,
1530 1260 1586 1292 sed
1613 1263 1620 1292 !
1648 1261 1747 1302 (quod
1779 1260 1946 1293 incisionis

565 1312 760 1353 rhythmicae
788 1312 916 1352 siqnum
943 1313 1004 1353 est)
1031 1311 1138 1350 11111111,-
1171 1311 1190 1343 l.
1212 1313 1234 1342 3
1255 1311 1295 1343 ab
1317 1311 1397 1343 imo:
1423 1312 1548 1344 munito
1570 1312 1616 1344 M
1638 1314 1713 1344 teste
1733 1311 1944 1351 Bethmmmo,

566 1364 640 1396 item
663 1363 682 1396 l.
698 1365 722 1396 2
743 1363 909 1396 sacranda.

837 1514 1137 1550 GODESCALCI
1165 1513 1395 1551 CARMINA.

282 1599 359 1629 pay.
377 1590 440 1620 713
476 1589 495 1620 l.
532 1590 554 1621 2
575 1589 614 1621 ab
636 1589 698 1621 imo
721 1589 798 1630 leye:
821 1588 1037 1629 Phillippicos.
1807 1622 1813 1628 ,

379 1642 442 1673 718
464 1651 496 1672 n.
532 1643 553 1672 3
576 1640 678 1673 Servii
705 1641 799 1672 verba
827 1641 932 1682 (apud
955 1640 1118 1673 Thilonem
1140 1641 1163 1673 Ι
1181 1642 1232 1680 28,
1248 1642 1283 1680 1)
1310 1641 1347 1672 in
1375 1640 1479 1672 codice
1500 1640 1660 1672 Bemensi
1686 1639 1792 1672 leviter
1821 1642 1947 1672 mutata

574 1694 621 1725 sic
650 1693 813 1734 leyuntur:
842 1693 945 1725 omnis
972 1703 1024 1725 res
1055 1693 1220 1725 hominum
1251 1694 1255 1734 Ι
1287 1695 1344 1725 aut
1373 1703 1415 1724 ex
1441 1695 1552 1724 nostra
1578 1692 1746 1724 uoluntate
1769 1691 1946 1724 descendit.

571 1744 618 1777 Ut
639 1748 728 1788 pote.
761 1745 887 1777 sedere.
916 1755 1049 1787 surgere
1075 1745 1080 1786 1
1107 1748 1163 1777 aut
1186 1755 1226 1777 ex
1251 1745 1310 1777 fati
1331 1745 1526 1777 necessitate
1550 1747 1586 1776 ut
1607 1746 1695 1787 pote.
1718 1743 1825 1776 Nasci.
1853 1743 1945 1775 mori.

575 1800 632 1829 aut
659 1808 702 1829 ex
730 1797 864 1829 deorum
886 1797 1054 1829 uoluntate
1081 1799 1117 1829 ut
1138 1792 1294 1840 nauigare
1317 1797 1372 1829 uel
1393 1796 1569 1828 honoribus
1599 1796 1670 1828 frui.
1714 1796 1759 1828 ad
1778 1805 1902 1828 versum
1923 1805 1946 1826 a

568 1859 616 1881 me
637 1849 824 1881 distinctum
851 1852 962 1882 contra
985 1849 1149 1892 godiscalfi
1171 1850 1368 1890 adscriptum
1389 1851 1444 1882 est.

378 1903 441 1933 724
472 1903 504 1940 1,
528 1903 548 1932 6
570 1902 694 1944 respice
716 1902 844 1944 lapsum
861 1901 1010 1943 praefert
1034 1901 1073 1934 G.
1090 1901 1202 1942 Meyer
1223 1901 1391 1942 Spirensis.

375 1955 439 1985 728
454 1964 479 1985 c.
491 1953 550 1985 IV
567 1954 692 1985 imitari
714 1954 839 1985 videtur
860 1954 1044 1985 Ademarus
1066 1953 1120 1994 (ch
1139 1954 1178 1986 L.
1195 1953 1323 1992 Delisle,
1348 1953 1459 1985 Notice
1480 1963 1538 1984 sur
1560 1952 1604 1984 les
1625 1963 1697 1984 mss.
1714 1951 1886 1983 d'Ademar
1906 1951 1945 1983 de

571 2004 768 2044 Chabannes,
785 2015 861 2046 pay.
878 2006 1042 2046 88—89).

753 2437 816 2463 pay.
829 2431 845 2455 3
862 2428 926 2455 αᾱκη.
939 2432 955 2455 3
972 2429 1017 2461 (cf.
1036 2435 1124 2462 supra
1138 2436 1202 2462 pay.
1218 2429 1278 2462 746)
1296 2429 1362 2462 1696.-

858 2489 993 2516 interdum
1011 2489 1039 2524 p'
1059 2497 1163 2523 quoque
1180 2498 1229 2523 pos
1248 2488 1379 2523 explicari
1397 2488 1476 2515 debet.
