2040 2996
217 127 258 156 92
791 122 956 149 AUDRADI
974 121 1102 148 MODICI
1119 121 1294 148 CARMINA.

583 209 670 241 Ante
695 219 771 241 suos
794 208 908 241 rabido
932 211 1128 251 conspectus
1152 208 1284 240 loetifer
1308 218 1363 240 ore

585 260 769 293 Horribiles
793 260 944 296 mandat;
967 271 1031 302 quo
1055 260 1141 292 facto
1165 260 1276 292 taliter
1298 259 1382 291 infit:

584 313 750 344 ‘Vestram
774 323 832 344 vos
855 313 946 344 licuit
969 315 1060 344 tanto
1085 315 1226 344 tractare
1251 312 1389 345 salutem

503 371 527 389 ³⁵·
588 364 767 406 Tempore;
790 374 876 396 nunc
900 374 1007 395 rerum
1031 363 1181 395 dominos
1205 363 1315 395 audite
1339 363 1483 395 libenter

583 413 775 457 Invictoque
799 415 871 446 Iovi
894 425 951 458 pro
974 416 1042 447 vita
1065 414 1268 448 sacrificate&

217 476 241 497 c.
256 476 305 497 1111.
585 466 767 509 Respondit
790 470 905 498 contra
928 470 1060 499 sanctus
1082 466 1244 499 Iulianus:
1269 466 1319 499 ‘In
1341 467 1413 509 ipso

586 518 775 561 Conceptae
798 518 875 550 fidei
898 518 1051 550 duramus
1075 529 1181 561 agone
1205 519 1331 551 salutis.

584 570 645 610 Tu,
670 570 696 601 si
722 570 798 612 quid
822 574 952 611 tractas,
977 581 1137 603 exercens
1161 570 1295 613 pandite
1319 569 1437 602 nobis’.

502 630 527 648 ⁴⁰
587 623 728 654 Praeses
752 623 811 654 ait:
837 622 1002 655 ‘Tractata
1025 623 1154 665 quidem
1172 623 1354 665 complebo.
1400 621 1485 659 Quid
1501 625 1611 654 autem

583 675 634 706 De
659 675 753 706 vobis
778 678 924 707 statuere
948 676 993 718 pii
1017 675 1149 715 domini,
1173 674 1333 706 didicistis
1343 673 1367 705 ’.Ρ

216 733 239 754 Ο,
255 733 284 754 v.
584 726 644 758 Oui
669 737 751 769 puer
774 727 861 758 illius
885 727 1063 769 matrisque
1087 727 1219 759 avulsus
1243 727 1284 758 ab
1309 737 1364 758 ore

584 779 677 810 Haec
701 779 764 810 ait:
790 778 942 819 ‘Audisti‚
967 779 1169 821 blaspheme,
1193 779 1317 821 tibique
1340 779 1471 821 tuisque

584 830 675 867 Quae
699 830 844 862 tenebris
869 841 995 873 poenae
1019 834 1174 862 maneant
1197 830 1246 862 dis
1270 830 1573 873 daemonibusque?

503 889 527 907 ⁴⁵
586 882 656 914 Nec
679 882 744 913 iam
767 885 800 914 te
825 885 952 924 patrem
975 882 1081 914 dicam
1104 893 1165 914 nec
1189 893 1323 914 cernere
1346 883 1465 920 laet0r;

584 933 689 970 Quem
714 934 796 966 deus
820 935 972 966 excelsus
996 935 1165 977 praeclaro
1189 945 1324 966 munere
1348 934 1465 967 dotans

584 986 772 1018 Haeredem
796 987 879 1018 caeli
901 986 979 1018 fecit
1002 987 1214 1029 genitumque
1238 986 1379 1027 vocavit,

583 1081 674 1121 T‘unc
699 1093 831 1121 sanctus
856 1089 1004 1121 Iulianus
1029 1091 1088 1122 ait:
1113 1089 1193 1121 ‘Iam
1218 1090 1349 1132 perfice,
1373 1090 1460 1132 quod
1483 1091 1541 1131 vis,

583 1141 692 1183 Atque
717 1141 770 1172 dei
794 1141 946 1180 famulos,
970 1142 1073 1173 laetos
1099 1152 1178 1184 quos
1204 1142 1365 1184 conspicis
1389 1145 1465 1174 ante

501 1199 526 1218 50
586 1192 680 1224 Stare
703 1195 792 1224 tuam
817 1192 941 1232 sedem,
964 1193 1130 1225 meditatis
1154 1193 1274 1225 tradito
1298 1193 1458 1226 flammis'.

215 1259 295 1280 c,v1,
631 1244 712 1277 Cum
736 1245 826 1277 videt
850 1246 958 1281 efferri
981 1246 1125 1278 defuncti
1149 1247 1295 1279 membra
1318 1258 1377 1289 per
1399 1248 1513 1279 urbem

586 1298 740 1329 Humano
764 1298 827 1329 ritu
851 1301 957 1330 terrae
981 1299 1148 1331 reddenda
1172 1300 1346 1342 sepulchro

583 1350 862 1392 Transierantque
887 1351 1004 1391 forum,
1029 1362 1092 1393 quo
1117 1351 1263 1394 perfidus
1287 1352 1343 1384 ille
1367 1352 1507 1392 furebat,

584 1401 646 1438 Qui
671 1402 828 1434 feretrum
851 1413 1010 1434 revocans
1034 1403 1154 1446 deponi
1178 1404 1318 1447 precipit
1340 1404 1417 1437 illic.

501 1461 525 1480 5⁵
585 1454 784 1496 Obstipuere
810 1464 922 1486 omnes
946 1455 1034 1487 cives
1059 1456 1237 1498 populique
1262 1457 1367 1488 coacti

585 1507 789 1549 Attonitique
813 1511 957 1547 manent,
982 1507 1095 1548 donec,
1120 1508 1196 1551 quid
1221 1508 1321 1540 iussio
1344 1509 1419 1540 talis

584 1558 720 1597 Efferat,
746 1559 949 1596 auscultent;
974 1570 1110 1602 serpens
1135 1571 1209 1591 cum
1233 1560 1371 1603 pestifer
1394 1561 1459 1592 ista

583 1611 675 1642 Voce
701 1621 791 1642 suam
816 1611 930 1653 pandit
953 1615 1097 1644 mentem
1121 1623 1321 1654 caecumque
1345 1612 1504 1644 furorem:

586 1662 685 1694 ‘Ante
710 1673 849 1703 crucem,
875 1663 1013 1703 Iuliane,
1038 1664 1129 1703 deus,
1153 1675 1250 1706 quem
1273 1664 1416 1705 creditis,
1441 1665 1510 1707 egit

501 1722 526 1740 6⁰
582 1714 777 1757 Praecepto,
801 1718 836 1746 ut
859 1715 972 1755 fertur,
997 1715 1167 1748 defunctos
1192 1717 1302 1748 vivere
1327 1727 1456 1758 rursus:

583 1766 768 1809 Apparebit
792 1766 878 1798 enim
905 1766 1055 1799 Christus
1079 1779 1177 1800 verus
1201 1768 1281 1800 deus
1307 1779 1390 1807 esse,

584 1819 664 1850 Eius
689 1818 841 1861 discipuli
865 1819 892 1850 si
916 1830 1002 1851 nunc
1027 1819 1097 1851 sine
1120 1823 1230 1852 mente
1254 1820 1394 1852 cadaver

585 1871 707 1903 Vivere
731 1871 909 1914 praestetis
934 1872 1035 1903 vestri
1060 1872 1179 1904 virtute
1202 1871 1373 1915 magistri'.

321 1952 388 1978 Acta
406 1952 439 1978 Β.
458 1950 510 1976 Iul.

217 2004 258 2029 die
275 2012 335 2030 cum
353 2004 517 2034 consedisset,
535 2002 607 2027 iubet
624 2001 649 2026 S.
664 2000 792 2026 Iulianum
811 2009 870 2027 eum
889 2002 964 2028 sociis
982 2001 1038 2027 eius
1055 2001 1110 2027 suis
1128 2002 1274 2036 aspectibus
1292 2001 1348 2028 sisti
1366 2006 1398 2035 et,
1418 2010 1477 2028 cum
1489 2004 1655 2035 sisterentur:
1667 2005 1694 2030 in
1706 2005 1773 2030 hanc
1785 2013 1875 2031 vocem

217 2056 321 2080 serpens
339 2047 468 2080 prorupit:
494 2046 572 2071 ‘Nihil
591 2054 636 2078 pro
654 2045 737 2070 salute
755 2049 839 2070 vestra
857 2046 883 2070 in
903 2046 940 2078 (in
959 2054 1007 2071 om.
1026 2045 1107 2078 Boll.)
1126 2050 1196 2071 tanto
1215 2047 1334 2080 temporis
1353 2047 1439 2079 spacio
1457 2047 1613 2080 cogitastis?
1650 2049 1674 2074 S.
1693 2049 1713 2073 Ι.
1731 2049 1875 2082 respondit:

218 2090 352 2123 ‘Cogitatio
371 2094 457 2115 nostra
475 2097 541 2122 quae
559 2092 597 2114 est
615 2088 647 2113 ab
665 2089 746 2120 initio,
764 2089 791 2113 in
809 2097 860 2121 quo
879 2090 970 2122 coepit,
990 2090 1016 2114 in
1035 2089 1083 2114 hoc
1100 2093 1125 2114 et
1141 2089 1220 2115 finiet.
1257 2090 1298 2114 Tu
1310 2090 1332 2114 si
1344 2090 1441 2122 aliquid
1453 2090 1604 2123 excogitasti
1616 2099 1748 2124 penarum,
1765 2089 1875 2118 exem'

218 2134 362 2159 Martianus
385 2141 486 2165 praeses
505 2132 581 2157 dixit:
610 2130 692 2163 ‘Quod
711 2132 835 2164 cogitavi,
860 2140 908 2165 ego
925 2132 1051 2165 adimpleo
1071 2133 1225 2165 (adimplebo
1244 2132 1296 2164 B)'.
1332 2133 1365 2157 Et
1383 2133 1486 2158 adiecit:
1511 2132 1648 2166 ‘Audistis‚
1671 2135 1732 2167 quid
1750 2135 1782 2160 de
1800 2135 1874 2161 vobis

218 2177 452 2201 determinaverunt
466 2175 626 2200 invictissimi
639 2175 792 2208 principes'?
820 2176 980 2202 Venerabilis
998 2185 1063 2209 puer
1075 2177 1153 2201 dixit:
1177 2176 1286 2202 ‘Audisti
1304 2180 1330 2202 et
1346 2180 1375 2202 tu
1397 2174 1457 2208 (uec
1469 2178 1622 2203 nominande
1640 2187 1688 2204 nee
1700 2179 1810 2204 videndo
1827 2187 1876 2204 noc

218 2220 324 2244 dicende
343 2223 413 2252 pater
431 2218 468 2251 B>
489 2219 651 2244 terminatam
671 2227 778 2251 poenam
797 2220 864 2252 putri
882 2223 926 2244 tuo
945 2219 1060 2251 diabolo,
1084 2228 1160 2252 quam
1183 2220 1343 2252 praeparavit
1360 2220 1424 2245 deus
1442 2220 1479 2245 illi
1497 2224 1523 2246 et
1542 2221 1627 2250 vobis,
1650 2222 1694 2254 qui
1712 2222 1797 2247 effecti
1814 2221 1876 2247 estin

218 2263 327 2287 ministri
345 2262 426 2287 eius'?
454 2263 486 2287 Et
506 2262 660 2287 subsecutus
678 2262 703 2286 S.
718 2263 737 2286 1.
756 2262 834 2287 dixit:
854 2261 936 2293 ‘Quod
954 2263 1092 2295 iusserunt,
1111 2263 1200 2295 imple:
1218 2263 1307 2288 audire
1325 2271 1377 2287 non
1396 2263 1570 2289 delectamur'.

322 2304 364 2330 39.
388 2305 453 2329 Cum
474 2305 522 2330 ista.
539 2305 660 2330 dicuntur
683 2309 708 2330 et
730 2305 774 2330 illa
792 2306 947 2338 audiuntur,
970 2314 1063 2339 corpus
1085 2307 1202 2331 exanime
1228 2315 1273 2339 per
1294 2307 1402 2340 plateam
1425 2307 1587 2333 deferebatur
1609 2308 1758 2341 sepulturae
1779 2308 1875 2334 manci-

220 2348 342 2380 pandum.
378 2349 452 2373 Tunc
470 2348 614 2373 Martianus
636 2356 695 2373 ceco
718 2348 794 2374 corde
812 2349 884 2374 iubet
901 2357 994 2382 corpus
1012 2350 1116 2382 perduci
1135 2350 1260 2380 (revocari
1271 2349 1318 2381 E).
1354 2350 1471 2382 Cumque
1489 2351 1585 2376 factum
1603 2351 1707 2383 suisset,
1726 2351 1798 2377 iubet
1815 2359 1874 2376 eum

219 2391 246 2415 in
265 2391 347 2415 medio
366 2392 420 2416 foro
439 2391 540 2424 deponi.
576 2392 672 2416 Omnes
695 2392 743 2417 hoc
766 2392 882 2417 videntes
907 2393 1100 2426 obstupescunt.
1136 2393 1211 2418 Tunc
1234 2393 1266 2418 nd
1287 2393 1417 2418 Iulianum
1439 2394 1476 2419 ait
1494 2402 1608 2427 praeses:
1634 2394 1768 2427 ‘Magister
1790 2398 1876 2420 vester

219 2434 336 2459 Christus
354 2435 458 2467 dicitur,
481 2439 618 2467 antequam
644 2436 849 2468 crucifigeretur,
874 2437 936 2469 quia
959 2441 1071 2462 mortuos
1093 2437 1239 2462 suscitavit:
1263 2437 1305 2462 hic
1330 2438 1430 2470 parebit
1453 2438 1475 2462 si
1495 2446 1570 2463 verus
1593 2438 1656 2462 deus
1674 2442 1724 2470 est,
1746 2438 1832 2463 sivos
1849 2441 1876 2463 et

220 2477 289 2501 hunc
312 2481 441 2502 mortuum
463 2478 659 2509 suscitaveritis,
694 2479 762 2503 sicut
785 2479 906 2511 magister
929 2479 1079 2505 suscitavit'.
1119 2480 1144 2505 S.
1163 2481 1182 2504 Ι.
1206 2480 1350 2512 respondit:
1381 2479 1457 2511 ‘Quid
1475 2481 1583 2513 prodest
1606 2489 1678 2512 ceco,
1711 2481 1814 2513 quando
1837 2480 1875 2506 sol

323 2596 358 2622 44
376 2598 607 2631 daemonisbusque
627 2598 649 2622 1¹
752 2603 809 2632 post
826 2598 859 2624 47
878 2599 988 2625 lacunae
1006 2600 1081 2633 siqua
1094 2600 1187 2633 pomi:
1210 2601 1302 2626 excidit
1320 2602 1371 2626 tale
1389 2602 1451 2634 quid
1463 2603 1542 2627 Hunc
1560 2605 1658 2635 patrem
1670 2611 1786 2634 veneror,
1806 2602 1876 2627 hunc

221 2641 297 2666 tendo
321 2649 425 2667 cernere
450 2641 524 2667 visu'.

324 2717 358 2743 32
377 2717 446 2743 Aen.
471 2717 536 2749 VII,
559 2718 607 2743 451
628 2717 726 2744 rabido
823 2727 878 2746 ore.
991 2720 1025 2745 35
1043 2720 1111 2745 Aen.
1130 2719 1153 2750 1,
1172 2719 1223 2745 282
1242 2720 1394 2753 Romanos,
1418 2729 1509 2747 rerum
1527 2720 1662 2748 dominos.
1775 2721 1809 2748 46
1827 2721 1876 2756 cfr.

220 2767 245 2794 d.
262 2768 282 2800 f.
301 2776 323 2795 v.
342 2768 400 2794 390.
505 2769 539 2794 :32
558 2770 604 2801 cfr.
626 2769 692 2795 Aen.
714 2770 751 2802 II,
769 2770 820 2796 542
837 2779 874 2804 sq.
894 2779 1048 2805 corpusque
1067 2779 1208 2804 exsangue
1226 2771 1372 2805 sepulchro
1389 2772 1392 2804 Ι
1408 2771 1539 2799 reddidit.

1861 2824 1883 2851 *ἶ
