2060 3074
205 182 268 211 514

503 480 541 499 535

502 738 541 757 540

506 995 543 1015 545

507 1254 545 1273 550

506 1771 544 1790 560

504 2030 541 2049 565

869 173 1006 199 HElRlCl
1027 172 1202 199 CARMINA.

575 261 650 293 Hoc
675 260 860 303 splendore,
885 263 991 301 pater,
1014 257 1117 290 Latiis
1142 261 1277 290 evectus
1301 258 1343 289 ab
1368 258 1432 288 oris

576 312 699 344 Ordine
723 311 897 353 magnifico
922 310 1063 342 dilectae
1087 309 1234 341 redderis
1258 309 1342 347 urbi,

576 363 695 395 Nobile
719 373 783 405 qua
808 365 917 394 servat
940 361 1147 392 sanctissima
1170 361 1313 392 membra
1337 360 1558 403 sepulchrum;

579 415 719 458 Spiritus
744 418 778 446 at
801 424 919 457 perpes
944 413 1131 445 meritorum
1156 412 1307 454 lampade
1331 422 1470 444 vernans

581 467 673 498 Vivit
697 469 730 498 et
754 465 897 497 aeternis
922 464 1042 495 attollit
1065 463 1197 495 saecula
1221 463 1333 505 signis.

622 518 718 549 Nunc
741 517 810 555 tibi,
834 527 919 548 nunc
942 516 1089 553 meritos,
1114 515 1201 555 Iesu7
1226 526 1391 547 sacramus
1414 515 1565 553 honores,
1618 520 1753 547 melueio
1773 523 1857 555 operio

579 570 748 601 Subnixus
773 569 853 601 solio
876 568 980 600 flectis
1005 568 1059 609 qui
1084 571 1199 599 cuncta
1223 571 1370 609 paterno,
1626 573 1682 590 cam
1701 565 1848 598 mariarum

578 621 726 653 Verbum
751 624 870 652 cuncta
895 630 1011 651 creans
1035 622 1198 650 ructatum
1222 623 1354 660 pectore
1379 618 1491 661 patris,
1682 609 1787 633 actione.

578 673 650 705 Rex
674 676 707 704 et
730 672 934 714 principium,
958 681 1025 713 pax
1049 675 1082 702 et
1105 670 1146 702 de
1168 670 1291 702 lumine
1314 670 1434 703 lumen.

578 725 643 756 Ars
669 728 702 756 et
725 724 907 758 eonsilium,
931 723 986 754 lex
1010 726 1044 754 et
1067 721 1240 754 concordia
1263 732 1370 753 rerum

582 776 756 818 Causaque
780 785 964 813 causarum,
989 773 1046 806 sed
1070 776 1103 806 et
1126 774 1220 815 ignee
1243 773 1316 805 fons
1340 773 1530 812 animarum,

580 828 670 860 Idem
694 827 902 870 principium,
926 826 1070 858 medium
1093 825 1188 865 idem,
1213 825 1371 857 terminus
1394 825 1491 865 idem,

579 880 643 916 Qui
666 889 845 922 numquam
869 889 934 910 non
958 889 1004 917 es,
1029 887 1206 919 numquam
1230 887 1295 908 non
1319 887 1392 909 esse
1415 877 1529 916 tulisti,

581 931 719 974 Semper
741 931 844 962 habes
869 940 952 968 esse,
977 930 1032 972 qui
1055 932 1202 972 praestas
1226 929 1376 960 omnibus
1400 939 1482 967 esse,

583 983 762 1015 Essentum
785 993 866 1025 pura
890 992 928 1014 ac
953 981 1093 1023 simplex
1117 981 1261 1013 essentia
1284 991 1402 1015 rerum,

578 1034 726 1066 Artubus
750 1034 889 1072 infusus,
913 1043 1107 1075 percurrens
1132 1033 1240 1064 omnia
1263 1032 1386 1065 mundi.

579 1086 685 1118 Totus
707 1096 767 1128 per
789 1089 905 1124 totum,
929 1095 990 1116 nec
1014 1095 1090 1127 pars
1113 1087 1146 1115 te
1170 1083 1305 1115 distinet
1326 1094 1405 1115 una:

578 1138 626 1170 Te
650 1138 754 1180 patris
777 1137 916 1176 radium,
942 1140 975 1168 te
998 1136 1094 1179 patri,
1119 1135 1259 1175 Christe,
1283 1145 1450 1174 coaevum,

579 1189 627 1221 Te
652 1190 789 1221 colimus
815 1192 906 1220 casta
928 1188 1086 1230 posthaec
1109 1187 1150 1219 de
1174 1188 1299 1229 virgine
1321 1191 1434 1219 natum

583 1242 870 1273 ΠΝΕΥΜΛΤΙΣ
890 1250 1030 1272 accessu
1054 1249 1173 1281 supera
1194 1239 1357 1270 manantis
1381 1238 1422 1271 ab
1446 1249 1519 1271 arce

580 1292 726 1324 Decreto
754 1292 977 1330 ΊῬΥΛΔΟΣ,
1003 1302 1067 1333 qua
1091 1291 1243 1323 substant
1266 1291 1383 1325 omnia.
1408 1301 1562 1323 summae.

581 1345 634 1376 Sic
659 1345 796 1376 verbum
820 1337 896 1375 caro
919 1344 965 1383 fit,
991 1353 1120 1374 carnem
1145 1342 1231 1385 quod
1253 1343 1377 1374 fecerat
1400 1343 1486 1382 olim,

579 1397 625 1428 Ut
649 1407 723 1429 caro
748 1396 930 1428 conversim
953 1396 1048 1427 fieret
1071 1414 1112 1418 —-
1135 1395 1283 1426 mirabile
1307 1413 1348 1418 —
1371 1395 1516 1427 verbum.

581 1449 635 1480 Sic
659 1452 691 1480 te
717 1450 880 1480 ΣΛΡΚΛ
901 1448 1059 1480 ΔΟΓΟΝ
1081 1451 1171 1478 casta
1194 1447 1320 1478 ratione
1344 1446 1494 1484 fatemur,

520 1513 543 1531 ’,5
581 1500 671 1532 Vera
695 1500 747 1531 dei
770 1500 890 1542 prolem
914 1499 1055 1531 hominis
1077 1499 1249 1530 verissima
1272 1498 1392 1540 proles,

582 1552 691 1584 Verus
716 1551 813 1583 homo
837 1553 936 1593 atque
960 1550 1053 1589 deus,
1078 1550 1153 1582 hinc
1177 1549 1339 1586 conditus,
1363 1549 1438 1581 inde
1462 1552 1603 1581 creator:

583 1603 637 1635 Sic
662 1603 829 1645 duplicata
856 1604 992 1633 ΦΥΣΙΣ
1013 1612 1189 1644 personam
1213 1605 1374 1644 temperat
1394 1611 1502 1633 unam.

581 1655 642 1694 Tu,
666 1655 739 1697 pius
764 1654 928 1686 humanae
953 1664 1013 1696 per
1037 1653 1170 1685 saecula
1193 1654 1300 1695 gentis
1323 1656 1458 1687 amator,

581 1707 749 1748 Sanguine
774 1706 944 1748 perfusum
968 1705 1094 1737 tersisti
1118 1706 1252 1737 crimine
1277 1705 1433 1736 mundum

582 1758 757 1790 Demissus
782 1757 915 1799 Stygias
939 1757 1027 1788 vitae
1052 1760 1223 1799 reparator
1245 1757 1286 1788 ad
1309 1757 1452 1791 umbras,

580 1810 626 1842 Ut
649 1809 784 1842 tandem
808 1809 921 1851 spoliis
944 1812 1108 1850 prostrabo
1135 1818 1178 1839 ex
1200 1808 1293 1840 hoste
1318 1809 1459 1850 receptis

581 1861 779 1903 Splendidus
807 1861 1044 1892 ΟΥΡΛΝΙΛΣ
1063 1870 1228 1891 remeares
1253 1860 1357 1891 victor
1380 1860 1412 1891 in
1437 1870 1541 1899 arces,

581 1913 653 1950 Quo
677 1917 710 1944 te
736 1912 918 1954 suscipiunt
943 1911 1098 1953 seraphin
1123 1912 1257 1943 oculosa
1281 1922 1400 1943 canoro

581 1964 734 1996 Carmine
757 1963 971 2006 multiplicem
995 1962 1200 1994 modulantia
1222 1963 1540 1995 ΔΩΞΛΛΟΙἸΛΝ

579 2016 623 2048 Et
646 2027 743 2048 senas
766 2015 914 2058 pandunt
936 2015 1064 2046 blandis
1089 2015 1302 2057 applausibus
1329 2014 1398 2046 alas

581 2068 746 2100 Ardentes
771 2078 896 2098 summo
921 2077 1067 2098 summae
1091 2066 1223 2098 deitatis
1248 2077 1371 2098 amore.

623 2119 688 2151 Hic
711 2123 746 2150 tu
770 2118 938 2160 stelligero
962 2117 1158 2160 dispensans
1182 2119 1290 2149 omnia
1315 2121 1446 2160 sceptro
1615 2123 1770 2148 Divinarum
1789 2122 1816 2146 in
1836 2130 1873 2147 a>

581 2172 717 2204 Partiris
741 2171 882 2214 propriis
907 2171 1103 2214 polyformia
1126 2181 1261 2203 munera
1286 2170 1400 2202 servis.
1615 2166 1693 2192 etesia
1729 2165 1873 2191 distributio

580 2225 648 2256 Iste
672 2224 870 2256 talentorum
895 2223 1026 2254 sortitus
1050 2222 1184 2254 faenera
1207 2223 1352 2264 quinque
1666 2209 1826 2234 'amm’

505 2289 543 2308 ,πο
580 2276 717 2307 Naviter
740 2275 854 2306 activis
879 2277 1014 2306 exercet
1037 2277 1183 2316 tempora
1208 2274 1326 2305 causis.

581 2328 645 2359 Hie
671 2327 755 2358 scitu
778 2326 894 2358 melior
917 2329 1109 2367 compensat
1131 2325 1286 2367 dogmata
1310 2325 1404 2356 factis

582 2379 736 2411 Testatus
759 2378 924 2420 geminum
948 2387 1021 2409 sese
1046 2377 1198 2409 retulisse
1223 2377 1395 2409 talentum.

581 2430 651 2469 Est,
676 2430 727 2462 cui
751 2430 920 2461 doctrinae
945 2428 1091 2461 succedit
1115 2429 1210 2471 copia
1232 2431 1372 2460 tantum:

582 2482 721 2514 Debitor
744 2482 840 2512 unius
864 2480 1069 2523 reputabitur
1092 2480 1155 2512 iste
1179 2480 1306 2511 talenti.

320 2598 424 2622 Scholia
450 2611 482 2615 -—
507 2595 559 2622 550
587 2594 628 2628 11]
652 2596 757 2629 spiritus
862 2594 911 2620 551
943 2593 980 2627 73]
1007 2594 1128 2620 trinitatis
1237 2593 1289 2618 554
1314 2592 1434 2625 ΣΑΡΚΑ]
1460 2602 1562 2619 caruem
1621 2591 1740 2624 ΛΟΓΟΝ]
1764 2593 1872 2618 verbum

215 2639 264 2665 557
294 2639 335 2673 ᾧ]
363 2644 455 2665 natura
567 2638 618 2665 562
646 2638 684 2671 0.]
710 2639 833 2664 caelestes
939 2636 990 2662 564
1014 2636 1056 2670 A.]
1080 2638 1095 2662 i.
1120 2645 1141 2662 s,
1165 2637 1245 2669 gloria
1272 2637 1297 2661 iu
1326 2634 1460 2669 ex(c)elsis
1485 2637 1532 2662 deo
1637 2635 1688 2661 565
1715 2635 1800 2668 senas]
1826 2643 1872 2660 sex

215 2682 394 2716 applausibus]
414 2682 622 2715 percussionibus
718 2681 770 2707 568
788 2679 950 2714 polyformia]
971 2681 985 2705 i.
1006 2689 1026 2705 e.
1047 2680 1212 2705 multiformia
1310 2678 1359 2705 571
1380 2678 1457 2711 scitu]
1478 2680 1594 2705 scientia.
1615 2692 1647 2696 —
1665 2679 1781 2712 lpallage
1799 2683 1837 2704 est

318 2751 367 2777 5:31
387 2760 486 2782 summe
505 2759 518 2776 e
536 2759 601 2776 corr.
622 2751 646 2775 1¹
749 2751 785 2775 ad
803 2749 852 2775 :367
873 2749 1215 2774 Diviuoruni-taleutorum
1234 2757 1280 2773 om.
1304 2748 1393 2774 Rosch.
1501 2747 1551 2773 567
1571 2748 1704 2780 dispensas
1721 2756 1787 2772 corr.
1808 2747 1834 2772 P

319 2819 371 2844 5433
380 2826 416 2851 sq.
435 2818 499 2844 [sni.
519 2819 543 2847 6,
556 2818 580 2845 2.
687 2819 800 2851 569sae1q.
823 2818 917 2843 Manli.
939 2818 980 2845 25.
996 2817 1105 2844 14—30.

2037 2767 2060 2832 ..is-
2056 2727 2060 2749 ,-
