2138 3106
325 160 386 191 372
1004 156 1183 183 DIALOGUS
1202 155 1287 183 AGII.

861 402 1035 438 INCIPIT
1063 401 1304 438 DIALOGUS
1331 400 1443 437 AGII.

691 476 773 508 Cum
796 487 952 519 praesens
977 487 1038 518 ego
1061 476 1220 518 supremis
1243 476 1383 507 fortasse
1406 476 1538 508 fuissem

736 528 877 561 Sanctae
902 529 1092 561 abbatissae
1117 529 1233 560 anxius
1256 528 1500 568 Hathumodae,

692 580 784 612 Inter
804 591 855 612 mc
881 583 1076 622 sanctasque
1101 581 1171 612 eius
1195 580 1376 622 dignasque
1400 590 1526 612 sorores

737 633 852 665 Sermo
877 633 957 664 satis
981 633 1128 674 lugubris
1151 636 1229 664 tunc
1251 633 1358 664 fuerat
1381 633 1522 664 habitus.

641 699 651 715 r.
689 685 801 718 Pauca
823 690 934 718 tamen
959 686 1150 718 consolandi
1174 686 1232 718 has
1257 686 1367 718 dicere
1391 697 1491 718 causa

732 737 888 780 Magnum
914 748 964 769 me
989 737 1102 769 harum
1128 738 1331 780 compulerat
1354 738 1519 774 meritum:

690 789 758 822 Sed
781 790 857 832 quia
880 790 965 822 forte
990 800 1104 822 recens
1128 790 1234 821 adhuc
1258 790 1348 822 dolor
1371 791 1434 821 ista
1456 793 1592 832 repente

733 842 805 874 Has
830 842 943 874 audire
967 843 1064 874 nimis
1088 842 1254 884 prohibuit
1277 842 1444 884 lugubres,

691 894 794 934 Haec,
819 905 903 936 quae
929 898 1007 926 tunc
1031 894 1139 926 flendo
1164 895 1270 934 retuli,
1294 905 1379 926 nunc
1404 894 1553 926 versibus
1577 894 1648 930 edo,

625 959 649 977 10
730 946 792 977 His
818 957 947 988 quoque
971 957 1034 978 non
1059 946 1148 978 nulla
1171 946 1316 978 adiciens
1339 947 1418 984 alia;

690 998 764 1029 Hoc
789 998 881 1030 ideo:
907 999 983 1040 quia
1006 998 1068 1030 hoc
1092 999 1184 1041 ipsae
1208 1000 1367 1041 rogitasse
1390 999 1577 1042 probantur,

732 1050 778 1082 Ut
802 1051 864 1082 sibi
889 1054 963 1093 post
986 1052 1140 1094 scriptum
1166 1052 1227 1083 hoc
1251 1062 1313 1094 ego
1337 1051 1523 1094 dirigerem,

691 1103 765 1140 Quo
790 1114 826 1135 se
851 1104 961 1141 solari,
986 1114 1048 1146 quo
1073 1103 1153 1135 haec
1176 1107 1310 1146 possent
1333 1104 1474 1136 oculato.

734 1155 826 1192 Quae
851 1156 929 1194 dixi,
954 1166 1045 1187 more
1069 1156 1188 1197 iugiter
1211 1155 1369 1198 aspicere.

626 1221 651 1239 ιε.
689 1207 785 1240 Unde
810 1208 924 1240 favens
949 1207 1045 1239 iustis
1069 1207 1185 1239 harum
1210 1208 1291 1239 votis
1314 1207 1527 1250 precibusque

734 1260 882 1292 Paucula
905 1259 1073 1302 temptabo
1098 1259 1206 1291 diccre
1229 1270 1287 1302 pro
1310 1260 1437 1292 merito.

694 1312 743 1344 Tu
767 1312 863 1344 modo
888 1323 950 1349 mc,
974 1313 1086 1352 lector,
1111 1322 1183 1343 cum
1209 1311 1259 1343 his
1284 1311 1417 1344 adverte
1441 1312 1628 1354 loquentem

735 1364 778 1395 Et
800 1367 833 1395 te
858 1374 930 1395 cum
955 1366 1065 1395 nostro
1089 1363 1248 1406 participa
1271 1364 1405 1405 gemitu.
1430 1382 1470 1385 ——

434 1416 585 1449 AGIUS.
696 1416 770 1448 Non
795 1416 907 1448 dubito
932 1416 1001 1448 fore
1026 1427 1082 1448 vos
1106 1419 1248 1447 maestas
1273 1415 1312 1447 de
1337 1418 1440 1448 morte
1465 1415 1584 1447 sororis

627 1480 653 1499 20
734 1468 778 1500 Et
801 1469 894 1500 vobis
918 1468 1042 1500 obitum
1066 1468 1169 1510 ipsius
1193 1478 1266 1499 esse
1289 1478 1438 1509 gravem;

691 1520 783 1552 Talis
808 1521 894 1553 enim
918 1520 1034 1552 mulier
1057 1531 1122 1552 non
1148 1523 1197 1552 est
1222 1520 1325 1551 iniure
1349 1518 1500 1558 dolenda,

737 1572 798 1604 Cui
823 1583 909 1604 nunc
934 1573 989 1604 vix
1013 1572 1110 1604 aliam
1133 1571 1272 1603 mundus
1297 1571 1397 1603 habet
1421 1571 1569 1603 similem.

695 1623 830 1666 Optima
854 1627 1055 1663 cunctarum,
1080 1634 1160 1665 quas
1184 1624 1255 1666 ipse
1279 1623 1454 1665 aliquando
1478 1622 1634 1655 viderem.

734 1676 883 1708 Moribus
909 1676 1051 1718 egregiis
1076 1679 1109 1707 et
1132 1675 1263 1707 domino
1286 1675 1427 1717 placitis.

627 1741 651 1760 2⁵
694 1728 789 1760 Hanc
812 1739 875 1760 non
900 1729 1105 1771 plangamus,
1131 1738 1203 1759 cum
1228 1727 1311 1759 hanc
1334 1727 1429 1759 modo
1453 1727 1589 1769 plangat
1612 1730 1644 1758 ct
1667 1726 1754 1759 orbis

735 1780 779 1812 Et
802 1781 960 1823 plangant
984 1780 1081 1812 variis
1105 1780 1178 1822 ipsa
1201 1780 1366 1812 elementa
1386 1779 1512 1811 modis?

690 1832 764 1864 Hoc
789 1832 950 1875 siquidem
977 1836 1024 1864 tot
1048 1835 1210 1864 tantorum
1234 1834 1354 1863 mortes
1379 1831 1567 1871 docuerunt,

733 1884 805 1916 Hoc
829 1895 890 1916 nos
914 1884 966 1916 hic
990 1895 1094 1915 annus
1117 1883 1325 1926 praemonuit
1349 1883 1479 1922 sterilis,

693 1935 880 1979 Egregiam,
905 1939 1029 1968 castam
1054 1939 1266 1977 sanctamque
1289 1946 1349 1978 per
1372 1935 1481 1967 omnia
1503 1938 1641 1967 matrem

626 1999 652 2018 ³0
733 1987 821 2019 Hinc
844 1988 1055 2029 migraturam
1079 1987 1168 2018 ocius
1193 1986 1234 2018 ad
1257 1986 1432 2018 dominum.

691 2039 775 2079 Non,
798 2050 889 2082 rogo,
913 2040 1108 2082 plangamus
1133 2038 1267 2070 iuvenili
1290 2038 1369 2070 flore
1391 2038 1550 2070 virentem

733 2092 970 2135 Intempestiva
993 2101 1126 2134 prorsus
1150 2090 1257 2122 obisse
1281 2090 1334 2122 die
1344 2094 1357 2121 ’ἰ

692 2144 758 2176 Sed
781 2147 893 2176 tamen
916 2145 977 2176 iste
1002 2143 1095 2175 dolor
1118 2143 1186 2175 fore
1210 2142 1342 2175 debebit
1365 2142 1562 2181 moderatus,

735 2196 879 2229 Debebit
901 2197 1021 2228 vestris
1046 2206 1118 2228 esse
1141 2195 1258 2227 modus
1281 2195 1434 2231 lacrimis.

625 2260 650 2279 3⁵
691 2248 781 2280 Sicut
805 2249 891 2280 enim
914 2259 980 2280 non
1004 2251 1054 2280 est
1077 2248 1141 2279 nisi
1165 2248 1313 2279 naturale
1337 2246 1458 2286 dolere,

734 2300 788 2332 Sic
811 2300 923 2333 itidem
947 2300 1030 2332 ratio
1053 2303 1173 2332 cuncta
1195 2302 1286 2331 vetat
1309 2299 1420 2330 nimia.

691 2352 852 2388 Quocirca
875 2355 950 2395 peto
974 2362 1043 2391 vos,
1069 2362 1166 2384 carae
1191 2354 1388 2393 sanctaeque
1413 2361 1550 2391 sorores,

732 2404 778 2436 Ut
800 2405 864 2436 iam
888 2405 1030 2447 parcatis
1054 2404 1186 2436 fletibus
1211 2406 1245 2435 et
1273 2402 1427 2441 lacrimis,

690 2456 839 2489 Parcatis
863 2457 948 2488 vitae
972 2459 1113 2496 vestrae,
1138 2455 1281 2498 parcatis
1305 2455 1430 2495 ocellis,
2124 2485 2138 2489 ,.

624 2522 650 2540 40
731 2509 822 2546 Quos
846 2509 981 2541 nimium
1005 2508 1113 2541 flendo
1137 2507 1274 2551 perditis
1298 2507 1494 2539 omnimodo.
2133 2495 2138 2538 l

429 2637 440 2662 l
465 2647 567 2671 presens
594 2643 615 2663 et
639 2640 674 2664 sic
699 2648 796 2671 semper
821 2647 835 2664 c
854 2648 906 2672 pro
929 2648 958 2664 ae
983 2644 1007 2665 et
1030 2648 1059 2664 oe
1082 2639 1107 2663 B
1234 2638 1250 2663 6
1272 2638 1424 2671 compulerit
1448 2637 1473 2662 B
1497 2647 1564 2663 corr.
1590 2638 1640 2663 Pez
1768 2637 1800 2663 10
1823 2637 1927 2663 nonulla
1950 2637 1975 2661 B
2127 2641 2138 2660 Ἰ

327 2679 360 2704 223
380 2680 479 2713 plangit
498 2681 522 2704 Β
541 2690 606 2706 vorin
627 2683 677 2707 I’e:
770 2681 803 2706 27
823 2691 904 2707 mores
923 2682 947 2707 B
966 2691 1033 2707 corr.
1054 2682 1129 2707 Per-{z
1225 2680 1257 2706 34
1278 2681 1408 2706 lachrimis
1426 2686 1448 2706 e!
1466 2682 1501 2706 sic
1519 2685 1615 2706 temtum
1634 2690 1686 2705 που
1704 2681 1818 2705 ormn'lnm
1836 2681 1898 2705 Ios-ie
1916 2680 1940 2705 J}

426 2765 458 2791 27
484 2765 540 2798 Usr.
562 2766 661 2792 Ammk
685 2766 764 2793 Fam.
791 2767 828 2792 ml
850 2776 874 2792 a.
899 2768 949 2794 >⁴74
975 2767 1031 2801 (HS.
1052 2767 1150 2799 1:388).
1261 2766 1294 2792 34
1318 2766 1394 2792 Tris-r,
1419 2765 1440 2798 Ι,
1461 2767 1484 2796 ξ),
1508 2766 1541 2792 38
1562 2765 1668 2791 Debent
1687 2767 1718 2792 ut
1737 2764 1858 2791 lacrimis
1882 2764 1973 2791 nullus

325 2817 420 2843 adesso
438 2817 544 2844 modus.
