2060 3074
261 166 323 198 608

265 574 286 587 a.
298 570 336 588 809

546 366 585 384 ⁴40

548 624 586 642 445

548 883 587 902 450

550 1142 588 1161 455

556 1410 595 1429 460

551 1669 589 1688 465

553 1930 592 1949 47⁰

555 2190 593 2208 475

554 2449 594 2468 ⁴80

554 2707 592 2725 485

882 162 1034 188 MILONIS
1053 162 1230 189 CARMINA.

626 250 775 281 Flumina
799 249 876 280 dant
899 249 1015 291 pisces,
1039 252 1171 290 segetes
1194 249 1360 280 terrestria
1383 250 1528 286 solvunt;

627 302 718 332 Escis
741 311 859 343 nempe
884 311 975 332 cares
998 301 1103 341 nullis,
1127 301 1202 343 quia
1225 301 1317 343 fruge
1341 301 1518 333 redundas:

628 354 741 384 Incola
763 364 903 395 namque
928 354 1048 385 famem
1072 364 1136 385 non
1162 364 1228 394 ore,
1253 354 1312 385 sed
1333 355 1463 386 auribus
1486 355 1602 387 haurit.

627 405 711 436 Rem
735 406 879 437 canimus
901 406 1027 446 miram,
1052 416 1135 447 quae
1160 406 1291 437 credula
1315 406 1413 438 corda
1436 407 1582 448 requirit:

629 457 750 488 Vivere
775 460 850 499 post
872 460 1011 489 mortem
1034 457 1156 499 poteris
1179 458 1240 489 hac
1263 458 1345 489 scire
1368 458 1511 490 beatum.

631 508 797 540 Curricula
820 519 985 547 annorum
999 512 1127 540 centum
1150 512 1306 550 vergente
1329 519 1459 540 recursu

632 560 850 602 Transierant,
873 571 1025 592 numerus
1047 561 1170 603 pariter
1191 561 1327 603 partitus
1352 564 1384 592 et
1407 561 1504 602 idem,

631 611 772 644 Transiit
795 613 984 644 aetheream
1008 623 1071 655 quo
1095 613 1143 644 vir
1165 612 1368 644 venerandus
1391 613 1433 644 ad
1456 613 1573 654 aulam,

634 663 716 695 Cum
740 675 856 707 corpus
879 665 992 696 tumuli
1017 664 1150 696 disiecta
1172 665 1258 696 mole
1280 665 1423 696 levatum

630 715 796 747 Incolume
820 716 986 748 inventum
1011 719 1061 747 est
1084 719 1118 747 et
1140 715 1219 747 dens
1243 716 1389 748 sublatus
1412 716 1453 748 ab
1477 727 1533 748 ore

630 767 729 798 Fudit
753 768 947 809 sanguineas
970 771 1006 798 ut
1028 768 1101 799 vivo
1126 778 1143 799 e
1168 778 1303 810 corpore
1327 771 1446 810 guttas.

631 819 787 861 Abneget
809 820 880 860 hoc,
906 820 1000 851 facile
1025 823 1083 860 est,
1108 820 1250 862 quisquis
1273 820 1314 851 de
1338 831 1473 862 corpore
1497 821 1572 852 Iesu

631 871 668 902 In
692 882 786 903 cruce
810 872 927 903 confixi
950 882 1104 914 percusso
1131 872 1240 903 militis
1264 872 1358 903 hasta

631 922 705 954 Non
729 923 831 955 credit
854 934 1003 955 manasse
1026 934 1134 955 sacras
1157 934 1230 955 cum
1254 924 1410 965 sanguine
1433 924 1582 966 limphae.

634 974 668 1006 Si
691 976 820 1017 quaeris
844 979 945 1007 testes
968 975 1045 1007 fidei
1068 976 1187 1007 virtute
1210 976 1376 1017 vacillans,

633 1026 706 1058 Huc
730 1028 850 1068 venias,
874 1037 1007 1058 moneo:
1031 1027 1169 1069 aspicies
1193 1027 1321 1059 diversa
1343 1028 1483 1059 virorum

633 1078 777 1121 Agmina
799 1080 1058 1122 multiplicesque
1081 1090 1177 1111 senes
1200 1083 1309 1111 aetate
1333 1080 1503 1120 verendos,

632 1130 701 1162 Vas
725 1142 853 1173 quoque
878 1135 1046 1173 susceptos
1069 1132 1190 1173 poterit
1212 1135 1392 1163 monstrare
1416 1142 1556 1164 cruores.

681 1192 773 1222 XIII.
799 1192 826 1223 O
851 1193 977 1233 genitor
999 1195 1110 1234 pastor
1132 1192 1245 1223 doctor
1268 1193 1404 1224 nutritor
1427 1196 1563 1232 amator,

637 1242 710 1279 Quo
734 1244 822 1274 locus
845 1245 907 1275 iste
930 1245 1011 1275 nitet
1034 1247 1196 1275 tantorum
1220 1244 1310 1276 dives
1333 1245 1502 1285 honorum,

637 1295 742 1332 Quem
767 1296 850 1327 caeli
872 1303 1007 1338 regnum
1031 1296 1217 1327 veneranda
1239 1306 1321 1338 pace
1344 1300 1511 1339 receptum

635 1347 769 1379 Exaltat
792 1347 925 1379 decorat
948 1348 1121 1380 conlaudat
1144 1348 1281 1379 honorat
1303 1347 1456 1379 adornat:

639 1398 821 1439 Intereede‚
845 1400 906 1441 piis
928 1400 1044 1431 veniae
1068 1400 1262 1431 commercia
1286 1400 1386 1432 servis

637 1450 687 1482 Ac
710 1451 828 1493 largire
853 1452 916 1482 tuis
940 1452 1102 1483 consortia
1124 1452 1204 1483 lucis
1227 1452 1374 1483 alumnis.

639 1502 786 1545 Cumque
811 1503 891 1534 deus
913 1504 1046 1535 veniens
1070 1507 1218 1535 cunctum
1242 1504 1439 1535 concusserit
1461 1503 1584 1543 orbem,

635 1553 716 1586 Cum
741 1556 912 1586 tremulam
936 1558 1056 1586 terram
1079 1556 1177 1587 velox
1202 1557 1363 1587 exusserit
1385 1556 1468 1597 ignis

635 1605 678 1636 Et
701 1606 750 1637 sol
774 1605 921 1637 detracta
944 1616 1004 1637 ceu
1028 1616 1139 1638 saccus
1163 1607 1234 1638 luce
1261 1607 1385 1638 carebit

635 1657 837 1700 Lunarisque
860 1658 976 1699 globus
1001 1658 1092 1689 furvo
1116 1658 1285 1690 claudetur
1308 1659 1438 1699 amictu,

637 1708 779 1752 Sulphur
800 1710 858 1752 pix
880 1710 994 1741 horror
1016 1713 1118 1741 tortor
1141 1713 1304 1741 tormenta
1327 1711 1470 1742 caminus

638 1761 801 1794 Affuerint
823 1762 987 1805 iudexque
1011 1763 1128 1794 sedens
1150 1763 1341 1795 iustissimus
1363 1764 1442 1795 illic>

638 1814 896 1857 Sanctorumque
921 1815 1038 1847 cohors
1061 1818 1176 1847 ornata
1199 1815 1313 1847 sedilia
1335 1815 1480 1857 habebit,

637 1866 727 1897 Inter
751 1869 784 1898 et
805 1866 866 1898 hos
888 1877 1040 1909 proceres
1063 1878 1136 1899 cum
1160 1867 1281 1899 celsum
1303 1868 1374 1900 iure
1397 1868 1538 1900 tribuual

638 1917 831 1950 Consulibus
854 1919 969 1951 iunctis
993 1919 1178 1952 consederis
1202 1920 1324 1951 arbiter
1347 1920 1444 1960 orbis,

637 1969 795 2002 Iudicium
819 1973 852 2002 et
874 1971 992 2002 iustum
1016 1971 1104 2003 libris
1127 1971 1288 2014 pandetur
1311 1972 1447 2014 apertis:

638 2021 742 2062 Eheu,
767 2022 844 2064 quid
867 2022 983 2054 faciam
1007 2026 1103 2054 tunc?
1126 2033 1179 2054 me
1203 2023 1274 2065 quis
1297 2026 1426 2055 sanctus
1450 2023 1491 2054 ab
1514 2024 1562 2055 ira

639 2073 802 2116 Conteget
823 2075 977 2106 instanti?
1002 2085 1085 2117 quae
1109 2085 1161 2106 me
1185 2074 1331 2106 defensio
1355 2075 1452 2106 tantis

640 2124 794 2157 Cladibus
818 2126 952 2168 eripiet?
976 2127 1065 2158 cuius
1089 2127 1148 2158 sub
1172 2127 1315 2168 tegmine
1339 2127 1456 2158 montis

637 2177 896 2210 Abscondendus
919 2189 985 2219 ero,
1009 2179 1146 2210 flammis
1168 2189 1209 2210 ne
1234 2189 1352 2210 exurar
1374 2179 1523 2210 acerbis?

639 2229 735 2265 Quod
757 2240 811 2261 me
834 2233 910 2262 tunc
935 2231 1041 2273 operis
1063 2231 1138 2262 iusti
1160 2231 1311 2262 velamen
1334 2234 1483 2273 opertum

637 2280 770 2312 Eximet
794 2285 828 2313 et
850 2282 931 2313 tanti
954 2284 1104 2314 secernet
1125 2282 1167 2313 ab
1191 2282 1266 2324 igne
1291 2282 1430 2313 camini?

639 2332 716 2373 Oro,
740 2333 786 2364 tui
809 2336 894 2374 tunc,
919 2337 1029 2365 sancte
1053 2337 1156 2376 pater,
1181 2334 1335 2366 miserere
1358 2337 1488 2376 poetae,

636 2384 771 2416 Dextris
794 2388 892 2427 atque
917 2389 1006 2417 tuum
1029 2386 1141 2417 turmis
1165 2386 1323 2427 coniunge
1346 2385 1515 2417 Milonem:

637 2436 828 2468 Extremum
852 2440 903 2468 sat
926 2437 987 2469 erit
1010 2438 1062 2469 vel
1085 2437 1314 2469 commeruisse
1337 2437 1500 2469 locellum.

638 2488 697 2520 Est
721 2489 819 2520 etiam
842 2489 988 2521 mihimet
1010 2489 1128 2521 fiducia
1151 2500 1270 2531 magna
1292 2489 1421 2521 misello

638 2540 712 2571 Hoc
735 2550 835 2582 opere
858 2541 1037 2572 horrendos
1061 2541 1207 2583 extingui
1230 2551 1326 2583 posse
1348 2541 1486 2582 furores,

638 2591 788 2624 Scemate
813 2592 899 2635 quod
922 2593 977 2624 vili
999 2593 1153 2635 scriptum
1177 2595 1236 2631 est,
1259 2592 1318 2624 sed
1340 2595 1415 2624 vate
1437 2592 1536 2624 fideli.

638 2643 762 2675 Parvus
784 2643 888 2676 honor
911 2655 1041 2676 carmen
1063 2644 1215 2676 stolidum
1240 2647 1298 2684 est,
1323 2644 1381 2676 sed
1404 2644 1540 2686 grandia
1563 2646 1680 2677 amoris

638 2694 719 2726 Sunt
741 2695 820 2727 mihi
842 2699 919 2728 vota
942 2696 1005 2728 tuis
1028 2697 1060 2728 in
1083 2695 1243 2736 laudibus,
1269 2696 1391 2738 optime
1414 2699 1535 2739 pastor.

375 2805 428 2831 440
445 2806 532 2831 hausit
553 2806 574 2830 V

658 2806 709 2832 444
727 2807 807 2832 isdem
827 2807 851 2831 V
934 2806 986 2833 452
1003 2816 1114 2841 quaeras
1127 2808 1152 2832 A
1240 2807 1292 2833 463
1311 2816 1359 2833 om.
1379 2807 1404 2832 V
1487 2807 1539 2834 474
1556 2809 1668 2835 tecmiuc
1687 2809 1711 2834 V
