2060 3074
187 199 246 229 ⁴48
845 195 982 222 HEIRICI
1001 195 1177 222 CARMINA.

474 295 512 314 340
550 283 777 313 Fundamenta
801 282 880 319 solo,
904 282 1052 323 geminos
1077 282 1139 313 fert
1163 282 1272 313 fabula
1298 283 1383 312 visos

552 334 682 365 Proelia
707 333 836 364 lascivis
861 334 1023 374 agitantes
1048 333 1174 364 lusibus
1198 333 1309 365 aedos.

550 385 717 428 Auspiciis
742 389 869 416 veteres
892 386 1015 417 assueti
1040 385 1180 427 denique
1204 386 1316 428 primis

550 437 691 468 Nomina
715 437 892 468 condendis
917 437 1242 479 ponebant-urbibus
1268 438 1355 469 olim.

550 489 645 520 Hanc
669 489 806 531 primum
831 489 966 521 veniens
991 489 1111 531 Alpino
1135 500 1155 521 a
1178 490 1301 521 vertice
1327 489 1458 528 Caesar,

475 554 512 573 345
550 541 642 572 Tunc
667 551 739 572 cum
763 540 931 572 barbarico
955 541 1103 573 feritaret
1128 540 1236 572 Gallia
1260 542 1333 579 ritu,

552 591 698 623 Adscivit
722 592 844 624 sociam
868 593 1040 634 gentisque
1067 593 1098 623 in
1123 592 1256 624 foedera
1280 593 1382 624 traxit

552 644 731 675 Romuleae
757 645 926 686 sociosque
951 654 1052 676 novos
1075 644 1256 686 fratresque
1281 645 1409 676 vocavit

553 695 655 738 Inque
680 695 784 738 capud
810 696 900 737 regni
924 697 1094 738 primatum
1120 707 1249 729 sumere
1273 697 1381 728 iussit:

555 747 683 780 Celtica
706 747 808 779 Roma
832 747 906 779 dein
931 748 1033 779 voluit
1056 749 1228 791 coepitque
1254 749 1372 781 vocari.

476 813 514 831 350
552 799 683 831 Craevit
706 799 868 831 amicitiae
894 800 1013 831 sensim
1039 810 1097 842 per
1120 803 1267 842 tempora
1291 800 1401 833 robur:

554 852 639 883 'Urbs
664 862 792 893 quoque
816 855 1003 893 proveetum
1025 852 1215 894 meritisque
1238 857 1271 884 et
1291 854 1420 885 nomine
1443 853 1580 896 sumpsit

554 902 841 946 *Augustidunum'
866 903 995 935 demum
1021 907 1179 946 concepta
1205 905 1322 940 vocari,

553 955 706 998 ‘Augusti
730 954 884 986 montem*
911 955 1065 987 transfert
1089 956 1175 998 quod
1203 955 1327 988 Celtica
1351 957 1473 999 lingua.

553 1008 626 1040 Non
651 1008 711 1039 fuit
735 1008 791 1039 illa
814 1007 906 1039 ferax
930 1007 1058 1049 frugum
1081 1019 1140 1050 per
1165 1009 1297 1040 saecula
1321 1009 1419 1041 tellus

479 1074 516 1092 355
555 1060 625 1092 Nec
651 1060 807 1102 opulenta
832 1060 911 1090 satis
935 1079 976 1082 —
1002 1060 1135 1101 cingunt
1158 1071 1297 1102 namque
1322 1061 1428 1092 omnia
1452 1061 1554 1093 silvae

556 1111 719 1143 Montibus
745 1111 933 1142 horricomis
958 1111 1145 1153 sterilisque
1170 1112 1210 1143 ad
1236 1113 1362 1144 semina
1386 1124 1500 1155 cespes

556 1163 709 1195 Vomeris
734 1163 897 1205 inpatiens
923 1163 1078 1205 curvique
1101 1164 1242 1196 inmunis
1267 1166 1374 1204 aratri,

554 1215 598 1246 Et
622 1218 720 1246 vexat
742 1214 839 1246 duras
864 1215 946 1246 caeli
970 1215 1178 1247 inclementia
1200 1219 1303 1248 terras
1329 1229 1382 1249 —:

554 1267 678 1299 Verum
702 1267 791 1298 nulla
815 1267 900 1298 viros
925 1267 1020 1298 tellus
1046 1268 1147 1309 magis
1172 1269 1290 1300 extulit
1313 1269 1410 1300 armis

477 1333 515 1352 ,τευ
553 1320 752 1362 Praecipuus
777 1319 940 1361 animique
966 1321 1069 1361 magis
1094 1320 1134 1351 ad
1160 1321 1282 1362 proelia
1307 1321 1393 1352 lecti.

554 1372 643 1414 Ergo
667 1371 721 1403 ubi
746 1372 871 1403 vicinae
897 1373 1082 1414 praesensit
1106 1375 1255 1415 tempora
1277 1374 1388 1405 mortis

556 1424 695 1456 Sanctus
720 1427 753 1456 et
777 1424 906 1455 omnino
930 1434 1061 1466 semper
1084 1425 1312 1457 memorandus
1336 1425 1481 1458 Amator.

555 1477 654 1508 Urbis
678 1476 719 1508 ad
743 1476 870 1508 edictae
895 1487 956 1508 non
981 1477 1092 1518 segnis
1118 1478 1247 1509 moenia
1271 1478 1385 1510 tendit.

556 1529 663 1561 Officii
686 1539 844 1560 summam
869 1528 1022 1560 servabat
1046 1529 1149 1560 Iulius
1174 1529 1251 1567 illie,

481 1594 518 1613 365
556 1581 616 1612 Vir
638 1583 811 1623 praestans
836 1583 869 1611 et
892 1590 965 1611 cum
991 1581 1147 1623 praefecti
1173 1582 1314 1613 culmine
1339 1582 1458 1622 clarus⁷

555 1633 638 1664 Tum
662 1632 737 1664 fidei
761 1643 862 1675 purus
887 1636 1026 1674 votoque
1050 1636 1082 1664 et
1106 1634 1235 1664 nomine
1260 1634 1375 1666 cultor.

556 1685 705 1716 Antistes
729 1694 856 1727 quoque
881 1687 1013 1716 sanctus
1039 1688 1110 1717 erat
1135 1684 1323 1728 Simplicius
1348 1686 1422 1723 illie,

557 1736 669 1779 Magni
693 1737 741 1767 vir
764 1737 870 1768 meriti
894 1737 1069 1778 magnique
1095 1737 1242 1769 minister
1265 1737 1408 1770 honoris.

556 1789 737 1831 Iunctaque
762 1788 906 1830 pontifici
932 1788 1052 1830 regalis
1078 1789 1147 1820 iure
1174 1792 1319 1831 potestas

481 1854 519 1873 370
557 1841 771 1872 Oommissam
795 1840 926 1882 paribus
952 1840 1082 1883 plebem
1106 1841 1257 1873 frenabat
1283 1842 1436 1874 habenis:

557 1893 621 1924 Hic
646 1892 799 1924 tumidam
824 1892 928 1934 rigida
950 1895 1082 1934 gentem
1107 1892 1234 1925 dicione
1258 1894 1438 1935 premebat.

558 1945 619 1976 Ille
644 1944 803 1976 salutiferi
828 1944 989 1975 formabat
1012 1954 1146 1976 munere
1174 1945 1271 1977 verbi.
1317 1948 1330 1960 '

599 1995 787 2028 Adventare
813 1997 914 2027 virum
938 1997 1067 2038 praesul
1093 2007 1291 2039 praesesque
1316 1997 1447 2030 beatum
1589 2000 1781 2033 &simplicius
1791 2000 1843 2032 epi-

557 2048 602 2080 Ut
625 2058 768 2083 sensere,
793 2052 908 2089 parant
932 2048 1046 2079 turmis
1071 2047 1144 2080 hinc
1169 2049 1242 2080 inde
1268 2050 1391 2081 coactis
1588 2053 1679 2092 ⁸⁰⁰lf¹l⁸
1697 2052 1754 2068 “⁰¹²
1774 2043 1842 2091 {¹⁴5⁰

483 2113 520 2133 3¹15
558 2100 601 2131 Et
625 2100 703 2131 cleri
728 2103 761 2131 et
784 2100 895 2142 populi
921 2101 1065 2132 venienti
1091 2111 1263 2133 occurrere
1289 2105 1402 2133 sancto
1621 2096 1644 2112 ‘³‘
1661 2090 1809 2112 occurrent.

558 2151 798 2194 Excipiuntque
822 2152 936 2191 virum,
961 2152 1049 2183 dicta
1072 2157 1273 2195 acceptaque
1298 2154 1404 2185 salute

559 2204 596 2235 In
620 2204 780 2246 gremium
805 2203 929 2236 duxere
955 2215 1033 2236 suae
1059 2205 1285 2247 sollempniter
1308 2205 1406 2237 urbis.

559 2257 697 2288 Noctem
721 2257 866 2288 laetitiae
891 2257 1036 2289 tribuere
1061 2261 1094 2289 et
1118 2258 1269 2290 laudibus
1294 2258 1393 2292 illam.

560 2308 668 2350 thue
693 2308 769 2350 vigil
793 2308 895 2340 nitido
920 2309 1057 2340 rutilans
1079 2308 1231 2351 *disclusit
1255 2309 1295 2341 ab
1319 2313 1391 2341 ortu

484 2374 522 2393 380
559 2361 746 2403 Purpureas
771 2361 901 2392 Aurora
924 2361 1012 2392 fores
1037 2361 1208 2403 stellisque
1233 2361 1354 2403 fugatis

300 2501 405 2526 Scholia
424 2515 455 2518 —
474 2499 524 2525 349
544 2499 641 2532 vocari!
659 2509 725 2532 quae
744 2501 814 2533 prius
833 2501 924 2525 l‘ledua
943 2501 1081 2525 vocabatur
1162 2500 1212 2526 352
1231 2499 1364 2533 concepta]
1385 2500 1490 2533 prolesis
1569 2499 1620 2525 353
1639 2501 1728 2525 Duuos
1747 2499 1846 2525 Ueltiea

195 2545 281 2577 lingna
301 2545 393 2569 dicitur
412 2553 496 2569 mous:
516 2545 575 2569 hinc
594 2547 619 2569 et
637 2544 847 2576 Augustidunum
866 2544 959 2568 dicitur
973 2544 1084 2576 Augusti
1103 2552 1174 2568 mons
1245 2542 1296 2568 :351
1317 2542 1403 2575 tellus]
1422 2544 1570 2568 Heduorum
1641 2543 1693 2568 355
1711 2541 1844 2576 opulenta]

196 2587 349 2613 habundans
401 2586 473 2619 satis}
494 2587 640 2612 seminibus.
662 2601 692 2603 -—
712 2587 857 2619 Opuleutus
876 2587 969 2612 dicitur
987 2588 1079 2619 opibus
1098 2587 1188 2619 plenus
1293 2586 1343 2611 356
1362 2586 1519 2619 horricomis]
1540 2587 1642 2612 horrore
1661 2587 1743 2619 plenis

299 2673 349 2699 348
367 2677 444 2706 capnt
462 2676 478 2697 2
496 2681 527 2697 m.
548 2673 571 2697 Ι)
652 2673 701 2698 363
721 2674 804 2704 edicte
824 2682 890 2698 corr,
910 2673 934 2697 P
1014 2672 1064 2698 359
1084 2673 1139 2703 iure
1158 2681 1224 2697 corr.
1244 2672 1270 2697 P
1321 2677 1433 2705 potastas
1452 2681 1518 2697 corr.
1539 2672 1563 2697 P
1644 2671 1695 2698 370
1714 2673 1846 2706 plebebem

196 2726 262 2742 corr.
283 2717 307 2741 Ι)

298 2802 348 2828 345
358 2810 410 2834 sqq.
436 2801 491 2833 Cs'r.
512 2801 609 2828 Caesar
629 2802 659 2827 B.
681 2801 712 2828 G.
734 2802 753 2827 I
762 2803 803 2828 3:2¹.
909 2802 959 2828 357
985 2801 1116 2835 curvique
1142 2800 1264 2827 inmunis
1289 2800 1375 2828 aratri
1402 2799 1466 2826 Met.
1487 2800 1539 2827 III
1550 2801 1588 2827 ll.
1693 2800 1744 2828 376
1769 2800 1845 2828 dicta

197 2856 369 2888 acceptaque
389 2853 477 2880 salute
498 2854 564 2880 Met.
587 2853 663 2880 XIV
676 2855 704 2881 ll
725 2856 747 2880 ec
766 2855 825 2881 211.
