2060 3074
225 176 286 205 462
882 171 1017 198 HFIIRICI
1038 170 1213 197 CARMINA.

750 363 923 399 INCIPIT
950 363 1091 399 LIBER
1117 362 1338 399 TERTIVS.

630 438 810 470 Creverunt
833 438 903 469 miri
927 438 1052 469 meritis
1075 438 1303 469 crescentibus
1327 440 1420 469 actus
1632 443 1662 467 Ut
1681 443 1716 467 ad
1735 443 1862 467 miracula

585 491 826 532 Famosumque
850 491 919 522 viro
943 501 1001 532 per
1024 491 1117 532 signa
1141 491 1288 533 potentia
1310 500 1428 521 nomen
1662 490 1761 510 ventum
1779 486 1818 511 ⁸²²·

586 542 736 574 Elicuere
761 553 885 581 cruces,
910 552 1046 584 quarum
1071 552 1133 584 quo
1159 542 1269 573 durior
1292 553 1381 577 usuS,

586 594 657 625 Hoc
682 595 713 625 in
736 594 904 636 patrandis
928 595 1044 626 melior
1067 595 1269 636 praestantia.
1293 595 1394 625 miris.

536 660 547 678 5
584 647 782 689 Principium
807 647 882 678 tulit
902 647 952 678 his
976 658 1041 678 non
1065 647 1269 689 experientia
1292 647 1371 678 iuris

586 699 681 731 Vana
705 699 754 730 sui
778 710 848 737 nec,
873 710 937 741 qua
960 699 1123 741 quondam
1148 699 1321 741 capiuntur
1344 699 1475 732 inertes.

587 750 811 782 Exautoratae
835 750 917 782 levis
940 751 1160 782 inconstantia
1183 751 1312 790 mentis,

586 803 707 834 Verum
733 806 810 834 nota
834 803 927 834 bonis
951 803 1029 834 fessi
1053 805 1237 845 compassio
1262 803 1381 837 fratris,

587 855 646 886 Cui
671 865 734 886 non
758 855 843 886 ferre
867 865 998 886 manum
1022 866 1097 898 pars
1122 858 1172 887 est
1195 855 1328 897 indigna
1350 857 1471 886 reatus.

523 920 549 938 ιο
629 907 757 938 Extulit
780 907 836 938 illa
857 908 959 939 virum
985 907 1100 939 studiis
1123 907 1304 949 frugalibus
1329 910 1420 938 aetas
1614 909 1653 933 De
1672 909 1783 941 pecnnia
1802 916 1868 932 com.

586 959 710 990 Officiis
734 959 876 991 habilem
900 959 1025 1001 primis:
1050 959 1222 991 Ianuarius
1247 959 1299 990 olli
1615 957 1688 984 pem
1700 961 1750 1000 Pj-’r
1767 960 1872 984 enm-yu-

586 1010 775 1053 Cognomen
801 1011 923 1053 gentile
947 1011 1017 1050 fuit,
1043 1011 1103 1043 sub
1128 1011 1280 1053 praeside
1304 1010 1458 1053 princeps
1689 1003 1793 1020 mmum.

586 1063 745 1094 Delectus
770 1064 881 1106 pensis
905 1067 1036 1105 gentem
1060 1063 1200 1095 multare
1224 1063 1364 1094 tributis.

587 1114 745 1146 Ponderis
770 1115 877 1147 exacti
901 1119 1092 1157 congestam
1116 1119 1265 1158 tempore
1290 1125 1449 1146 summam

523 1179 545 1197 ιε,
585 1166 682 1198 Forte
707 1166 833 1198 ferebat
856 1177 906 1206 eo,
930 1167 1035 1209 plenis
1059 1170 1095 1198 ut
1117 1166 1184 1198 lata
1207 1166 1360 1197 cruminis

588 1218 734 1250 Adderet
757 1219 897 1250 exoticis
921 1219 1049 1251 aeraria
1072 1218 1204 1261 publica
1227 1218 1328 1260 gazis.

587 1270 619 1301 Is
643 1270 727 1312 quod
754 1274 823 1302 erat
847 1271 952 1302 sancti
975 1270 1113 1302 devotus
1139 1281 1238 1302 verna
1261 1270 1396 1308 timoris,

587 1322 703 1354 Visere
727 1323 913 1366 pontificem
938 1323 1077 1365 vestigia
1100 1323 1193 1355 torsit
1216 1323 1248 1354 in
1274 1322 1388 1354 urbem

588 1374 760 1416 Indignum
786 1375 908 1417 pietate
933 1378 1032 1414 ratus,
1057 1386 1130 1406 cum
1155 1375 1336 1406 comminus
1361 1376 1459 1407 esset.

522 1439 548 1457 20
586 1426 799 1458 Praeteriisse
823 1428 942 1464 virum:
967 1427 1042 1459 tulit
1065 1427 1141 1459 hinc
1166 1426 1206 1458 ad
1231 1427 1361 1458 moenia
1384 1437 1544 1468 gressum.

589 1478 667 1509 Mox
690 1479 861 1521 vectigalis
885 1490 1003 1522 passus
1027 1479 1200 1521 dispendia
1223 1479 1310 1510 sacci

588 1530 658 1562 Iam
683 1542 758 1563 reus
782 1535 832 1563 est
855 1534 888 1563 et
911 1531 1017 1563 adhuc
1042 1532 1159 1574 capitis
1183 1530 1375 1562 discrimina
1398 1530 1514 1561 nescit.

589 1582 737 1614 Amissos
762 1583 868 1625 rapuit
890 1593 1048 1625 pervasus
1073 1582 1233 1614 daemone
1257 1581 1387 1624 quidam

590 1634 671 1666 Cum
695 1644 791 1666 sacco
814 1645 974 1673 nummos,
999 1645 1138 1677 cumque
1165 1634 1271 1666 aforet
1294 1634 1418 1666 arbiter
1441 1633 1554 1670 omnis„

524 1699 548 1718 25
587 1686 739 1718 Condidit
762 1686 793 1718 in
817 1687 971 1719 latebras.
1018 1686 1178 1729 Dampnis
1203 1686 1353 1718 addictus
1377 1686 1495 1717 amaris
1519 1704 1558 1708 —

590 1738 618 1768 A
643 1748 706 1780 quo
730 1748 804 1769 nam
828 1741 966 1780 repetat,
991 1737 1075 1780 quod
1098 1748 1163 1769 non
1188 1737 1386 1769 commiserit
1409 1737 1488 1768 ulli?

590 1790 718 1821 Anxius
742 1790 874 1821 incertis
898 1790 1010 1832 opplet
1034 1789 1264 1832 conquestibus
1289 1789 1412 1821 urbem.

590 1842 684 1884 Itque
709 1842 858 1884 reditque
882 1842 977 1882 viam,
1002 1852 1067 1884 qua
1089 1853 1174 1873 nunc
1198 1841 1341 1883 vesti-gia
1363 1842 1495 1884 pressit,

589 1894 795 1936 Nequiquam
819 1894 982 1936 relegens,
1007 1893 1094 1936 quod
1116 1904 1169 1926 res
1193 1893 1360 1935 incognita
1382 1895 1518 1935 perstat.

525 1958 550 1977 30
588 1945 752 1988 Collapsis
778 1946 899 1988 spebus
925 1946 996 1977 sola
1019 1945 1101 1977 haec
1126 1945 1289 1977 sententia
1311 1946 1445 1976 mansit:

590 1997 627 2029 In
652 1999 799 2028 sanctum
824 1997 1001 2030 transferre
1024 1998 1128 2029 virum
1152 1997 1357 2040 reparamina
1380 1997 1522 2039 dampni.

591 2049 688 2081 Hunc
710 2049 875 2091 precibus,
899 2049 984 2081 hunc
1009 2052 1042 2081 et
1065 2049 1207 2081 lacrimis
1230 2049 1396 2081 incessere
1420 2049 1506 2080 veris

590 2101 687 2133 Haud
712 2102 815 2139 aliter,
840 2112 937 2143 quam
960 2101 1119 2143 depositis
1144 2101 1304 2133 obnoxius
1329 2104 1428 2133 esset.

590 2154 725 2185 Praesul
749 2153 892 2195 lugentis
917 2156 1038 2185 sortem
1061 2153 1234 2185 miseratus
1258 2153 1403 2195 iniquam

527 2218 552 2236 35
590 2205 695 2237 Posse
720 2205 889 2236 reformari
913 2204 1051 2247 spondet
1074 2204 1246 2248 dispendia
1268 2205 1354 2236 fisci:

593 2257 757 2288 Femineis
781 2257 923 2289 animum
947 2258 1025 2289 velit
1048 2267 1230 2288 exonerare
1254 2256 1406 2299 querelis.

592 2309 758 2341 Praesulis
781 2309 924 2341 edictum
947 2312 1018 2341 tota
1041 2319 1118 2341 mox
1140 2309 1221 2341 urbe
1243 2308 1399 2351 pependit

593 2361 874 2404 Quaerendaeque
898 2363 945 2394 rei
969 2362 1067 2394 tridui
1091 2362 1205 2394 dilatio
1229 2362 1341 2394 fertur.

331 2483 436 2508 Scholia
460 2498 490 2501 —
515 2483 527 2508 1
549 2483 615 2516 miri]
638 2484 766 2509 mirabiles
871 2481 887 2507 3
912 2483 1037 2517 Elicuere]
1061 2485 1215 2516 Expressere
1239 2482 1401 2515 (Explessere
1420 2483 1453 2512 P)
1558 2483 1575 2508 5
1598 2482 1649 2516 his]
1676 2491 1711 2508 sc.
1737 2482 1876 2508 virtutibus

230 2528 261 2552 123
279 2526 410 2559 cruminis]
424 2528 533 2552 sacculis
617 2527 647 2552 113
666 2526 780 2559 exoticis]
795 2527 935 2559 peregrinis
1018 2526 1049 2552 17
1069 2527 1104 2558 Is]
1119 2527 1255 2552 Ianuarius
1336 2526 1368 2552 19
1386 2525 1537 2559 comminus]
1552 2535 1629 2559 prope
1709 2525 1744 2551 20
1764 2527 1876 2551 Praeter-

229 2570 295 2602 iisse}
317 2579 359 2603 pro
380 2569 537 2604 p(i·)eterissc
557 2584 596 2595 -.
616 2570 676 2595 ‘Nos
695 2569 827 2602 [hlabiisse
846 2570 901 2594 rati*
921 2570 996 2601 (Aen.
1018 2570 1094 2595 1125
1111 2572 1159 2604 (ξίν.
1173 2570 1256 2601 Serv.)
1343 2569 1377 2594 24
1396 2568 1487 2602 aforet]
1507 2570 1607 2594 abesset
1694 2568 1728 2594 25
1747 2567 1875 2601 Condidit]

229 2614 339 2646 reposuit
393 2614 417 2638 in
436 2612 556 2646 latebras]
577 2615 602 2639 in
621 2614 725 2639 occultis
778 2611 905 2645 addictus]
926 2614 1079 2638 constrictus
1186 2613 1220 2638 29
1242 2612 1366 2645 relegens]
1387 2612 1603 2645 rccircumilglens
1655 2610 1733 2645 quod]
1757 2620 1787 2636 eo
1809 2612 1877 2644 quod

228 2656 262 2680 33
281 2655 412 2689 depositis]
431 2658 614 2682 commendatis
719 2656 752 2681 3⁴5
771 2655 908 2688 Femineis]
927 2657 1034 2682 diversis
1052 2657 1084 2689 (¹3)

334 2742 360 2766 ll
385 2742 480 2775 l-lfficiis
500 2742 524 2766 Ι)
626 2741 659 2766 25
677 2742 776 2767 damnis
795 2744 810 2766 *2
828 2750 860 2766 m.
884 2742 908 2766 P
1013 2743 1046 2767 ‘29
1066 2743 1244 2774 Nequidquam
1263 2742 1388 2766 Boachius

333 2827 365 2852 24
385 2826 439 2859 Cl'r.
461 2826 523 2852 Met.
548 2827 647 2853 [14:375.
