2040 2996
590 36 602 52 ἱ

606 126 655 153 AD
673 125 943 153 ERMTNGARDEM
962 126 1251 155 IMPERATRICEM.
1696 133 1755 164 189

885 223 970 245 xxm.

766 275 829 308 AD
853 276 1087 311 KAROLUM.

472 336 650 379 Splendida
673 336 808 379 palmes,
833 347 904 375 ave,
927 336 1127 369 Francorum
1150 339 1256 381 gloria
1279 343 1395 383 gentis,

518 388 603 431 Spes
626 388 736 430 magni
759 388 879 430 populi,
905 388 1075 431 splendide
1099 391 1235 432 palmes,
1259 404 1328 430 ave,

470 441 582 471 Aurea
603 439 767 478 nobilitas,
792 439 920 471 soboles
944 440 1118 473 benedicta
1140 442 1285 484 Lothari,

518 492 595 524 Flos
618 491 855 534 Ermingardis,
879 502 980 523 aurea
1003 493 1166 527 nobilitas,

400 552 411 570 ⁵
469 543 658 583 Ilienovus
682 546 731 575 est
754 542 895 574 Karolus
919 542 1033 575 Karoli
1058 543 1098 576 de
1122 547 1246 578 semine
1269 549 1394 590 magni:

516 595 636 627 Omnes
658 595 827 635 laetemur,
850 594 902 626 hic
926 605 1029 627 novus
1053 601 1104 628 est
1127 597 1277 630 Karolus.

466 647 560 679 Haec
583 657 668 679 nova
691 647 787 678 stella
809 646 917 687 micat,
940 648 1012 679 laus
1036 648 1133 688 orbis,
1157 661 1232 692 spes
1257 662 1385 694 quoque
1408 652 1542 691 Romae,

515 699 667 741 Europae
691 698 818 742 populis
840 698 922 731 haec
946 710 1031 731 nova
1054 701 1148 733 stella
1170 702 1278 735 micat.

466 751 563 783 Hunc
587 761 679 790 avus,
703 750 788 782 hunc
811 761 962 793 proavuS,
986 752 1114 793 genitor
1137 753 1222 785 hunc
1247 753 1369 786 Caesar
1392 755 1553 795 honestat,

389 811 413 830 ιο
518 802 603 834 Olim
629 805 801 845 sperarunt
823 802 910 834 hunc
934 813 1024 842 avus,
1049 804 1133 836 hunc
1157 815 1309 847 proavus.

469 853 635 886 Candidus
657 864 734 886 ecce
758 854 860 886 venit:
885 854 1059 887 candentia
1083 855 1150 887 lilia
1173 856 1271 891 ferte:

514 906 665 949 Spargite
690 916 746 937 vos
769 905 880 938 flores:
905 905 1062 938 candidus
1087 918 1164 939 ecce
1188 909 1286 940 venit.

467 957 619 989 Caesaris
643 957 767 1000 egregii
789 958 896 1000 proles
919 958 1042 990 invicta
1065 958 1209 999 Lothari,

513 1009 607 1042 Haec
630 1013 681 1042 est
703 1009 795 1051 virga
817 1009 939 1041 decens
963 1009 1116 1042 Caesaris
1139 1011 1274 1053 egregii.

386 1070 409 1088 ¹⁵
467 1062 581 1094 Gloria
604 1061 694 1094 celsa
716 1061 763 1093 tui
786 1061 938 1094 Rhenum
963 1062 1174 1094 transcendat
1197 1066 1230 1094 et
1254 1063 1366 1106 Alpes,

513 1113 654 1145 Romam
678 1113 890 1155 transmigret
913 1113 1017 1155 gloria
1040 1114 1128 1145 celsa
1151 1114 1207 1147 tui.

464 1165 533 1196 Vos
557 1165 731 1196 comitetur
754 1184 792 1188 —
817 1175 912 1197 amen
939 1184 976 1188 —
1002 1165 1210 1208 praepollens
1233 1167 1338 1208 gratia
1361 1167 1493 1205 Christi,

512 1216 694 1259 Sceptrum,
719 1216 862 1248 chrisma
885 1217 986 1259 patris
1011 1227 1069 1248 vos
1094 1218 1265 1250 comitetur
1290 1237 1328 1242 —
1354 1229 1457 1251 amen.

881 1346 967 1370 xxiv,

526 1400 641 1433 IDEM
665 1400 727 1433 AD
750 1400 941 1434 EANDEM
965 1401 1324 1436 IMPERATRIOEM.

462 1461 614 1494 Eximiae
637 1461 789 1493 dominae
812 1471 1004 1494 resonemus
1026 1473 1157 1495 carmen
1182 1463 1324 1504 honoris,

510 1513 689 1546 Cantemus
713 1513 827 1545 laudes
855 1514 995 1546 eximiae
1018 1514 1181 1548 dominae.

462 1566 569 1598 Dulce
593 1565 697 1597 melos
720 1568 851 1598 resonet
874 1567 1020 1598 rectricis
1043 1567 1152 1604 nobile
1175 1577 1293 1599 nomen

509 1618 758 1660 Augustumque
779 1618 866 1660 piam
890 1618 986 1650 dulce
1010 1619 1114 1651 melos
1142 1623 1284 1651 resonet.

395 1677 406 1696 ⁵
463 1669 531 1701 Nos
555 1669 723 1702 celebrare
746 1669 852 1709 decet,
877 1681 972 1713 quam
996 1674 1084 1703 totus
1108 1675 1263 1714 personat
1285 1672 1386 1703 orbis:

509 1715 740 1764 Ermingardin
765 1722 851 1754 enim
874 1733 932 1754 nos
957 1722 1125 1755 celebrare
1148 1722 1254 1759 decet,

462 1773 567 1810 Quam
591 1773 672 1806 deus
695 1773 888 1806 altithronus
911 1775 999 1806 celso
1023 1775 1178 1807 sublimat
1201 1775 1333 1814 honore,

509 1825 639 1857 Ornans
660 1825 820 1867 glorificat
842 1836 938 1868 quam
962 1826 1042 1858 deus
1067 1827 1272 1866 altithronus,

462 1877 634 1920 Spargitur
657 1878 689 1909 in
712 1876 819 1910 trifido
843 1879 935 1910 cuius
959 1878 1042 1918 laus,
1065 1879 1171 1921 gloria
1194 1879 1325 1917 mundm

381 1937 404 1956 ¹⁰
510 1929 612 1961 Fama
635 1929 757 1962 decens
780 1929 858 1962 orbe
883 1931 1049 1973 spargitur
1071 1931 1104 1962 in
1127 1931 1243 1963 trifido.

460 1980 592 2013 Florida
614 1981 768 2013 nobilitas
791 1982 915 2024 virgam
940 1982 1024 2014 hanc
1048 1981 1149 2014 edidit
1171 1982 1290 2014 almam

508 2032 620 2064 Ceuve
644 2043 749 2064 rosam
774 2033 902 2076 peperit
924 2033 1038 2065 florida
1060 2033 1221 2065 nobilitas.

459 2083 586 2115 Nobilis
610 2094 688 2126 ergo
711 2084 812 2116 micat
834 2095 996 2127 generoso
1020 2088 1191 2116 stemmate
1216 2084 1314 2123 celsa,

506 2135 686 2177 Margarita
709 2136 818 2168 nitens
841 2136 959 2168 nobilis
983 2146 1062 2178 ergo
1086 2136 1192 2168 micat.

379 2195 403 2213 ¹³
460 2187 602 2219 Parvula
626 2197 699 2219 cum
723 2187 831 2220 fuerat
854 2188 1023 2230 formaque
1047 2190 1186 2220 venusta
1207 2187 1327 2230 puella,

506 2238 622 2270 Sobria
644 2239 731 2271 mitis
754 2243 834 2277 erat,
858 2240 994 2282 parvula
1017 2249 1090 2271 cum
1114 2239 1230 2271 fuerat.

459 2289 560 2322 Casta
583 2290 734 2322 columba
757 2291 819 2322 fuit
842 2291 980 2334 simplex
1005 2290 1188 2322 verecunda
1210 2289 1366 2327 modesta,

506 2341 600 2374 Fene
625 2353 742 2374 carens
765 2343 864 2375 animi
887 2346 978 2374 casta
1002 2342 1150 2374 columba
1174 2342 1244 2374 fuit.

197 2453 287 2486 [xxm]
313 2454 352 2480 ed.
379 2454 490 2480 I’t'renne
511 2464 537 2488 p.
560 2455 595 2481 55
690 2454 707 2480 3
728 2459 751 2480 et
778 2454 808 2480 13
832 2455 933 2481 lotharii
953 2455 975 2480 0
993 2463 1060 2479 corr.
1084 2454 1195 2479 Pirenne
1289 2453 1306 2478 8
1328 2454 1463 2479 altitronus
1482 2453 1504 2478 Ο
1599 2453 1630 2478 15
1653 2452 1742 2479 *rheni

93 2496 282 2522 conmendare
367 2497 398 2523 16
414 2496 467 2522 *an
484 2498 625 2531 eonmigmt
637 2498 650 2522 Y
770 2497 860 2530 [xxm]
879 2497 919 2523 ed.
939 2497 1051 2522 I'irmme
1065 2505 1093 2528 p.
1113 2496 1146 2522 55
1164 2505 1215 2528 sqq.

197 2571 289 2606 [xxm]
307 2571 443 2599 Karozum
458 2573 547 2606 filium
559 2572 673 2600 Lao-arn·
689 2573 854 2607 imperatoris
872 2572 946 2599 modo
963 2575 1059 2599 natum
1077 2571 1186 2598 celebrat
1203 2579 1272 2605 quae
1288 2571 1446 2598 oetPaerenni
1461 2573 1531 2598 recta
1549 2572 1647 2605 omnia,
1667 2580 1742 2605 quem

92 2629 145 2656 quo
167 2631 241 2650 amo
259 2623 388 2658 payns-m:
406 2623 592 2659 Eruimus-da
613 2624 782 2659 iynoramus,
806 2627 918 2650 testatur
935 2623 1098 2650 Rwiemius
1118 2631 1193 2648 anno
1209 2624 1260 2649 856
1279 2631 1394 2657 puerum
1412 2622 1496 2655 fuisse
1513 2623 1618 2655 (annal.
1637 2623 1740 2650 Bet-tin.

28 2714 30 2719 Ι
92 2673 131 2700 ad
145 2682 171 2701 a.
183 2675 234 2701 856
252 2677 276 2701 et
294 2675 365 2709 857).
489 2675 580 2710 [xxm]
599 2675 734 2702 Ludot-ieo
754 2684 842 2702 recens
858 2677 924 2702 nato
941 2675 1077 2708 amptum,
1095 2674 1144 2707 cfr.
1156 2674 1193 2700 ad
1206 2674 1274 2700 XX.
1363 2674 1378 2700 7
1398 2673 1535 2708 [Iurene-J
1552 2674 1582 2700 in
1597 2683 1654 2708 yon.
1674 2675 1742 2701 1230

93 2724 164 2752 cel-o
186 2725 320 2753 sublimat
340 2726 452 2754 honore.
546 2728 579 2754 13
598 2727 674 2754 Fort.
693 2727 724 2760 Ι,
751 2729 796 2760 15,
820 2728 854 2754 29
879 2735 1012 2762 generosa
1037 2726 1185 2752 stemmata
1210 2725 1341 2759 pandens.
1437 2726 1469 2753 18
1490 2725 1565 2752 Fort.
1585 2725 1635 2759 IV,
1654 2727 1683 2758 6,
1708 2726 1739 2752 11

32 2763 43 2818 ¹7
93 2775 169 2804 seue
186 2785 282 2804 carens
300 2777 417 2805 animus.
