2060 3074
0 2019 26 2354 3·.W,Ww‚
0 1981 10 1999 ‚
0 1948 2 1955 r

477 471 514 490 315

476 730 514 750 ³5¹0

746 163 856 190 VITAE
875 164 901 191 S.
921 164 1090 191 GERMANI
1111 165 1219 191 LIBER
1232 165 1279 192 VI.

594 250 690 290 Quid,
713 250 852 283 facunde
875 254 977 293 pater,
1002 251 1078 294 quid
1101 263 1161 294 per
1183 252 1314 284 diversa
1337 253 1489 284 moraris?

553 302 626 341 Dic,
650 302 736 345 quod
760 302 944 339 dicendum,
968 314 1151 345 quanquam
1176 305 1219 335 sit
1242 304 1351 336 dicere
1374 305 1478 343 triste,

551 353 657 386 Triste
681 355 790 386 minax
814 355 984 396 querulum
1008 355 1210 388 lacrimabile
1234 356 1466 398 prodigiosum.

552 406 699 439 Tandem
723 406 855 438 ‘Dilecti
880 417 1036 448 germano
1060 407 1191 439 foedere
1214 408 1342 448 fratres,

551 459 702 502 Accipite
725 458 806 490 haec
830 461 863 490 et
887 469 955 490 rem
978 459 1109 500 penitus
1132 459 1276 501 defigite’
1299 460 1391 492 dixit.

552 510 711 542 ‘Viximus
735 514 767 542 et
791 510 896 541 iussas
921 510 993 541 aevi
1017 510 1218 542 decurrimus
1243 522 1327 543 oras.

551 561 644 594 Nunc
667 562 744 604 quia
767 565 857 593 certa
880 566 991 593 manet
1013 562 1128 603 generi
1153 563 1316 594 sententia
1338 566 1459 603 nostro,

552 613 706 656 Quaeque
730 616 841 645 creata
864 613 984 655 vigent,
1008 613 1172 646 labefacta
1195 625 1366 646 senescere
1389 617 1526 654 constat,

1770 167 1832 198 509

1605 260 1793 296 Apostr(opha)
1798 281 1803 287 .

551 665 620 697 Iam
644 676 796 707 suprema
819 668 946 705 vocant,
970 669 1071 705 vocat,
1095 666 1236 708 inquam,
1260 666 1424 698 Christus:
1449 666 1589 698 eundum
1614 669 1672 698 est.

553 717 642 749 Solvi
666 718 734 749 vult
758 717 886 749 animus
910 718 1042 759 poenali
1066 728 1196 750 carcere
1220 722 1330 750 trusus

513 802 515 804 ,
553 768 690 812 Iamque
714 779 838 801 memor
860 770 990 811 generis
1015 771 1167 812 contagia
1189 771 1282 812 pigra
1304 773 1449 802 recusat:

476 989 514 1009 ³25

476 1249 515 1268 2³0

482 1507 520 1527 ³³5

479 1768 518 1788 ³⁴0

479 2027 518 2046 34⁵

478 2285 516 2304 ³50

481 2545 518 2565 ³5⁵

552 821 656 854 Aetra
677 821 784 853 libens
807 822 935 863 repetit,
960 821 1014 864 qui
1038 832 1171 863 germen
1197 822 1238 854 ab
1262 826 1373 854 aetere
1397 823 1503 854 traxit.

551 873 638 916 Ergo
662 873 875 905 resolvendus
900 883 1118 916 superumque
1142 873 1183 906 ad
1206 874 1315 905 lumen
1340 875 1442 905 iturus

551 925 604 957 Me
627 925 790 967 finemque
814 934 922 956 meum
946 924 1039 956 vobis
1064 925 1266 957 committere
1291 936 1377 957 curo.

551 977 658 1009 Nocte
682 976 812 1019 quidem
836 976 999 1018 placidum
1023 987 1173 1019 caperem
1197 987 1269 1008 cum
1292 977 1375 1008 forte
1399 987 1559 1019 soporem.

552 1028 632 1060 Visa
654 1028 753 1060 michi
777 1028 878 1060 facies
901 1029 1056 1070 generosi
1079 1029 1219 1060 numinis
1243 1029 1345 1060 instar

554 1080 660 1112 Fassa
682 1080 796 1117 deum;
821 1090 881 1112 nec
906 1090 971 1112 vox
994 1080 1158 1112 hominem
1182 1091 1243 1112 nec
1268 1080 1369 1112 verba
1393 1080 1560 1112 sonabant.

554 1133 704 1164 Christus
729 1135 799 1164 erat
823 1151 861 1155 —
887 1132 970 1164 solet
993 1132 1047 1164 ille
1071 1143 1146 1164 suos
1168 1132 1228 1164 hac
1252 1132 1360 1164 visere
1384 1132 1487 1164 forma
1514 1152 1553 1155 —

552 1185 759 1227 Admotaque
783 1184 881 1216 michi
904 1184 1025 1216 blanda
1049 1185 1218 1216 conamine
1243 1184 1358 1216 dextra

551 1237 672 1269 Arrisit
695 1236 858 1278 rutiloque
883 1235 965 1268 haec
987 1237 1122 1278 insuper
1144 1236 1267 1268 addidit
1291 1247 1362 1268 ore:

553 1288 670 1328 “Care,
694 1288 885 1331 peregrinas
909 1288 1006 1319 itiner
1029 1288 1196 1320 subiturus
1220 1288 1252 1320 in
1277 1298 1350 1320 oras

553 1340 680 1383 Excipe
704 1340 892 1379 caelestem,
916 1340 1046 1382 provisa
1069 1340 1198 1379 viatica,
1223 1340 1349 1382 stipem,

554 1392 754 1425 Adiumenta
777 1391 883 1424 viae.''
929 1391 1000 1423 Tali
1024 1395 1092 1423 tum
1116 1392 1236 1424 famine
1259 1395 1364 1423 motus

554 1443 761 1481 Quaerebam
785 1454 980 1486 causamque
1003 1445 1075 1475 viae
1100 1454 1297 1486 causamque
1321 1442 1452 1475 laboris.

559 1495 674 1528 “Non”
698 1495 811 1538 inquid
834 1498 999 1528 “metuasz
1024 1496 1160 1538 patriam
1186 1495 1348 1527 revocaris
1373 1495 1405 1526 in
1429 1495 1528 1526 altam

554 1547 598 1580 Et
620 1548 725 1580 civem
749 1549 918 1590 egregium
942 1548 1007 1580 iam
1031 1549 1160 1590 iamque
1185 1547 1326 1589 reposcit
1349 1546 1518 1589 Olympus.

554 1599 626 1636 Quo
650 1610 726 1632 mox
749 1603 942 1642 perpetuam
967 1599 1077 1642 capies
1101 1600 1171 1633 sine
1195 1599 1258 1631 fine
1282 1599 1436 1641 quietem,

553 1651 627 1688 Quo
651 1652 722 1684 sine
745 1655 842 1683 nocte
866 1651 947 1690 dies,
971 1652 1040 1683 sine
1063 1654 1210 1694 tempore
1234 1654 1382 1692 tempora
1405 1653 1541 1682 currunt

554 1702 597 1735 Et
620 1714 686 1746 pax
709 1707 743 1735 et
765 1703 895 1745 requies
920 1706 952 1735 et
976 1703 1032 1735 lux
1057 1706 1089 1734 et
1111 1703 1215 1745 gloria
1238 1700 1389 1745 perpeS.”

553 1755 647 1788 Dixit
669 1758 703 1788 et
725 1755 898 1788 aethereas
921 1766 995 1788 sese
1019 1755 1152 1788 libravit
1174 1755 1207 1787 in
1231 1753 1349 1787 amas?

555 1807 610 1839 Sic
634 1811 728 1850 pater
750 1807 905 1840 occiduae
929 1808 1024 1840 sortis
1049 1818 1201 1850 suprema
1223 1806 1374 1839 canebat:

553 1859 728 1892 Pontifices
751 1859 814 1891 alio
839 1859 942 1891 somni
964 1862 1114 1902 portenta
1137 1858 1320 1897 trahebant,

555 1911 698 1944 Credere
722 1922 782 1944 nec
806 1914 959 1954 poterant
982 1911 1182 1953 contingere,
1207 1910 1290 1952 quod
1314 1908 1518 1941 metuebant:

555 1963 739 1996 Sustulerat
763 1963 859 1995 timor
882 1963 950 2005 ipse
973 1962 1082 1995 fidem.
1128 1961 1193 1994 Sed
1216 1961 1360 2004 praesul,
1383 1960 1521 1992 anhelus

555 2015 594 2047 In
617 2015 742 2058 patriae
766 2025 913 2046 remeare
937 2014 1056 2053 sinum,
1081 2013 1258 2045 studiosius
1282 2013 1381 2044 instat

554 2066 712 2098 Omnibus
735 2067 874 2098 extremi
897 2076 1029 2097 causam
1052 2065 1207 2097 mandare
1231 2064 1306 2103 diei,

554 2118 613 2150 Sat
636 2118 699 2150 sibi
724 2121 936 2159 compertum,
960 2121 1011 2149 sat
1034 2127 1070 2148 se
1093 2126 1288 2159 pernoscere
1312 2115 1435 2151 dicens,

553 2169 658 2206 Quam
682 2170 820 2212 patriam
844 2169 973 2201 famulis
997 2171 1152 2210 regnator
1175 2167 1334 2210 spondeat
1357 2166 1453 2198 orbis.

596 2221 662 2253 Vix
686 2221 772 2252 soles
795 2220 920 2263 aliquot
944 2221 1048 2263 spatio
1074 2219 1212 2252 cedente
1235 2221 1392 2251 mearant.

553 2272 763 2315 Effectusque
788 2273 876 2304 celer
899 2273 1042 2314 sequitur
1065 2272 1238 2314 praesagia
1262 2271 1355 2302 vatis.

555 2323 742 2367 Carpuntur
766 2324 853 2356 facili
876 2324 1079 2356 sanctissima
1102 2323 1249 2355 membra
1270 2322 1395 2353 dolore:

555 2377 685 2410 Invadit
708 2381 823 2409 tenues
846 2377 1025 2419 penetralis
1049 2376 1179 2407 flamma
1201 2374 1377 2407 medullas:

556 2429 690 2472 Iamque
715 2429 818 2472 pedes
842 2431 982 2471 torpent,
1006 2428 1069 2459 iam
1094 2430 1210 2459 nutant
1232 2426 1343 2458 mollia
1365 2434 1474 2456 crura:

555 2481 744 2524 Elanguent
766 2480 850 2512 oculi
874 2479 1068 2512 moribundo
1093 2479 1126 2510 in
1150 2488 1284 2520 corpore
1309 2477 1397 2509 sicci.

557 2532 683 2565 Cuncta
705 2532 833 2564 labant:
858 2542 950 2564 mens
975 2532 1043 2563 sola
1068 2530 1164 2562 deum
1188 2530 1356 2572 cernitque
1380 2527 1543 2570 cupitque.

295 2619 402 2645 Scholia
421 2634 451 2637 —
469 2619 522 2645 316
540 2618 710 2652 decurrimus]
729 2621 902 2652 transegimus

295 2683 331 2708 aa
353 2682 402 2710 311
427 2685 528 2718 spem.

193 2725 244 2751 355
262 2727 380 2759 capitque
399 2727 492 2753 Bacch.

294 2790 346 2816 322
369 2789 452 2816 Pmd.
474 2789 550 2816 Calh.
571 2790 645 2816 X24
670 2790 747 2822 Quae
768 2797 880 2822 germen
904 2787 940 2813 ab
959 2787 1071 2813 aethere
1090 2786 1184 2812 traxit.

552 2693 600 2710 mn.
619 2684 711 2709 Bon—li.
815 2683 866 2709 319
889 2691 1026 2716 supprema
1050 2682 1075 2707 P
1176 2681 1225 2707 341
1252 2689 1387 2714 supprema
1409 2688 1475 2704 orn-r.
1501 2679 1526 2703 P

195 2841 260 2867 Aen.
280 2841 323 2867 VI
331 2841 389 2868 680.
493 2842 545 2868 325
564 2841 619 2874 Cfr.
640 2841 709 2867 Aen.
728 2839 775 2866 IV
783 2839 842 2866 522.
946 2838 996 2865 327
1018 2838 1072 2870 Cfr.
1091 2838 1158 2864 Aen.
1177 2837 1255 2863 1327
1265 2844 1302 2869 sq.

1584 2228 1608 2252 U
1606 2233 1615 2252 t
1633 2229 1757 2260 languore
1779 2237 1834 2253 cor-

1632 2276 1719 2303 reptus
1738 2272 1775 2296 eit.

1627 2675 1678 2701 342
1701 2676 1792 2701 somnii
1813 2675 1837 2699 P

1288 2785 1340 2810 :323
1363 2791 1547 2818 superumque
1571 2781 1606 2808 ad
1628 2781 1722 2807 lumen
1745 2780 1833 2806 iturus
