2040 2996
290 170 328 199 34
778 167 866 194 VITA
886 166 994 194 BEATI
1013 165 1236 193 LEUDEGARH
1255 165 1452 192 MARTYRIS.

721 254 790 286 Iam
815 263 977 295 suspensa
998 253 1053 284 diu
1076 252 1186 294 presul
1210 262 1269 284 sua
1293 255 1368 284 vota
1391 255 1550 284 meretur:

654 305 822 347 Comperit
845 305 1020 336 adventum
1045 303 1162 335 celeris
1185 304 1354 346 propiasse
1379 307 1540 335 catervae.

655 357 778 388 Obvius
802 357 872 399 ipse
897 367 956 387 sua
979 355 1112 387 tandem
1136 355 1176 386 de
1200 355 1278 387 sede
1304 356 1515 398 propinquatz

652 408 800 444 Quocum
823 408 994 451 perplures
1018 418 1171 450 proceres
1194 408 1389 439 comitantur
1413 407 1542 439 heriles.

557 469 594 486 3⁵⁵
655 461 802 493 Clericus
827 461 906 493 ordo
931 461 1038 499 simul,
1062 460 1295 492 monachorum
1320 460 1470 492 examine
1494 469 1622 502 pompa.

653 514 762 555 Pleps,
787 514 915 555 vulgus,
939 523 1073 555 pauper,
1098 513 1218 544 mixtus
1241 513 1293 544 vel
1317 523 1416 544 sexus
1439 515 1577 553 uterquc

655 564 738 596 Cum
760 558 910 596 crucibus
934 564 1050 602 rutilis,
1075 564 1182 603 claris⁷
1208 575 1280 596 cum
1305 567 1387 603 ture,
1411 563 1568 595 lucernis:

651 616 772 648 Nubila
798 619 915 647 cuncta
937 618 1053 647 tonant
1075 626 1219 655 sursum,
1249 616 1344 647 simul
1368 625 1446 647 arva
1469 617 1680 647 tremescunt.

651 668 797 710 Quisque
821 668 921 699 alium
945 671 1048 700 certat
1071 667 1183 710 rapido
1207 678 1400 710 precurrere
1424 667 1519 705 calle,

556 727 593 745 Μ·
652 719 782 751 Cornua
806 719 861 760 qui
884 719 996 751 feretri
1019 722 1144 761 tangat,
1168 719 1223 761 qui
1246 719 1373 751 fimbria
1395 718 1494 762 pepli,

653 771 717 808 Qui
742 771 874 813 subigat
897 771 1040 813 scapulis
1063 770 1201 813 pondus,
1225 771 1280 813 qui
1303 781 1422 812 magna
1445 763 1568 802 talenta

650 824 752 855 Ferre
777 826 885 865 queat.
920 822 1062 854 Demum
1087 826 1240 866 suscepto
1263 823 1400 865 pignore
1423 825 1513 854 tanto

651 875 822 907 Pictavem
846 875 975 917 praesul
998 875 1104 906 laetus
1128 875 1275 917 perrexit
1297 875 1339 907 ad
1362 875 1486 907 urbem.

652 927 727 959 Huc
751 927 849 959 etiam
874 927 962 958 venit
985 927 1112 966 mulier,
1137 937 1220 969 quae
1246 937 1381 970 corpore
1406 930 1475 958 toto

555 987 592 1005 3⁶⁵
652 979 802 1012 Curvatis
826 979 935 1011 nervis
960 978 1131 1022 spectabat
1155 989 1276 1010 cernua
1299 982 1419 1011 terram

651 1031 721 1064 Nec
744 1034 873 1074 poterat
896 1041 1024 1063 sursum
1048 1041 1171 1063 annoso
1195 1031 1352 1073 languore
1377 1035 1490 1063 coacta

652 1083 822 1116 Cervicem
845 1083 976 1120 flexam,
1000 1083 1168 1125 proprium
1193 1083 1245 1114 vel
1267 1083 1384 1116 tollere
1408 1083 1542 1114 vultum.

652 1135 706 1167 ‘Et
729 1135 818 1175 mihi,
842 1135 897 1177 qui
920 1134 1041 1174 multis,
1065 1138 1198 1177 martyr,
1223 1134 1366 1166 concede
1392 1135 1541 1168 salutem.

650 1187 797 1229 Largiris
821 1187 940 1218 virtute
964 1185 1027 1218 dei'
1052 1186 1144 1218 dixit.
1179 1185 1337 1218 Resoluta

554 1246 592 1264 3ῑο
651 1238 828 1281 Corporcis
852 1238 968 1280 poenis
992 1238 1115 1269 clarum
1139 1238 1358 1270 reminiscitur
1381 1238 1494 1271 orbem

650 1291 730 1323 Mox
753 1291 843 1330 solis,
867 1289 995 1322 domino
1020 1289 1134 1322 laudes
1158 1293 1335 1332 gratesque
1360 1290 1518 1332 rependit.

652 1342 829 1375 Gressibus
852 1341 928 1374 inde
952 1344 1068 1384 petunt
1091 1342 1187 1374 laetis
1212 1345 1357 1374 sanctam
1381 1341 1631 1384 Radegundzm,

652 1395 745 1432 Quae
768 1394 892 1426 meritis
915 1393 1020 1436 fulget
1042 1394 1142 1425 sacris
1166 1404 1266 1436 super
1289 1394 1425 1426 aethera
1447 1397 1536 1426 nota.

651 1447 716 1479 Hic
739 1447 838 1479 iacuit
860 1446 989 1478 iuvenis
1013 1445 1083 1477 diro
1107 1448 1282 1488 torquente
1306 1445 1415 1478 dolore

554 1506 591 1524 ³⁷⁵
650 1499 806 1541 Ignavus,
830 1497 968 1540 gelidus,
992 1498 1071 1530 totis
1095 1497 1316 1540 membrisque
1340 1498 1470 1530 solutis:

649 1551 803 1593 Martyris
828 1553 861 1582 et
884 1550 1009 1582 meritis
1033 1549 1174 1582 surrexit
1197 1550 1251 1581 hic
1276 1560 1405 1592 quoque
1431 1561 1540 1589 sanus,

651 1603 804 1635 Protinus
828 1601 1015 1644 agminibus
1041 1612 1156 1644 sospes
1180 1612 1291 1633 comes
1314 1601 1445 1633 additur
1467 1601 1530 1633 illis

650 1654 863 1697 Prosperiore
887 1653 941 1686 via
962 1654 1103 1696 populis.
1137 1653 1208 1684 Iam
1231 1656 1318 1685 tecta
1341 1653 1494 1686 subibant

650 1706 839 1748 Doctiloqui
862 1706 947 1738 vatis
971 1724 1012 1729 —
1035 1706 1199 1748 quondam
1223 1706 1277 1748 qui
1302 1706 1455 1738 scismate
1479 1717 1579 1739 saevo

556 1766 593 1785 ³8⁰
653 1758 802 1790 Hilarius
825 1757 963 1800 propriis
987 1758 1095 1790 fuerat
1118 1757 1275 1800 depulsus
1299 1757 1341 1789 ab
1365 1758 1439 1797 oris,

652 1812 752 1843 Falsa
774 1811 827 1853 pio
852 1810 966 1843 doctor
990 1810 1089 1842 verbo
1113 1810 1189 1842 dum
1212 1809 1367 1852 dogmata
1390 1809 1533 1849 damnat,

652 1864 769 1896 Arrius
791 1862 908 1894 infelix
932 1872 1016 1904 quae
1040 1862 1160 1904 sparsit
1182 1862 1331 1905 partibus
1355 1861 1453 1894 orbis.

651 1916 708 1948 Lis
731 1915 838 1947 fuerat
861 1915 936 1946 talis
960 1914 1115 1956 quoniam
1138 1914 1220 1946 haec
1244 1917 1315 1946 orta
1338 1913 1475 1953 duobus,

651 1967 800 2000 Hilarius
822 1967 922 1998 talem
947 1966 1129 1998 doctrinam
1152 1963 1274 2009 pandit*
1289 1966 1330 1998 ab
1355 1977 1426 1998 ore:

555 2028 592 2046 385
654 2019 774 2051 ‘Ter-na
797 2021 909 2050 manet
931 2028 1084 2060 persona,
1108 2017 1170 2050 deo
1195 2018 1381 2050 substantia
1405 2018 1564 2062 simplcx',

651 2071 768 2103 Arrius
792 2069 834 2102 ad
857 2072 967 2102 ternas
990 2072 1118 2102 ternam
1142 2070 1313 2102 coniunxit
1335 2071 1442 2102 usiam
1465 2089 1517 2103 —.

652 2123 718 2155 Hic
741 2122 835 2154 binos
859 2122 935 2153 bino
960 2121 1126 2153 medicans
1150 2122 1308 2164 languore
1328 2122 1476 2164 repulso:

650 2175 710 2207 Vir
732 2174 840 2217 gelido
865 2173 965 2206 iacuit
990 2174 1099 2206 stratis
1125 2174 1185 2206 sub
1210 2185 1344 2217 corpore
1368 2175 1489 2216 segnis,

651 2227 845 2260 Luminibus
869 2226 1021 2258 fraudata
1043 2226 1099 2258 diu
1123 2226 1182 2258 sub
1207 2229 1302 2258 nocte
1326 2227 1446 2269 puella.

557 2288 594 2306 3³0
652 2280 730 2322 Ipsa
752 2279 864 2322 puella
889 2289 1015 2311 sacram
1039 2279 1198 2322 posthaec
1221 2279 1400 2321 permansit
1420 2278 1461 2310 ad
1484 2289 1584 2313 aram,

388 2394 439 2420 352
458 2395 601 2428 propriasse
617 2394 640 2419 G
652 2402 718 2419 corr.
729 2392 754 2418 P
850 2390 902 2417 378
914 2390 1033 2417 *subibat
1049 2391 1079 2416 G
1170 2390 1221 2417 382
1238 2400 1287 2424 que
1300 2392 1322 2417 G
1421 2391 1471 2417 387
1490 2393 1593 2426 repulso
1610 2398 1632 2422 Β,
1651 2393 1673 2417 G
1746 2391 1796 2418 389
1820 2396 1896 2429 noct}
1915 2390 1941 2418 G

285 2437 336 2462 390
353 2437 415 2470 *per
434 2439 497 2463 haec
518 2438 540 2463 G

389 2503 440 2531 354
462 2504 509 2536 cfr.
523 2504 589 2531 Aen.
606 2503 688 2536 VIII,
707 2503 766 2530 462.
875 2503 926 2529 356
950 2502 998 2534 cfr.
1013 2502 1054 2535 Il,
1077 2503 1134 2530 138.
1243 2502 1295 2529 360
1314 2502 1442 2529 Aldhelm.
1459 2502 1532 2529 laud.
1551 2503 1614 2537 cim.
1630 2503 1697 2530 1792
1722 2502 1830 2530 fimbria
1854 2503 1940 2537 pepli.

285 2555 336 2581 365
356 2554 446 2581 Sedal.
461 2555 517 2589 III,
530 2556 582 2582 200
596 2555 711 2582 incurva
730 2554 841 2582 caducis
857 2555 861 2587 Ι
878 2553 1003 2580 vultibus
1021 2554 1050 2581 et
1063 2553 1150 2580 solam
1163 2553 1327 2588 despectans
1340 2562 1442 2581 cernua.
1455 2555 1566 2581 termm.
1654 2555 1705 2581 366
1719 2556 1827 2582 Arator.
1838 2554 1877 2588 ΙῙ,
1891 2555 1941 2581 173

286 2606 398 2632 Annoso
412 2606 554 2641 languore.
637 2607 689 2634 370
697 2614 733 2640 sq.
745 2605 835 2633 Sedul.
845 2606 902 2639 III,
910 2606 962 2633 204
970 2605 1067 2634 Cernit
1076 2607 1105 2633 et
1115 2606 1257 2633 ardentem
1269 2606 1335 2633 solis
1345 2606 1532 2634 reminiscitur
1542 2606 1644 2634 orbem.
1725 2607 1775 2633 371
1788 2606 1834 2639 dr.
1845 2607 1868 2639 Ι,
1879 2606 1940 2634 419.

285 2657 335 2683 373
352 2657 399 2690 cfr.
413 2658 493 2684 Aldh.
507 2659 524 2684 l.
539 2667 560 2685 υ.
576 2659 634 2685 712.
711 2659 763 2685 378
775 2658 825 2691 cfr.
833 2658 874 2691 H,
884 2658 943 2685 246.
1021 2658 1074 2686 379
1083 2667 1119 2692 sq.
1129 2658 1208 2685 Fast.
1216 2659 1239 2692 I,
1249 2659 1300 2686 489
1313 2658 1363 2692 qui
1375 2658 1516 2692 quondam
1529 2658 1624 2692 pulsus
1635 2658 1672 2685 ab
1684 2658 1748 2685 oris.
1821 2658 1875 2685 380
1886 2666 1940 2692 sqq.

285 2708 332 2740 cfr.
348 2717 376 2742 p.
394 2709 421 2740 2;
447 2709 535 2736 Sedul.
552 2710 576 2743 I,
594 2710 646 2736 300
668 2712 692 2736 et
710 2709 785 2736 Fort.
804 2710 959 2744 (personat.)
981 2710 1021 2744 II,
1042 2711 1083 2742 15,
1102 2711 1134 2738 12
1156 2710 1254 2738 Arrius
1275 2710 1383 2741 infelix,
1405 2711 1455 2742 cfr.
1469 2710 1548 2737 Aldh.
1567 2710 1640 2736 laud.
1657 2710 1721 2744 virg.
1735 2710 1783 2737 971
1803 2719 1853 2744 sq.;
1872 2712 1940 2738 Aen.

288 2759 358 2792 XII,
371 2760 420 2787 708
439 2760 565 2794 partibus
584 2761 666 2788 orbis.
753 2761 805 2788 385
818 2762 895 2788 Arat.
911 2762 933 2794 I,
946 2762 995 2789 157
1012 2762 1094 2789 Hunc
1112 2771 1257 2789 numerum
1276 2762 1343 2790 deus
1358 2771 1429 2788 unus
1441 2762 1535 2793 habet,
1553 2761 1713 2790 substantia.
1723 2762 1843 2797 simplex
1857 2763 1863 2796 1
1878 2770 1940 2797 per-

287 2810 361 2839 sonis
380 2811 513 2838 distincta
532 2812 629 2846 tribus,
648 2813 696 2846 cfr.
714 2812 775 2840 ibid.
796 2813 818 2846 Ι,
838 2813 888 2839 917
907 2821 959 2846 sqq.
975 2813 1016 2846 H,
1035 2814 1085 2840 901
1099 2822 1135 2847 sq.
1155 2816 1179 2840 ct
1193 2813 1273 2840 Azdh.
1293 2813 1368 2840 laud.
1387 2813 1451 2847 virg).
1469 2814 1511 2840 38.
