2040 2996
732 114 782 141 AD
799 114 978 141 KAROLUM
997 113 1156 140 CALVUM.
1713 120 1767 150 181

490 201 690 244 Magnanimi
712 200 826 232 Karoli
850 200 1020 232 florentem
1044 201 1170 232 noscite
1194 201 1327 242 virgam,

409 262 434 281 ³⁰
537 254 738 287 Aethereum
760 263 877 284 munus
900 252 1192 295 Christicolumque
1215 253 1329 285 decus:

490 307 554 338 Hic
577 306 636 346 vir,
659 305 712 336 hic
735 305 947 346 armipotens,
970 304 1025 346 qui
1050 304 1172 336 clarum
1196 305 1280 336 tollit
1303 305 1336 336 in
1359 309 1446 337 astra

534 357 664 389 Nomen
687 367 760 388 cum
783 356 908 388 meritis
930 356 1018 388 celsa
1042 356 1216 398 columpna
1236 357 1307 399 piis,

490 409 601 449 Cuius,
623 407 860 449 Francigenae,
883 407 1065 439 clarissima
1087 407 1202 439 discite
1228 408 1314 440 facta

537 460 669 492 Gemite
692 459 856 501 magnifici
880 459 968 491 clara
990 462 1126 502 tropaea
1149 459 1250 492 ducis.
1275 479 1315 484 —

411 521 436 540 ³⁵
490 514 610 555 Sicque
633 512 690 544 tibi
714 511 844 543 domino
867 510 1048 553 triplicetur
1069 511 1175 553 gratia
1198 511 1329 551 Christi,

537 565 612 597 Rex
634 564 698 607 pie,
722 574 782 595 rex
805 563 947 605 sapiens,
971 563 1081 594 inclite
1105 563 1312 605 bellipotens,

490 617 691 649 Francorum
714 615 826 658 populi
850 625 926 657 spes
949 614 1046 654 alma,
1070 615 1190 656 sagitta
1212 615 1336 654 salutis,

537 668 705 700 Ecclesiae
729 667 890 703 columen,
913 665 1052 707 belliger
1075 670 1109 698 et
1133 667 1268 709 clipeus.

492 720 624 752 Scottus
647 730 758 752 amore
782 721 877 750 sonat
901 722 1045 750 vestrum
1069 718 1232 749 laudabile
1256 729 1376 750 nomen

409 780 435 798 ⁴⁰
539 771 824 812 Nortmannusque
847 772 993 802 tremens
1017 769 1189 812 splendida
1212 774 1320 802 castra
1342 771 1444 802 timet.

490 824 576 856 Lilia
598 823 688 866 pacis
711 833 802 854 amas
825 821 984 854 bellorum
1007 822 1112 853 mixta
1133 822 1265 853 rosetis:

538 875 626 907 Hinc
650 875 718 907 dux
738 874 896 919 clarescis
917 873 1075 905 candidus
1098 876 1132 905 et
1154 883 1276 905 roseus.

491 927 643 960 Caesaris
665 937 702 959 es
725 925 835 968 magni
857 924 1025 957 Ludewici
1050 928 1187 956 stemma
1210 924 1348 964 decoris,

539 979 634 1011 Isaac
656 978 766 1021 proles
789 988 851 1010 ceu
874 976 1048 1009 benedicta
1070 977 1186 1008 micas:

412 1039 437 1058 ⁴³»
489 1030 667 1063 Habrahae
690 1029 804 1062 similis
828 1029 969 1061 Karolus
993 1029 1188 1071 perfulserat
1211 1028 1337 1070 ingens,

537 1082 642 1114 Natus
665 1086 701 1114 ut
723 1082 818 1114 Isaac
841 1082 887 1113 sic
910 1080 1105 1113 Ludewicus
1128 1083 1208 1120 erat,

490 1134 621 1167 Tertius
644 1144 680 1166 es
702 1133 804 1166 veluti
826 1132 934 1172 Iacob,
958 1132 1151 1165 benedictus
1174 1135 1207 1163 et
1230 1132 1325 1164 heres

538 1186 631 1218 Isaac
654 1186 756 1228 patris
779 1184 942 1224 Caesaris,
967 1185 1063 1224 alme,
1086 1184 1189 1216 ducis.
1214 1203 1252 1207 ——

492 1238 594 1270 Cuius
617 1237 827 1270 honorificum
851 1240 987 1280 septeno
1010 1239 1191 1278 grammate
1214 1246 1330 1268 nomen

410 1299 435 1317 ⁵0
538 1290 704 1322 Promittit
727 1288 869 1322 Solimae
894 1288 1033 1320 sabbata
1055 1288 1244 1330 stelligerae

491 1342 560 1374 Nec
583 1352 649 1374 non
673 1345 707 1374 et
729 1351 882 1374 numerus
906 1340 1035 1383 septeni
1059 1340 1249 1382 grammatis
1273 1340 1379 1382 ipsum

538 1393 706 1425 Laudibus
730 1392 873 1435 egregiis
897 1392 960 1425 fert
983 1402 1082 1434 super
1105 1395 1192 1424 astra
1215 1391 1341 1423 ducem.

826 1447 1074 1489 (KAROLVS.)

493 1496 544 1529 En
567 1496 745 1538 octingenti
767 1499 818 1528 ter
841 1495 1034 1538 septenique
1058 1494 1221 1537 refulgent

539 1547 577 1580 In
601 1548 661 1580 hoc
683 1547 823 1580 rectoris
846 1546 975 1578 nomine
998 1546 1197 1578 celsithroni.

413 1608 437 1627 ³⁵
491 1600 631 1633 Centum
654 1609 795 1642 namque
818 1598 928 1631 ferunt
951 1599 1050 1630 vitam
1075 1598 1204 1639 signare
1228 1608 1405 1640 perennem

539 1651 686 1694 Octoque
709 1650 878 1683 declarant
901 1650 1012 1682 saecla
1034 1650 1132 1682 beata
1155 1650 1231 1693 poli,

491 1704 592 1736 Porro
617 1707 667 1736 ter
690 1706 817 1746 septem
841 1703 1002 1746 triplicem
1025 1706 1206 1734 monstrare
1230 1702 1373 1745 quietem

539 1755 620 1792 Quis
635 1755 786 1800 prudeus
810 1755 947 1794 dubitet,
969 1755 1024 1797 qui
1046 1754 1131 1786 bene
1155 1754 1268 1786 doctus
1293 1754 1375 1786 erit?

492 1807 546 1840 Sic
569 1807 670 1840 vestri
693 1808 816 1841 clarum
840 1806 967 1839 redolet
990 1806 1147 1849 mysteria
1170 1817 1297 1846 nomen,

409 1867 435 1885 ω
540 1859 636 1896 Quod
659 1859 747 1892 valet
770 1859 803 1891 in
826 1859 931 1898 terris,
955 1859 1107 1890 scribitur
1129 1861 1226 1900 atque
1249 1857 1345 1901 polis.

491 1911 647 1954 Quisquis
670 1910 833 1943 Homerus
857 1914 946 1943 amat
968 1910 1029 1942 hoc
1052 1921 1171 1942 nomen
1194 1909 1303 1942 dicere
1327 1919 1423 1941 versu

538 1962 708 1995 Laudibus
731 1962 872 2005 egregiis
895 1973 985 1994 arma
1007 1962 1178 2004 virumque
1201 1971 1332 1993 sonans:

492 2015 554 2047 Ille
578 2016 619 2048 sit
641 2016 673 2047 in
697 2015 818 2059 populo
841 2015 957 2047 doctus
980 2014 1071 2047 Maro
1096 2014 1250 2046 Caesaris
1273 2015 1368 2053 alter,

539 2067 665 2110 Diligat
687 2068 772 2100 hunc
795 2067 937 2100 Karolus
960 2067 1211 2110 magnificetque
1234 2067 1327 2098 deus.

920 2201 983 2224 xm.

828 2256 1075 2290 CINGULUM.

495 2318 572 2350 Sum
597 2318 732 2360 cingens
756 2322 865 2350 castos
889 2317 1010 2360 cyclico
1033 2316 1251 2348 moderamine
1274 2315 1415 2348 lumbos:

539 2370 663 2412 Accepi
687 2369 832 2411 regimen
856 2369 917 2400 hoc
942 2369 1105 2401 tribuente
1129 2368 1205 2405 deo;

231 2497 264 2524 47
283 2499 378 2525 terci-
390 2507 488 2532 semper
503 2499 525 2524 C
599 2502 659 2531 pou
675 2498 710 2524 48
728 2499 774 2524 DE
793 2500 926 2524 NOMINE
945 2499 1072 2524 KAROLI
1093 2498 1114 2523 C
1185 2502 1245 2530 pose
1269 2496 1304 2522 52
1325 2498 1401 2522 unius
1423 2506 1511 2523 veram
1532 2498 1691 2523 interstitium
1709 2496 1772 2530 *pro

126 2543 227 2568 ποηιὶπε
244 2543 335 2568 omino
353 2542 469 2567 relictum
538 2542 572 2567 58
591 2543 655 2568 bene
673 2551 704 2567 αι·
716 2542 742 2567 1ιί
757 2542 779 2567 0
854 2542 887 2567 64
906 2543 1009 2575 Deligat
1024 2542 1046 2567 C
1065 2550 1131 2566 corr.
1141 2541 1253 2566 Pimme
1357 2539 1431 2574 [xlm]
1450 2541 1490 2566 ed.
1501 2541 1649 2566 Dnemmler
1658 2550 1683 2574 p.
1696 2540 1725 2566 ll
1737 2549 1772 2573 eq.

127 2586 308 2611 GmGVLVM
327 2585 394 2610 {ruer
412 2585 475 2610 XII
488 2584 523 2611 (33
540 2590 564 2611 et
581 2584 615 2611 64
629 2586 652 2611 0
735 2585 752 2610 2
770 2586 875 2618 Accepit
891 2586 913 2610 C'
927 2594 994 2610 corr.
1014 2585 1162 2610 Dnemmler

232 2661 267 2687 49
283 2668 336 2694 ειη.
355 2661 402 2694 err.
417 2660 481 2694 ΠΙ,
501 2662 551 2687 145
567 2669 638 2695 qq.,·
654 2661 748 2687 mtioet
765 2661 788 2686 κ’
801 2662 857 2695 (20)
870 2662 901 2693 -ι-
916 2661 940 2686 a·
953 2662 991 2694 (1)
1003 2661 1035 2693 -μ
1048 2660 1071 2695 ρ·
1082 2661 1154 2693 (ιοο)
1167 2659 1199 2692 ÷
1213 2659 1234 2684 α’
1246 2660 1302 2693 (το)
1315 2659 1347 2692 ψ
1360 2659 1381 2685 λ’
1393 2660 1452 2694 (30)
1463 2660 1495 2692 ψ
1507 2660 1530 2685 v'
1542 2660 1616 2694 (400)
1628 2659 1661 2692 ψ
1674 2667 1687 2685 c
1698 2660 1775 2693 (200)

129 2722 162 2734 =
181 2715 238 2745 821,
256 2714 288 2738 ut
306 2711 371 2738 vidit
383 2711 505 2739 Pt'renne.
592 2714 627 2739 (32
644 2713 712 2739 Am.
726 2713 748 2744 1.
764 2714 786 2740 1.
908 2713 982 2747 [xus]
1000 2714 1016 2739 5
1036 2712 1081 2738 Ge.
1095 2711 1145 2744 IV,
1162 2712 1213 2738 455
1232 2711 1261 2737 ni
1275 2711 1334 2737 sata
1346 2711 1485 2738 resistant.
1573 2712 1606 2737 15
1625 2711 1690 2737 Gen.
1703 2712 1727 2743 3,
1740 2711 1772 2738 21

127 2763 205 2790 Fecit
221 2771 333 2798 quoque
350 2763 480 2790 dominns
498 2763 566 2790 deus
584 2763 662 2791 Adae
681 2766 710 2791 et
727 2764 807 2791 uxori
826 2764 885 2791 eius
903 2764 1013 2790 tunicas
1032 2763 1166 2798 pellicias.
