2040 2996
234 103 291 132 114
803 97 967 124 AUDRADI
985 96 1112 123 MODICI
1131 94 1307 122 CARMINA.

592 183 774 226 Angelicae
799 183 940 225 capiunt,
965 182 1131 213 hominum
1155 184 1344 223 mentesque
1367 181 1499 216 beatae;

593 236 655 272 Qui
679 235 784 267 cordis
807 235 878 276 puri
901 233 1023 276 gaudet
1046 233 1192 264 habitare
1217 235 1360 270 secreta;

593 288 698 324 Quem
722 286 790 318 veri
812 289 906 318 vates
930 286 1117 317 cecinerunt
1140 287 1173 316 et
1196 284 1400 327 patriarchae

496 346 534 365 205
593 338 636 370 Et
659 338 767 370 David
790 337 963 380 psalmista
985 337 1076 379 polos
1100 336 1219 368 fecisse
1242 336 1295 368 vel
1317 336 1440 375 orbem,

594 389 733 428 Noxius,
757 389 854 431 atque
877 399 1002 428 omnes,
1026 398 1108 430 quos
1131 388 1284 429 gentibus
1308 387 1418 419 intulit
1441 398 1541 427 error,

591 441 675 473 Esse
698 441 779 472 deos
803 451 868 472 non
891 451 964 472 esse
988 440 1085 471 docet
1108 450 1169 471 nee
1192 439 1313 479 vivere,
1337 450 1410 471 cum
1433 440 1497 471 sint

591 490 718 524 Ventre
735 492 868 524 metalla
885 502 965 523 cava
978 502 997 523 a
1009 491 1111 523 fabris
1123 491 1305 523 membrata
1317 502 1376 534 per
1388 491 1507 533 ignem,
1525 511 1566 515 —
1580 509 1622 514 ——

592 544 638 576 Ut
661 555 726 575 non
749 544 783 575 hi
807 543 920 586 populi
943 546 1081 585 pereant
1104 553 1212 575 errore
1237 543 1297 575 sub
1320 543 1382 574 isto

495 603 533 622 210
592 596 635 627 Et
658 606 723 627 non
747 595 896 627 exultent
918 595 951 626 in
975 595 1104 637 sculpto
1128 604 1207 626 auro
1231 598 1264 626 et
1287 597 1433 636 argento,

592 648 643 679 Tu
666 658 726 679 nos
750 657 846 686 nunc,
870 649 974 689 pater,
1000 646 1129 686 exaudi,
1154 647 1209 689 qui
1231 650 1350 679 cuncta
1372 647 1488 678 creasti

591 700 655 731 Per
680 699 814 731 verbum
837 702 964 730 tantum
987 699 1112 741 pariter
1134 709 1207 730 cum
1231 699 1361 730 flamine
1385 702 1509 738 sancto,

592 751 636 783 Et
658 751 770 783 fanum
793 751 854 783 hoc
879 750 950 793 ipso
974 750 1074 782 verbo
1099 751 1253 783 subverte
1275 751 1328 782 vel
1351 761 1424 782 aras

595 803 671 841 Seu,
696 813 923 845 quaecumque
947 803 1032 834 intra
1054 803 1182 834 miseris
1206 802 1354 845 preciosa
1375 802 1527 834 videntur

496 862 535 881 215
595 855 634 886 In
657 855 794 886 nihilum
818 853 981 895 redigens,
1005 853 1102 885 finem
1126 853 1168 885 da
1191 854 1333 885 cultibus
1357 854 1428 885 istis

593 907 838 948 Laetenturque
861 905 1000 936 humiles
1024 905 1325 947 confundanturque
1349 905 1490 947 superbi,

593 959 639 991 Ut
662 961 719 990 tua
741 968 800 1000 per
823 960 958 988 cunctas
982 960 1132 989 narretur
1153 957 1258 999 gloria
1281 960 1396 999 gentes

594 1010 638 1042 Et
659 1013 692 1042 te
716 1009 887 1041 eredentes
911 1008 1046 1041 laudent
1069 1019 1129 1051 per
1151 1009 1283 1041 saecula
1306 1008 1456 1052 semper'.

595 1063 741 1104 Cumque
764 1061 825 1094 viri
848 1061 935 1093 docti
959 1061 1121 1094 dixissent
1144 1060 1222 1093 ‘fiat’
1248 1064 1280 1093 et
1304 1061 1431 1101 ‘amen’,

498 1122 536 1141 220
594 1114 674 1146 Mox
697 1116 898 1146 evanescunt
921 1113 1044 1151 fanum,
1069 1113 1245 1144 simulacra
1267 1112 1320 1144 vel
1343 1123 1419 1144 arae

593 1165 655 1204 Ac,
678 1165 768 1197 vario
793 1165 883 1196 cultu
907 1164 1060 1206 quicquid
1083 1167 1295 1206 congesserat
1318 1174 1418 1203 error,

594 1218 721 1249 Aurum
744 1227 804 1248 seu
827 1226 976 1258 gemmae
1001 1216 1054 1248 vel
1077 1216 1128 1248 bis
1153 1227 1214 1248 sex
1236 1216 1327 1247 milia
1351 1216 1461 1248 divum

597 1269 741 1301 Confusa
763 1270 800 1300 ut
822 1268 930 1300 fumus
954 1271 1094 1311 pereunt
1116 1268 1177 1300 sub
1201 1268 1330 1300 luminis
1352 1268 1434 1305 ictu;

596 1321 744 1363 Cumque
767 1330 826 1352 suo
850 1320 972 1362 templo
997 1319 1160 1352 submersi
1182 1320 1271 1352 mille
1297 1322 1452 1352 canentes

498 1381 536 1400 225
593 1373 694 1405 Nulla
717 1372 906 1404 sacerdotes
931 1371 1056 1414 superis
1080 1372 1221 1414 vestigia
1244 1371 1372 1414 linqunt

594 1425 639 1456 Et
661 1434 865 1467 paganorum
888 1424 1057 1466 perierunt
1079 1424 1169 1456 mille
1192 1424 1352 1466 priorum3

596 1477 667 1509 Nec
690 1479 794 1520 paret,
818 1476 943 1518 templi,
967 1478 1053 1518 post,
1077 1476 1148 1518 quis
1173 1476 1264 1507 locus
1287 1478 1364 1507 ante
1387 1475 1514 1514 fuisset,

596 1528 683 1560 Dum
709 1531 840 1559 ructans
865 1527 959 1568 ignes
983 1527 1141 1558 hodierno
1166 1530 1312 1570 tempore
1335 1526 1439 1558 duret.

639 1581 731 1613 Tunc
755 1580 801 1612 ait
825 1579 950 1611 athleta
973 1579 1138 1611 Iulianus:
1164 1578 1251 1610 ‘Dicz
1275 1578 1341 1619 ubi,
1364 1578 1506 1621 praesul,

503 1640 540 1659 2³⁰
600 1632 684 1665 Sunt
707 1632 751 1663 dii
774 1632 842 1663 sive
866 1631 959 1670 deae,
984 1630 1151 1672 templum,
1175 1630 1351 1662 simulacra
1373 1630 1426 1661 vel
1449 1640 1538 1668 arae,

597 1684 722 1715 Aurum
746 1686 843 1725 atque
867 1683 1037 1722 electrum,
1061 1692 1210 1724 gemmae
1235 1684 1268 1714 et
1290 1681 1434 1724 pretiosa
1457 1681 1589 1713 metalla

596 1736 639 1768 Et
662 1735 778 1777 templi
803 1735 932 1777 species
959 1735 1060 1766 multo
1084 1736 1244 1766 exornata
1265 1733 1396 1766 labore?

597 1787 664 1819 Nos
689 1797 800 1818 orasse
823 1786 921 1818 deum
944 1789 1090 1818 nostrum
1113 1794 1274 1828 cognosce
1298 1787 1476 1823 tonantem,

337 1859 404 1884 Aeta
422 1859 453 1884 B.
474 1859 526 1884 Iul.

231 1912 378 1943 delectaris;
405 1920 482 1944 quem
510 1919 562 1935 non
589 1910 657 1942 capit
683 1909 795 1934 mundus
821 1913 847 1934 et
874 1910 1014 1942 requiescis
1041 1910 1068 1934 in
1096 1909 1171 1934 corde
1198 1908 1308 1939 mundo;
1341 1908 1386 1940 qui
1412 1915 1457 1940 per
1483 1911 1600 1932 sanctum
1627 1908 1777 1940 prophetam
1801 1907 1889 1932 dixisti

231 1956 338 1988 (psalm.
363 1954 405 1984 95,
424 1954 467 1985 5):
494 1953 607 1979 “Omnes
631 1954 665 1978 dii
689 1953 806 1987 gentium
830 1953 963 1979 demoniis*
992 1953 1031 1984 (tu
1055 1956 1143 1978 autem
1167 1953 1238 1978 solus
1262 1952 1326 1977 deus
1349 1951 1491 1983 Abraham,
1521 1952 1594 1976 Isaac
1616 1955 1642 1976 et
1663 1950 1763 1982 Iacob)3
1792 1951 1837 1983 qui
1860 1951 1888 1976 in

231 1999 357 2032 sapientia
379 1998 461 2023 fecisti
479 1997 577 2028 caelos,
600 1997 716 2022 fundasti
733 1999 838 2028 terram,
861 1997 1023 2030 congregasti
1041 1996 1121 2022 maria
1139 1996 1278 2021 terminum
1296 1995 1333 2020 eis
1351 2003 1462 2028 ponens,
1484 2003 1561 2027 quem
1581 2003 1634 2019 non
1654 1994 1887 2026 transgredientur;

232 2050 308 2074 quem
332 2042 426 2066 fluetus
452 2041 507 2065 eius
530 2043 555 2065 et
577 2048 694 2064 murmur
715 2039 844 2064 undarum
867 2047 916 2064 sua
941 2047 1004 2064 voce
1026 2039 1195 2070 eonlaudant;
1222 2046 1298 2070 quem
1322 2038 1481 2063 diversarum
1506 2038 1650 2062 volatilium
1671 2037 1790 2070 garrulae
1812 2045 1889 2062 voees

231 2085 407 2110 collaudantes
419 2083 533 2108 suaviter
545 2086 691 2116 agnoscunt
703 2091 780 2107 suum
792 2086 945 2113 creatorem3
964 2082 1008 2115 qui
1021 2086 1066 2107 tuo
1078 2081 1184 2107 arbitrio
1198 2081 1289 2106 creasti
1303 2081 1424 2106 universa
1434 2093 1466 2098 -
1479 2081 1566 2113 aspice
1575 2089 1645 2105 nunc
1657 2081 1683 2105 in
1694 2079 1889 2105 subversionem

232 2128 319 2160 templi
337 2128 415 2152 huius
434 2130 459 2151 et
477 2127 524 2151 has
542 2129 628 2151 tantas
646 2126 784 2151 demonum
803 2126 891 2151 thecas
910 2129 935 2150 et
953 2129 1083 2150 tantorum
1102 2125 1231 2150 cultorum
1250 2125 1339 2156 frange
1357 2123 1500 2155 audaciam,
1518 2127 1548 2148 ut
1564 2124 1597 2149 ad
1616 2124 1727 2148 nihilum
1739 2123 1890 2156 redigantur

232 2172 295 2196 haec
312 2171 409 2202 omnia,
434 2170 460 2195 in
479 2170 574 2202 quibus
591 2169 748 2202 gloriantur:
773 2173 802 2194 ut
826 2174 850 2194 te
874 2169 957 2194 solum
976 2172 1117 2202 agnoscant
1135 2172 1160 2193 et
1177 2168 1321 2201 glorientur
1342 2167 1369 2192 in
1388 2171 1424 2199 te,
1450 2167 1495 2199 qui
1513 2171 1641 2192 noverunt
1659 2175 1752 2192 nomen
1769 2171 1845 2192 tuum
1861 2169 1889 2191 et

233 2214 338 2239 credant
355 2214 382 2238 in
400 2217 426 2238 te
445 2217 471 2238 et
488 2213 515 2238 in
529 2214 614 2238 Iesum
627 2212 758 2237 Christum
776 2212 859 2237 filium
877 2217 959 2244 tuum,
979 2220 1055 2244 quem
1073 2212 1253 2245 cognoscimus
1271 2210 1319 2236 tibi
1336 2214 1502 2235 coaeternum
1519 2213 1545 2235 et
1563 2210 1727 2242 coaequalem
1745 2210 1772 2234 in
1790 2209 1890 2237 unitate

232 2257 337 2289 spiritus
363 2256 445 2281 sancti
472 2257 498 2280 in
525 2256 614 2281 secula
638 2255 800 2281 seculorum'.
842 2257 875 2281 Et
898 2264 958 2280 cum
982 2264 1070 2281 omues
1093 2255 1219 2280 dixissent
1241 2254 1379 2279 Christiani
1402 2249 1500 2283 ‘amen'{
1526 2253 1611 2278 omnia
1634 2253 1765 2286 sculptilia.
1786 2253 1833 2278 illa
1855 2253 1888 2277 ad

233 2300 343 2324 nihilum
360 2299 462 2324 redacta
480 2302 554 2331 sunt,
579 2299 705 2332 templum
723 2307 784 2324 vero
803 2299 838 2324 ita
856 2299 1010 2324 subversum
1028 2303 1078 2328 est.
1102 2302 1144 2328 ut,
1168 2298 1237 2331 quod
1255 2298 1350 2328 fuerat,
1369 2305 1421 2322 non
1443 2300 1584 2329 appareret.
1625 2297 1690 2321 Nam
1708 2300 1734 2321 et
1750 2296 1889 2321 multitudo

233 2344 340 2368 confusa
358 2343 518 2368 sacerdotum
537 2343 637 2368 circiter
654 2343 725 2367 mille
744 2350 803 2368 cum
820 2342 916 2375 templo
935 2342 1036 2367 dimersi
1055 2346 1116 2367 sunt
1133 2346 1159 2367 et
1176 2342 1227 2367 alia
1246 2341 1328 2366 multa
1344 2348 1403 2373 pars
1417 2348 1577 2373 paganorum
1589 2340 1666 2365 simul
1678 2339 1781 2365 interiit.
1818 2339 1890 2372 Ignis

234 2395 294 2411 vero
313 2389 450 2411 eructuans
467 2389 506 2410 est
523 2386 550 2410 in
568 2385 656 2410 eodem
675 2385 731 2410 loco
750 2393 832 2417 usque
850 2385 877 2409 in
897 2385 1048 2410 hodiernum
1067 2385 1143 2410 diem.
1187 2391 1190 2394 ”

336 2430 411 2453 Tunc
435 2429 464 2453 B.
483 2429 503 2453 1.
527 2428 592 2453 dixit
616 2429 648 2453 ad
671 2429 828 2461 praesidem:
856 2428 919 2454 ‘Ubi
941 2432 1002 2453 sunt
1022 2436 1101 2453 manu
1124 2429 1205 2453 factae
1227 2427 1353 2460 imagines
1374 2426 1525 2458 demonum,
1551 2426 1579 2450 in
1602 2425 1698 2458 quibus
1718 2425 1889 2458 gloriabaris?

234 2472 278 2497 ubi
303 2472 443 2497 electrum?
469 2471 515 2496 ubi
538 2473 649 2496 aurum?
679 2472 726 2496 ubi
747 2471 836 2504 templi
862 2471 1043 2503 pulchritudo?
1070 2471 1115 2496 ubi
1139 2471 1248 2503 parietes
1270 2473 1296 2495 et
1324 2469 1498 2502 pavimentum
1525 2469 1694 2501 argenteum?
1717 2468 1763 2493 ubi
1786 2468 1890 2494 metalla

340 2607 390 2633 214
409 2608 524 2644 preciosa
537 2607 562 2632 P
663 2608 715 2634 220
733 2610 819 2634 velare
832 2610 857 2634 P

339 2694 390 2719 ⁶219
416 2693 491 2719 docti
516 2693 574 2726 (cfr.
588 2701 660 2726 pass.
681 2693 722 2726 II,
736 2694 797 2727 133)
814 2693 992 2720 catechumeni
1009 2696 1086 2727 sunt,
1112 2693 1168 2720 vide
1183 2701 1254 2726 pass.
1272 2692 1328 2725 HL
1341 2693 1373 2719 18
1384 2700 1436 2725 sqq.
1558 2693 1610 2719 232
1629 2691 1676 2719 Ge.
1687 2693 1711 2726 I,
1730 2692 1780 2719 197
1798 2692 1889 2719 multo

235 2746 363 2778 spectata
381 2744 482 2771 labore.

1863 2820 1886 2849 *ἶ
