2092 3094
752 154 902 182 MICONIS
922 154 1014 182 OPUS
1033 154 1301 182 PROSODIACUM.
1793 157 1854 188 293

105 241 353 274 SPEROHIVS
474 253 536 284 que
562 245 594 274 et
618 241 796 283 virginibus
819 241 976 273 bacchata
1001 242 1154 272 lacaenis.
1443 236 1582 274 VIRGE

106 293 321 326 SCABERE·
475 293 581 335 Saepe
607 297 703 335 caput
725 292 875 324 scaberet
898 293 989 323 vivos
1013 297 1045 323 et
1067 293 1196 324 roderet
1220 303 1357 335 ungues.
1444 293 1638 325 ORATIVS

105 344 311 377 SENTINA·
474 344 566 376 Tunc
589 344 715 376 sentina
739 344 848 385 gravis
872 348 948 375 tunc
973 354 1118 375 summus
1142 345 1278 376 vertitur
1301 355 1366 377 aer.
1443 338 1615 376 IVVENL

31 402 68 423 8⁷5
104 395 322 422 SOSTRATVS·
474 395 632 422 Prandente
652 396 681 421 et
700 394 818 421 madidis
837 396 935 421 cantat
953 403 1026 428 quae
1043 397 1178 422 sostratus
1197 395 1258 422 alis.
1444 396 1583 422 IVVENL

105 437 347 470 SOCRATES·
473 438 517 470 Et
540 439 638 470 vitam
661 439 823 480 insignem
847 438 1018 472 laudamus
1042 439 1180 470 socratis
1205 443 1286 470 arte.
1444 439 1639 471 RVFINVS
1656 433 1695 472 V.
1715 433 1749 472 (ἶ.

473 489 506 521 Si
529 501 662 522 romana
685 490 769 521 foret
792 490 874 521 haec
899 490 1036 521 socratis
1061 500 1119 521 ora
1143 490 1268 522 fuisset.
1444 484 1647 522 MAROIAE

105 540 322 578 SPADICES
473 542 647 584 glaucique
671 542 760 573 color
783 541 978 573 deterrimus
1002 541 1096 572 albis.
1443 536 1583 574 VIRGL

107 591 387 625 SVFFRAGOR·
475 593 618 625 Contulit
642 597 740 635 atque
767 594 854 625 senis
879 594 1034 635 suffragia
1059 597 1172 625 sancta
1196 594 1320 625 salutis.
1444 593 1670 626 ALOVINVS

33 653 72 674 πο
209 658 213 662 ’
415 676 432 679 ⁷.
475 645 647 687 Suffragiis
673 645 784 677 christi
809 649 842 677 et
866 669 874 677 .
897 645 1065 687 plausibus
1090 645 1256 687 angelicis.
1444 644 1648 677 PROSPER

103 695 316 730 SOA'TERE·
472 697 678 739 Largifluum
694 698 816 728 fontem
841 701 968 728 scatere
985 700 1082 739 atque
1099 707 1268 738 erumpere
1286 697 1406 729 lumen.
1444 695 1697 729 LVCRETIVS

106 757 344 803 TRADVCE-
473 770 636 802 vitandus
660 774 768 802 tamen
793 781 885 802 error
908 771 970 802 erit
993 781 1033 802 ne
1058 770 1191 802 traduce
1216 771 1332 803 carnis.
1443 761 1470 799 P
1753 770 1808 802 Sic
1831 774 1863 802 et
1886 770 2015 803 reduce.

106 821 434 854 TRANSFRETAT
474 826 647 864 exceptum
671 833 846 854 numerosa
870 822 1011 864 pupibus
1034 833 1163 864 agmen.
1751 822 1917 864 transfigo.

105 873 298 905 TENEDO·
475 875 504 904 A
528 873 646 905 tenedo
671 874 791 905 tacitae
814 884 873 915 per
898 873 1003 904 amica
1026 874 1155 904 silentia
1178 874 1285 906 lunae.
1444 869 1584 907 VIRGE
1755 873 1880 905 tumere

33 931 70 952 385
106 924 273 951 THIARAS‘
475 925 677 958 Sceptrumque
696 933 830 958 sacerque
849 924 964 950 thiaras.
1446 924 1535 951 VIRG
1754 923 1944 956 Trfinsvado
1968 925 2028 956 flu-

107 967 363 1000 TEREDONA·
475 967 633 1000 Extrema
658 969 745 999 fluvii
761 968 829 999 sub
853 971 944 1010 parte
968 968 1124 999 teredona.
1149 968 1274 999 radens.
1445 964 1659 1001 PRISOIAN
1685 971 1732 1002 IN
1964 966 2062 1010 [men.

106 1018 353 1052 TRIGONVM·
477 1020 541 1052 Seu
566 1020 689 1051 lentum
715 1030 845 1051 ceroma
869 1020 948 1052 teris
972 1019 1162 1062 tepidumve
1186 1020 1323 1062 trigona.
1446 1014 1616 1052 IVVENL
1641 1016 1740 1064 [PER
1752 1019 1985 1063 Transmigret.

105 1070 391 1103 THEODORVS·
475 1071 651 1103 Lautorum
675 1082 794 1113 pueros
820 1075 923 1103 artem
948 1071 1099 1103 scindens
1123 1071 1281 1103 theodori.
1446 1070 1617 1104 IVVENL
1756 1070 1919 1105 Tabenus.

105 1122 298 1155 TITAle·
475 1123 633 1155 Tenditur
657 1123 737 1155 haec
760 1124 867 1165 potius
892 1123 1005 1154 titanis
1029 1123 1158 1165 pinguis
1181 1123 1223 1154 ad
1246 1126 1345 1154 ortus.
1752 1121 1906 1165 Tentyra.

18 1179 74 1201 '⁸⁹0
107 1173 336 1206 TRICOSVS·
476 1175 544 1207 Res
567 1175 748 1217 pertricosa
771 1179 819 1206 est
843 1200 850 1207 .
874 1175 984 1206 cottile
1008 1174 1111 1205 bonus
1136 1174 1242 1205 homo.
1267 1175 1307 1212 R..
1447 1168 1652 1206 MARCIAE
1757 1174 1884 1207 transit.
1908 1174 2040 1207 textilis.

107 1224 331 1256 TINNITVM
477 1237 631 1269 percussa
655 1227 756 1258 refert
780 1227 950 1268 aciemque
974 1225 1127 1257 retundit.
1446 1218 1473 1256 P
1755 1224 1919 1257 Triremes
1956 1226 2062 1258 Luca-

106 1275 334 1308 THORACA·
476 1278 621 1320 Telaque
646 1283 761 1310 trunca
784 1278 843 1309 viri
868 1282 900 1309 et
923 1277 973 1308 bis
997 1287 1056 1308 sex
1079 1277 1213 1309 thoraca
1236 1277 1382 1319 petitum.
1446 1270 1527 1307 VIR
1543 1321 1563 1324 ῃ
1755 1275 1917 1318 Tristega.
1979 1268 2062 1311 [¹1⁰⁸-

106 1327 326 1360 TVRONVS·
479 1329 629 1361 Terribili
654 1329 762 1360 officio
786 1333 920 1360 turonas
945 1329 1095 1360 suffultus
1119 1328 1230 1360 adivit.
1447 1327 1564 1360 FORT
1756 1325 1919 1359 Tritonos.

106 1372 332 1411 TEMETVM
355 1386 362 1393 ⁴
477 1381 590 1412 Pullos
614 1391 716 1412 ovaca
732 1405 739 1412 .
756 1380 831 1412 dum
857 1384 888 1411 te
906 1405 913 1412 .
930 1381 1007 1411 meti
1026 1406 1032 1412 .
1049 1391 1221 1422 nempemo
1240 1404 1246 1411 .
1264 1380 1304 1412 do
1328 1380 1399 1412 isto.
1447 1373 1537 1411 OR'I‘
1755 1376 1944 1411 Theodotus
1986 1379 2063 1411 Ovi-

34 1437 72 1457 ³⁹⁵
107 1430 424 1462 TRANSILIMVS·
478 1432 528 1464 De
553 1443 607 1464 cor
625 1458 630 1464 .
649 1433 737 1463 cirea
754 1457 760 1463 .
779 1435 812 1463 te
836 1442 887 1463 me
906 1457 912 1463 .
930 1435 998 1463 tum
1022 1431 1222 1474 produxerat
1244 1442 1335 1463 urna.
1446 1424 1556 1462 IVVE
1755 1427 1898 1470 [regetis.
1970 1421 2064 1465 [dius-

106 1481 357 1514 TOROVLAR·
477 1484 668 1516 Calcaturus
693 1487 764 1516 erat
787 1483 875 1515 solus
899 1484 953 1525 qui
976 1484 1120 1515 torcular
1143 1484 1254 1515 altum.
1754 1479 1878 1513 Thesea
1900 1482 2065 1525 Virgilius.

106 1533 378 1565 TIMBRAEvs·
479 1535 513 1567 Si
537 1535 633 1567 modo
651 1546 748 1577 quem
767 1535 919 1577 perhibes
935 1539 1029 1577 pater
1053 1539 1103 1567 est
1119 1535 1277 1567 timbreus
1295 1535 1410 1577 apollo.
1752 1530 1947 1565 Thisiffinen
1959 1537 2064 1565 trans-

106 1584 342 1617 TRANSITO'
478 1589 654 1620 Praeterea
679 1589 789 1620 lumen
812 1598 870 1630 per
894 1598 1027 1619 cornum
1052 1588 1203 1619 transitat
1227 1588 1339 1620 imber.
1407 1628 1409 1630 ‚
1449 1588 1702 1620 LVCRETIVS
1952 1575 2064 1620 [mum-

107 1647 364 1703 VSQVEQVO
477 1662 504 1693 si
530 1661 635 1693 media
660 1661 827 1703 speculum
852 1661 1008 1703 spectetis
1032 1662 1062 1692 in
1087 1661 1154 1692 ira.'
1449 1654 1604 1692 MARCI]

34 1720 73 1740 ⁴⁰⁰
107 1713 328 1745 VEGETvs·
478 1713 540 1750 Qui
559 1713 658 1745 sudor
674 1713 800 1755 vegetis
819 1717 851 1744 et
868 1723 964 1755 quam
983 1713 1087 1744 malus
1107 1712 1251 1754 undique
1270 1713 1432 1744 membris.
1448 1706 1575 1744 ORA'J?

108 1764 302 1797 VEGETO·
478 1765 600 1797 Omnes
625 1768 715 1796 curat
738 1765 796 1796 alit
820 1764 973 1796 iustificat
995 1768 1138 1806 vegetat.
1449 1763 1654 1795 PROSPER

307 1893 359 1920 373
370 1895 438 1920 uiuis
447 1903 515 1920 corr.
529 1894 553 1918 B
623 1893 674 1919 375
686 1892 720 1926 B]
732 1902 779 1919 om.
791 1894 826 1926 ὀμ
895 1893 944 1919 381
959 1898 1066 1919 scattere
1079 1902 1146 1919 corr.
1159 1893 1184 1917 B
1219 1902 1323 1927 erumpe
1332 1894 1358 1918 B
1369 1903 1436 1919 corr.
1446 1894 1461 1918 b
1531 1892 1582 1918 382
1594 1893 1720 1926 Trdduce]
1733 1901 1861 1926 imperscr-

206 1938 343 1971 propagine
362 1937 388 1962 B
438 1942 561 1963 testamen
580 1946 647 1962 corr.
668 1937 692 1961 B
743 1945 790 1963 nec
804 1937 829 1962 B
933 1936 985 1962 383
1003 1936 1028 1961 Β
1049 1935 1114 1969 Vat.]
1134 1945 1182 1961 om.
1195 1937 1209 1961 Ia
1280 1936 1331 1961 385
1350 1935 1386 1969 Β]
1405 1945 1453 1962 om.
1472 1937 1508 1969 Ιιμ
1562 1938 1697 1969 Sceptrum
1714 1936 1741 1961 in
1760 1937 1777 1961 l.
1796 1945 1818 1961 r.
1837 1936 1863 1961 B

204 1979 256 2006 386
275 1979 330 2013 Bp]
351 1989 399 2006 om.
412 1981 426 2006 b
513 1980 565 2005 388
583 1989 618 2004 em
637 1980 764 2005 tabanus?
851 1979 903 2005 390
916 1978 972 2012 Βμ]
986 1988 1034 2004 om.
1048 1979 1062 2003 b
1150 1978 1201 2004 394
1219 1978 1278 2012 (ιι-ἰ]
1298 1980 1318 2004 F
1332 1983 1400 2012 pont.
1414 1980 1525 2012 praefiae.
1545 1979 1570 2003 B
1658 1978 1709 2004 395
1727 1979 1861 2004 Transsili-

206 2032 262 2048 mus
281 2032 347 2049 corr.
367 2023 393 2048 B
434 2024 503 2049 unda
522 2032 588 2049 corr.
608 2023 633 2047 B
729 2022 779 2048 397
798 2022 943 2055 Timbrens]
962 2031 1088 2055 super-cer.
1108 2031 1124 2048 a
1143 2023 1234 2048 timbre
1253 2023 1334 2048 herba
1352 2022 1376 2047 id
1395 2026 1433 2048 est
1452 2023 1563 2047 satureia
1582 2022 1607 2046 B
1700 2020 1752 2046 400
1770 2022 1828 2053 quis
1846 2021 1861 2046 b

307 2117 359 2143 372
382 2116 428 2144 Ge.
448 2116 489 2149 II,
502 2117 562 2143 487.
683 2116 734 2143 373
756 2116 825 2142 Hor.
849 2116 930 2141 Serm.
951 2115 971 2147 l,
989 2115 1083 2147 l(),7l.
1205 2116 1257 2142 374
1281 2115 1340 2142 Iur.
1361 2115 1406 2148 VI,
1421 2115 1462 2141 99.
1591 2115 1642 2141 375
1669 2115 1729 2140 Iuv.
1750 2114 1788 2147 X,
1803 2114 1860 2140 178.

205 2167 256 2194 376
274 2167 404 2194 Isocratis
423 2167 518 2194 Comm.
538 2167 630 2200 Rufin.
647 2167 675 2193 V.
689 2167 718 2194 C.
736 2167 767 2194 in
784 2170 855 2194 metr.
879 2167 977 2193 Terent.
1001 2166 1061 2194 GL.
1079 2166 1116 2193 ed.
1130 2166 1195 2193 Keil
1212 2167 1257 2199 VI,
1271 2167 1330 2199 567,
1343 2167 1367 2193 4.
1460 2166 1510 2192 377
1529 2166 1621 2193 forent
1640 2165 1722 2198 (foret
1735 2165 1860 2197 Putem.)

206 2233 238 2237 —
257 2218 373 2246 fuissent
396 2218 505 2251 (fuisset
525 2218 599 2250 Put.)
619 2218 704 2245 Mart.
726 2218 762 2251 X,
777 2219 818 2251 99,
835 2220 856 2244 1.
970 2218 1022 2244 378
1044 2218 1088 2244 Ge.
1109 2218 1164 2249 ΙΙΙ,
1176 2218 1218 2244 82.
1331 2218 1382 2244 379
1407 2218 1454 2250 cfr.
1476 2217 1604 2252 prrian.
1622 2219 1689 2250 poet.
1708 2216 1747 2243 ed.
1766 2216 1860 2249 Peiper

201 2279 231 2304 p.
248 2271 308 2303 211,
322 2271 362 2297 1⁴5.
484 2271 536 2297 380
558 2270 652 2304 Prosp.
672 2270 768 2297 Poema
786 2269 822 2296 ad
839 2277 948 2296 uxorem
967 2270 1007 2296 74.
1130 2270 1179 2296 381
1199 2269 1282 2296 Lucr.
1300 2269 1330 2302 V,
1343 2269 1401 2296 598.
1506 2269 1557 2294 382
1578 2267 1663 2294 Prud.
1683 2268 1781 2302 Apoth.
1799 2269 1859 2295 915.

205 2321 256 2348 383
267 2321 348 2356 (PER
360 2337 393 2342 -
402 2322 448 2349 sed
459 2330 478 2349 e.
491 2322 603 2348 Puulin.
619 2322 688 2348 Petr.
705 2321 752 2355 VI,
765 2322 816 2348 365
829 2321 980 2349 numerosis
990 2337 1021 2340 -
1033 2329 1178 2348 numerosa
1191 2321 1226 2347 30
1241 2320 1335 2355 VAT.>
1406 2321 1458 2347 384
1469 2321 1536 2346 Aen.
1551 2320 1590 2352 II,
1602 2320 1661 2346 255.
1730 2320 1782 2347 385
1791 2319 1860 2347 Aen.

212 2373 274 2406 VII,
290 2374 348 2400 247.
471 2374 523 2401 386
547 2374 632 2400 Prisc.
659 2373 730 2400 Peri.
755 2374 814 2399 908.
936 2374 986 2399 387
1011 2372 1076 2399 IVV
1096 2372 1150 2406 [secl
1173 2374 1208 2398 est
1234 2372 1318 2398 Mart.
1333 2371 1383 2405 IV,
1404 2372 1444 2404 19,
1463 2372 1480 2398 5
1504 2371 1571 2398 teris
1596 2371 1768 2406 tepidumve]
1793 2371 1860 2398 terit

205 2425 380 2459 trepidumve
398 2426 415 2451 9
433 2424 514 2452 VAT.
612 2426 664 2452 388
681 2425 809 2452 scindens
828 2427 868 2454 (nt
891 2424 977 2455 codd.)
997 2424 1054 2450 Iuv.
1072 2423 1134 2457 VII,
1147 2424 1203 2450 177.
1292 2424 1343 2450 389
1361 2432 1388 2449 n.
1407 2431 1430 2449 ο.
1450 2423 1495 2457 [est
1515 2423 1598 2450 Prisc.
1617 2423 1715 2457 Perieq.
1728 2422 1789 2457 780]
1810 2423 1860 2450 102

211 2476 294 2504 VAT.
314 2477 450 2511 (Tentyra
474 2477 530 2503 lur-
552 2477 582 2503 Χ
588 2477 618 2508 V,
629 2477 683 2511 35.)
807 2477 858 2503 390
877 2476 965 2503 bellus
985 2476 1069 2502 Mart.
1091 2475 1145 2509 III,
1159 2475 1251 2508 63,14.
1368 2475 1418 2501 391
1439 2473 1522 2500 Prud.
1543 2474 1636 2508 Psyeh.
1656 2475 1714 2501 141.
1734 2474 1859 2502 triremes

207 2528 270 2555 Luc.
291 2529 347 2561 111,
361 2530 420 2556 529.
537 2530 588 2555 392
606 2529 675 2555 Aen.
696 2527 748 2561 XI,
760 2530 784 2554 9.
803 2528 933 2562 <tristega
950 2535 982 2554 em
1000 2527 1075 2554 achal.
1095 2527 1131 2554 ad
1150 2527 1208 2553 luc.
1228 2527 1285 2560 ΙΙΙ,
1298 2526 1379 2560 19912)
1497 2526 1548 2553 393
1566 2526 1692 2553 Turonas
1711 2527 1753 2560 (ut
1771 2526 1858 2559 codd.)

207 2580 322 2607 Fortun.
339 2580 368 2606 V.
382 2580 422 2607 M.
437 2579 556 2614 IV,102.
575 2580 705 2608 Tritonos
734 2580 800 2607 Luc.
821 2580 875 2613 IX,
885 2580 944 2606 347.
1049 2579 1100 2605 394
1119 2578 1272 2605 HOR-ATII
1296 2577 1557 2604 EPISTVLARVM
1583 2577 1692 2604 LIBRO
1710 2578 1723 2604 Ι
1749 2577 1800 2611 [sed
1822 2580 1859 2605 est

207 2631 247 2664 II,
261 2633 286 2664 2,
298 2632 346 2658 163
364 2631 474 2665 cadum]
493 2632 598 2659 cadunt
615 2632 665 2658 241
690 2631 771 2657 VAT.
808 2631 967 2658 Theodotus
987 2632 1036 2657 Ov.
1056 2630 1096 2657 Ib.
1115 2630 1174 2656 4⁴54.
1262 2630 1313 2656 395
1331 2629 1449 2656 duxerat
1467 2628 1647 2663 (produxerat
1659 2628 1740 2655 Hos-ii
1751 2628 1808 2655 cod.
1821 2629 1857 2661 A)

208 2682 266 2708 Iuv.
287 2682 351 2716 XV,
364 2683 407 2710 25.
462 2683 587 2718 (regetis
611 2683 668 2710 Iur.
683 2683 712 2715 V,
724 2683 759 2716 8.)
883 2683 934 2709 3915
959 2682 1033 2708 solus
1061 2681 1110 2715 qui
1138 2681 1283 2707 Fortunat.
1302 2679 1338 2714 (?)
1365 2680 1440 2706 Mar.
1464 2680 1521 2706 Leo
1542 2681 1593 2707 375
1611 2688 1632 2706 v.
1653 2680 1711 2706 169.
1751 2680 1858 2707 Thesea

206 2733 273 2761 lm.
290 2733 388 2766 1141.
516 2734 566 2761 397
595 2734 642 2762 Ge.
662 2733 706 2760 IV
705 2754 712 2767 ‚
722 2735 780 2761 323.
902 2734 953 2760 398
976 2733 1078 2760 transit
1104 2734 1134 2759 at
1153 2732 1237 2759 Lacr.
1258 2733 1297 2765 11,
1308 2733 1367 2759 388.
1489 2733 1540 2759 399
1560 2732 1615 2760 Vos
1643 2741 1754 2766 quoque
1784 2732 1856 2759 Om'd.

207 2786 295 2813 Amat.
316 2785 374 2819 ΠΙ,
387 2786 447 2812 507.
534 2786 587 2812 400
603 2786 685 2814 vietis
705 2786 772 2812 Hor.
792 2785 878 2818 Epod.
902 2785 974 2817 XII,
986 2785 1009 2811 7.
1098 2785 1147 2810 401
1167 2784 1263 2816 Proep.
1283 2783 1379 2817 Epiqr.
1395 2783 1473 2816 VIII,
1484 2784 1508 2810 6.
