2040 2996
286 163 326 193 62
905 157 1122 184 ENGELMODI
1141 157 1316 184 CARMINA.

1082 286 1144 318 ΙΙΙ.
1283 297 1285 299 ’
1393 310 1398 315 .

601 350 741 387 CUIUS
768 350 928 387 SUPRA
955 351 1020 387 AD
1050 349 1350 386 RATBERTUM
1378 349 1618 385 ABBATEM.

651 425 783 468 Eloquii
806 426 895 458 cultu
918 428 1109 457 vernantem
1133 428 1249 457 texere
1273 425 1402 456 mitram

653 477 897 519 Bratteolisque
921 478 991 509 auri
1014 477 1145 519 fulgens
1170 476 1322 508 diadema
1344 475 1459 520 polire,

653 529 725 566 Quo
747 533 796 570 te,
821 532 933 562 sancte
958 532 1066 572 pater,
1090 528 1222 561 devotio
1246 528 1350 560 dulcis
1375 528 1523 565 adornet,

652 581 780 623 Ingenii
803 581 890 614 vires
915 581 1094 623 docilisque
1118 580 1276 612 industria
1297 579 1387 612 fandi

589 641 599 657 ’ν
652 633 818 665 Nobilium
842 634 963 676 poterit
985 633 1155 665 doctorum
1179 635 1327 675 compote
1350 635 1438 672 voto,
1486 672 1489 673 ⁷
1508 661 1512 665 ,

653 685 716 722 Qui
739 689 772 717 te
795 685 958 723 fertilibus
982 685 1095 716 satiati
1117 685 1179 716 rite
1203 684 1358 726 magistro

653 737 831 769 Doctrinae
856 736 995 779 dapibus
1021 737 1178 768 salientes
1203 735 1364 778 dogmatis
1387 735 1492 768 undas

653 789 898 831 Largifluosque
922 791 1056 820 vomunt
1078 788 1186 830 arguti
1209 787 1361 819 carminis
1385 787 1522 825 imbres:

654 841 699 872 At
721 851 780 873 nos
805 841 961 883 exiguum
986 840 1091 872 sterili
1114 838 1154 871 de
1179 840 1306 882 cespite
1329 850 1463 882 gramen

572 901 596 920 ¹⁰
655 893 820 926 Devotum
844 893 973 925 tibimet
997 894 1171 934 carpentes
1194 901 1312 923 munus
1336 892 1455 924 amoris

654 945 865 988 Turpiloquis
887 944 1028 986 liquidas
1051 947 1252 976 temeramus
1276 943 1402 976 lusibus
1426 943 1504 976 odas

653 996 874 1038 Materiesque
895 996 1005 1027 virens
1029 995 1155 1027 calamo
1178 995 1350 1027 marcessit
1373 995 1479 1027 inerti.

654 1049 750 1081 Unde
773 1049 835 1080 fuit
858 1048 941 1091 pigri
965 1048 1067 1080 satius
1091 1048 1254 1090 pressisse
1277 1047 1389 1080 labelli
1465 1088 1468 1092 ,

655 1100 857 1143 Organulum
880 1100 989 1132 laesae
1014 1099 1102 1131 vocis
1126 1098 1308 1131 cohibendo
1331 1098 1504 1141 fragorem,

572 1160 596 1178 ¹³¹
654 1152 704 1184 Ne
729 1151 807 1194 quid
831 1151 1033 1184 rancidulum
1057 1150 1186 1193 lepidae
1210 1150 1401 1182 mulcedinis
1425 1161 1521 1183 aures

654 1204 857 1247 Exciperent
879 1207 1035 1236 nectarve
1058 1203 1123 1235 favi
1147 1203 1294 1235 turbaret
1316 1213 1453 1235 amaror.

655 1256 721 1288 Sed
745 1260 856 1288 tamen
878 1256 1030 1298 igneolus
1054 1255 1164 1288 devoti
1187 1254 1330 1298 pectoris
1354 1254 1460 1294 ardor,

655 1308 727 1345 Quo
750 1311 798 1348 te,
824 1318 918 1340 carus
942 1318 1047 1348 amor,
1071 1306 1201 1350 placido
1225 1306 1426 1349 complector
1449 1306 1580 1348 honore,

654 1359 729 1391 Non
751 1359 846 1391 modo
870 1359 1014 1392 reflexae
1037 1359 1154 1391 temnit
1176 1358 1358 1390 retinacula
1379 1358 1542 1390 habenae:

572 1420 598 1439 2⁰
657 1408 831 1455 Septorum
855 1412 978 1455 pariter
1000 1410 1162 1454 praedura
1185 1410 1342 1453 repagula
1365 1421 1519 1453 rumpens

655 1464 738 1496 Cum
762 1474 877 1506 campo
901 1463 960 1496 sed
984 1464 1071 1496 enim
1094 1473 1167 1495 sese
1193 1462 1365 1494 committit
1387 1465 1502 1505 aperto

652 1515 862 1558 Effrenisque
886 1516 973 1548 iubis
998 1525 1151 1548 aurarum
1175 1513 1278 1546 flabra
1300 1514 1445 1551 lacessit,

654 1567 729 1599 Non
753 1578 788 1600 se
814 1567 998 1600 carceribus
1021 1567 1130 1599 fusum
1153 1577 1213 1609 per
1235 1565 1346 1598 inania
1369 1565 1448 1598 ferri

655 1619 762 1652 Sentit
785 1622 817 1651 et
831 1620 1007 1662 oppositas
1030 1618 1146 1651 ludens
1170 1617 1254 1661 pede
1277 1618 1415 1660 proterit
1437 1617 1541 1650 ulvas.

572 1680 597 1698 22¹1
656 1672 757 1714 Ergo,
782 1671 881 1704 beate
904 1674 1014 1715 pater,
1038 1671 1138 1703 decus
1162 1673 1195 1702 et
1216 1670 1276 1702 lux
1298 1680 1399 1702 aurea
1420 1670 1542 1708 mundi,
1570 1707 1573 1710 Α

654 1723 850 1756 Aecclesiae
875 1723 1043 1763 columen,
1067 1722 1211 1766 paradisi
1233 1718 1378 1754 maxima
1401 1721 1529 1762 cedrus,

654 1773 850 1817 Relligionis
874 1785 978 1818 apex,
1001 1773 1079 1806 fidei
1102 1772 1300 1806 fortissimus
1323 1773 1433 1814 umbo,

653 1827 759 1869 Ergo,
782 1837 914 1869 precor,
939 1827 1037 1859 liceat
1059 1826 1180 1858 cursim
1203 1825 1284 1857 mihi
1306 1825 1464 1868 plaudere
1488 1826 1625 1868 agrestis

653 1879 783 1921 Ingenii
806 1878 918 1920 nugis,
942 1888 1041 1910 rauca
1064 1878 1221 1910 reboante
1245 1877 1350 1918 Talia,

571 1938 596 1957 30
652 1931 803 1962 Festivos
826 1930 921 1962 ludos
946 1930 1152 1973 simplexque
1175 1932 1327 1966 retexere
1352 1939 1494 1962 carmen.

653 1982 738 2014 Nam
762 1982 896 2024 dignum
919 1982 1048 2014 tibimet
1071 1981 1203 2014 laudum
1226 1981 1404 2024 praeconia
1426 1981 1513 2013 ferre

390 2137 457 2171 [HL]
487 2138 624 2171 Inscriptio
642 2138 670 2164 in
687 2147 751 2171 raa,
769 2139 814 2165 ced
827 2139 917 2172 prima
934 2147 1004 2164 man.
1018 2139 1043 2164 P
1130 2138 1162 2164 16
1180 2146 1280 2164 amor-or
1297 2146 1364 2165 corr.
1379 2138 1404 2163 P

389 2231 458 2266 [HL]
483 2232 500 2258 2
522 2231 570 2264 cfr.
589 2231 664 2258 Fort.
686 2231 715 2259 V.
731 2231 770 2258 M.
784 2231 829 2265 II,
850 2232 902 2259 289
924 2232 1025 2259 'Pectus
1047 2232 1194 2259 bratteolis
1218 2240 1306 2259 vacuo
1335 2230 1494 2258 diademate
1520 2232 1636 2266 pulcher
1658 2236 1682 2259 et
1703 2233 1814 2261 Alcuin.
1838 2233 1872 2260 de
1888 2233 1941 2262 88.

285 2281 385 2309 Rubor.
404 2283 456 2309 279
481 2282 518 2316 (12
537 2283 597 2316 176)
621 2282 690 2309 Auri
712 2282 846 2310 brateolis
869 2282 918 2317 (sic
943 2283 987 2317 loy.
1002 2291 1055 2317 pro
1074 2283 1154 2309 Gales·
1177 2282 1319 2315 blateolis)
1343 2283 1460 2317 pulchre
1483 2283 1618 2311 distincta
1642 2293 1764 2312 coronas.
1820 2292 1825 2294 ·
1857 2285 1876 2312 4
1893 2285 1943 2312 Es

286 2333 365 2359 Pom.
379 2333 436 2367 III,
455 2333 480 2365 3,
497 2334 532 2360 34
549 2334 660 2368 Ingenii
679 2334 760 2361 vires.
848 2335 883 2361 14
900 2334 950 2367 cfr.
969 2334 1048 2368 Fuly.
1066 2334 1170 2369 mythol.
1185 2334 1271 2367 praef.
1289 2333 1327 2360 ed.
1342 2334 1412 2361 θίαν.
1421 2343 1451 2369 p.
1464 2335 1517 2362 604
1534 2336 1608 2362 Nam
1626 2344 1670 2363 me
1688 2336 1783 2363 avium
1802 2336 1940 2371 quaedam

285 2385 447 2417 vernulitas,
460 2394 532 2420 quae
545 2386 641 2421 fragili
654 2387 775 2421 quadam
786 2386 935 2414 dulcedine
945 2386 1099 2421 crispantes
1110 2386 1207 2413 sibilos
1217 2386 1323 2413 corneis
1334 2386 1421 2414 edunt
1435 2387 1587 2421 organulis,
1600 2387 1636 2414 ad
1646 2388 1698 2415 hoc
1708 2396 1779 2423 opus
1787 2388 1941 2416 adlexernta

285 2437 387 2464 Laesae
402 2445 453 2471 pro
470 2438 574 2465 fractae
593 2438 633 2465 vel
650 2446 750 2465 raucae
764 2439 856 2472 posuit
875 2439 985 2472 (raucus
1002 2437 1097 2472 fragor
1117 2437 1194 2464 Fort.
1207 2437 1248 2471 ΙΙ,
1267 2438 1292 2469 9,
1312 2437 1347 2471 8).
1429 2438 1461 2465 15
1478 2439 1528 2471 cfr.
1548 2439 1574 2473 I,
1595 2440 1635 2466 13.
1715 2440 1748 2467 16
1767 2439 1814 2466 Ge.
1827 2439 1867 2474 IL
1885 2439 1943 2472 24⁶1,

285 2489 429 2522 torquebit
446 2498 563 2517 amaror.
649 2491 679 2517 17
697 2491 743 2523 cfr.
757 2491 781 2524 I,
800 2491 841 2518 48.
872 2491 978 2517 Iuve‘nc.
993 2490 1016 2523 I,
1029 2489 1081 2517 645
1099 2489 1193 2516 devoti
1212 2489 1332 2524 pectoris
1351 2490 1458 2524 aptum.
1541 2491 1573 2517 17
1591 2498 1644 2524 sqq.
1665 2490 1747 2517 Meus
1763 2490 1845 2518 ardor
1861 2491 1938 2525 [cum

285 2540 345 2573 equi
363 2540 457 2567 ardore
473 2541 664 2574 conparandas
681 2545 725 2575 est,
743 2542 804 2576 qui]
824 2563 830 2568 .
841 2562 847 2568 .
859 2562 865 2568 .
883 2550 939 2568 mn
957 2541 1048 2568 temnit
1065 2543 1109 2568 etc.
1196 2542 1232 2567 -19
1250 2549 1304 2575 sqq.
1321 2541 1367 2568 Ge.
1382 2542 1405 2575 Ι,
1425 2542 1476 2568 512
1493 2550 1546 2575 sqq.
1566 2542 1604 2569 Ut
1625 2551 1687 2569 cum
1707 2542 1863 2570 carceribus
1882 2550 1941 2569 sese

285 2591 405 2618 effudere
423 2593 585 2627 quadrigae,
602 2594 730 2627 {addunt
747 2594 776 2620 in
795 2594 888 2628 spatia
912 2595 941 2620 et
963 2593 1067 2620 frustra
1090 2593 1246 2620 retinacula
1271 2593 1388 2620 tendens
1409 2593 1497 2620 fertur
1524 2594 1603 2627 equis
1625 2594 1725 2628 auriga
1747 2602 1839 2628 neque
1861 2593 1941 2620 audit

285 2652 379 2669 currus
398 2643 532 2676 habenas;
552 2645 619 2671 Aen.
635 2645 689 2679 XI,
708 2645 759 2672 493
778 2645 903 2672 Tandem
921 2645 993 2671 liber
1011 2653 1099 2678 equus
1117 2653 1272 2679 campoque
1290 2644 1398 2679 potitus
1416 2646 1513 2679 aperto
1532 2665 1538 2671 .
1551 2665 1557 2672 .
1570 2665 1593 2671 ..
1613 2645 1770 2679 luduntque
1788 2645 1872 2672 iubae
1890 2653 1942 2680 per

285 2695 369 2726 eolla3
390 2695 440 2727 cfr.
461 2696 524 2722 Met.
538 2696 581 2730 II,
601 2698 651 2724 155
669 2697 705 2723 ad
722 2697 869 2732 repagula;
887 2696 951 2723 Hn'd.
971 2697 1011 2730 II,
1029 2696 1080 2724 506
1099 2697 1193 2731 raptos
1213 2704 1262 2731 per
1280 2695 1377 2723 inania
1394 2697 1492 2727 vent03
1516 2696 1580 2723 wid.
1599 2696 1641 2730 IL
1660 2697 1709 2723 791
1728 2696 1846 2731 proterit
1864 2704 1941 2724 arva.

284 2747 318 2773 25
336 2746 443 2774 Iurene.
457 2747 517 2781 III,
538 2749 570 2775 15
588 2749 635 2775 lux
655 2757 738 2776 aurea
757 2749 863 2776 mundi.
944 2749 978 2776 26
999 2748 1075 2776 Fort.
1089 2748 1114 2782 Ι,
1136 2749 1176 2780 15,
1195 2749 1229 2775 91
1252 2748 1392 2776 Ecclesiae
1410 2748 1545 2775 columen.
1627 2749 1661 2776 27
1682 2747 1758 2776 Fort.
1772 2748 1801 2776 0.
1817 2748 1847 2782 V,
1865 2748 1906 2782 10,
1923 2749 1941 2776 2

283 2798 427 2833 religionis
446 2807 525 2834 apex.
612 2801 644 2828 31
665 2801 713 2827 Ex
733 2801 813 2828 Pont.
831 2800 878 2835 IV,
895 2801 920 2834 8,
938 2801 973 2828 45
991 2800 1140 2835 praeconia
1157 2800 1281 2828 laudum.
