2060 3074
296 113 357 144 634
949 109 1100 136 MILONIS
1118 109 1294 137 CARMINA.

661 196 764 232 ‘Quae
788 196 846 226 tibi
869 196 916 227 vis
938 195 1045 236 tribui,
1068 196 1199 237 reliquis
1222 198 1389 237 praestare
1413 197 1542 228 salubre
1567 197 1639 230 est!

659 248 697 278 In
719 248 768 278 his
792 257 871 288 ergo
895 247 954 278 tibi
976 248 1132 279 variatam
1157 247 1278 279 confice
1301 251 1436 280 vestem.

579 311 616 330 625
662 298 695 330 Si
719 299 854 330 conviva
877 299 967 341 cupis
990 299 1094 341 regali
1116 299 1308 330 accumbere
1332 310 1465 331 mensae

659 350 751 382 Neve
775 351 861 381 foras
884 350 962 392 pelli
985 350 1133 382 manibus
1156 350 1359 393 pedibusque
1383 351 1502 393 ligatis,

658 402 714 432 Bis
739 402 856 433 tinctus
879 402 995 433 rubeat
1018 412 1133 433 coccus
1155 402 1324 444 bissusque
1347 406 1479 443 retorta,

658 453 799 495 Fulgeat
821 454 946 485 obrizus
969 454 1086 496 petalis
1110 457 1143 485 et
1165 454 1294 486 brattea
1317 455 1395 492 fllis;

660 505 800 537 Caerula
822 505 999 537 hiacinctus
1022 506 1198 537 commixto
1223 506 1394 548 splendeat
1417 510 1514 547 ostro,

578 570 616 589 630
661 557 807 589 Stamina
830 568 903 589 cum
927 558 1038 589 tramis
1061 558 1220 589 oloserica
1242 561 1311 590 tota
1334 559 1486 591 venustis.

658 608 761 640 Veste
783 609 845 640 hac
869 612 999 641 ornatus
1022 610 1144 652 poteris
1166 620 1244 642 vere
1268 620 1339 642 esse
1362 610 1525 650 sacerdos,

659 660 693 691 Si
716 661 877 703 baptisma
899 661 990 702 nitet,
1014 661 1118 703 primo
1141 671 1202 693 ceu
1224 664 1372 704 tempore
1396 665 1559 704 sumptum
1586 665 1645 694 est.

659 711 754 748 Quod
776 713 803 743 si
826 712 910 744 forte
933 713 1041 755 aliquo
1065 713 1233 745 maculasti
1257 713 1388 745 crimine
1412 714 1522 754 vitam,

659 763 837 806 Caprarum
859 764 933 806 pilis
956 775 1052 806 asper
1075 765 1117 796 sit
1140 765 1244 796 carnis
1267 765 1418 797 amictus:

576 828 614 847 ⁶³⁵
659 815 730 846 Hos
755 816 875 847 etenim
898 816 953 848 lex
976 817 1082 858 prisca
1105 817 1168 848 alia
1190 817 1275 848 inter
1295 817 1394 848 xenia
1417 817 1561 859 quaerit:

658 867 772 910 Teque
796 868 882 899 foras
905 868 1036 900 missum
1059 869 1185 911 pluvias
1206 871 1338 910 portare
1360 879 1495 900 necesse
1519 872 1584 901 est:

657 919 807 962 Namque
831 930 923 951 suum
947 920 1070 952 facinus
1093 920 1210 952 Petrus
1233 920 1295 952 hoc
1319 920 1421 952 deluit
1444 921 1559 962 imbre,

658 971 758 1003 Fudit
781 974 815 1003 et
836 972 897 1003 hos
919 972 1114 1014 protoplasti
1136 982 1195 1014 pro
1221 972 1354 1004 crimine
1377 973 1480 1005 fletus.

658 1022 731 1054 Hoc
753 1022 870 1054 ardens
892 1024 1013 1065 poterit
1035 1023 1211 1066 frigescere
1235 1034 1308 1055 rore
1331 1024 1495 1064 machera,

575 1086 614 1105 640
659 1073 763 1111 Quam
787 1075 876 1116 prius
899 1075 1039 1106 extinxit
1062 1075 1204 1107 crucifixi
1227 1086 1247 1107 a
1270 1086 1406 1118 corpore
1430 1076 1519 1108 fusus

657 1125 769 1157 Dulcis
792 1137 897 1168 aquae
921 1127 1007 1159 rivus
1030 1138 1102 1158 cum
1126 1128 1283 1170 sanguine
1306 1128 1426 1159 mixtus
1450 1129 1569 1171 opimo.

702 1186 826 1218 XXIV.
851 1186 994 1230 Quisque
1018 1188 1111 1219 huius
1133 1189 1259 1220 virtutis
1281 1189 1438 1221 honorem
1461 1190 1672 1232 habitumque
1697 1193 1842 1234 requirit,

661 1238 820 1270 Invidiam
844 1239 948 1281 fugiat
970 1240 1115 1281 genitam
1138 1240 1180 1271 de
1203 1241 1281 1272 felle
1305 1241 1414 1273 diabli.

659 1290 732 1322 Hoc
755 1292 859 1323 scelus
882 1292 1085 1332 immensum,
1110 1303 1173 1334 quo
1197 1303 1283 1324 mors
1305 1294 1436 1326 intravit
1458 1294 1490 1325 in
1514 1293 1643 1330 orbem;

574 1355 612 1374 645
657 1343 753 1374 Hunc
775 1344 940 1376 imitantur
963 1347 997 1376 et
1018 1345 1062 1384 hi,
1088 1345 1230 1377 Satanae
1254 1346 1307 1388 qui
1330 1346 1363 1377 in
1387 1349 1479 1389 parte
1501 1349 1663 1378 tenentur.

394 1473 446 1499 625
464 1474 601 1499 acumbere
614 1473 639 1498 A
728 1473 779 1499 638
797 1473 986 1508 *protoplastus
998 1475 1023 1500 A
1104 1475 1156 1501 642
1174 1475 1273 1502 *honos
1287 1475 1311 1500 Α
1329 1485 1397 1502 corr.
1417 1476 1487 1510 Neff:
1506 1477 1555 1510 qsr.
1573 1476 1650 1509 infra
1667 1475 1720 1502 940

397 1550 447 1576 624
466 1549 495 1576 in
515 1549 558 1576 his
575 1557 609 1576 sc.
629 1549 718 1583 lignis.
789 1550 928 1578 625-632
950 1551 1062 1586 (ἕτερον.
1075 1552 1176 1579 Hamil.
1194 1552 1226 1578 in
1245 1560 1282 1580 cv.
1301 1553 1317 1580 l.
1331 1560 1351 1580 c.
1367 1553 1401 1580 10
1418 1552 1474 1579 duo
1492 1553 1562 1580 haec
1579 1561 1690 1580 necesse
1708 1554 1750 1580 est
1767 1554 1801 1580 ut
1818 1552 1945 1580 caritatis

291 1603 441 1636 praecepta
460 1601 615 1634 custodiat,
639 1601 767 1636 quisquis
785 1602 888 1629 habere
907 1603 936 1629 in
955 1603 1064 1638 nuptiis
1083 1605 1189 1631 vestem
1207 1604 1365 1639 nuptialem
1391 1605 1471 1631 curat
1493 1625 1500 1631 .
1511 1625 1517 1632 .
1530 1625 1536 1631 .
1560 1605 1627 1631 hinc
1653 1605 1707 1637 est,
1732 1594 1947 1639 quod'cortim's

291 1653 466 1680 tabernaculi
486 1653 576 1680 intexi
595 1662 691 1680 coccus
714 1653 758 1680 bis
781 1654 887 1681 tinctus
911 1654 1024 1682 iubetur
1113 1664 1209 1683 coccus
1234 1655 1339 1690 quippe
1362 1655 1436 1690 ignis
1459 1656 1580 1690 speciem
1605 1656 1705 1683 habet:
1729 1656 1798 1690 quid
1817 1664 1882 1683 vero
1905 1657 1948 1683 est

291 1705 392 1732 caritas
411 1705 465 1731 nisi
484 1704 579 1739 ignis?
598 1704 646 1731 sed
665 1704 720 1731 ista.
737 1705 839 1732 caritas
858 1714 917 1732 esse
934 1706 979 1733 bis
990 1707 1082 1734 tincta
1093 1707 1186 1738 debet,
1204 1708 1237 1734 ut
1254 1707 1384 1742 tingatur
1402 1708 1431 1734 et
1449 1714 1500 1741 per
1511 1715 1633 1734 amorem
1651 1707 1697 1734 dei
1716 1709 1746 1734 et
1763 1715 1813 1742 per
1825 1715 1946 1735 amorem

291 1757 424 1791 proximi;
442 1757 564 1790 sequitur
581 1756 657 1790 apud
679 1756 837 1792 Greyorium
854 1757 1041 1792 interpretatio
1058 1758 1174 1786 dum-um
1191 1765 1314 1786 versuum
1330 1758 1456 1793 evangel-'0‘
1473 1766 1523 1786 soc.
1542 1759 1659 1786 Manh..·
1676 1759 1773 1792 amice,
1790 1768 1846 1793 quo
1865 1759 1947 1786 modo

291 1810 346 1836 huc
372 1809 486 1836 intrasti
514 1817 570 1835 non
595 1808 700 1835 habens
723 1810 829 1836 vestem
852 1810 1009 1844 nuptialem
1034 1811 1079 1845 (=
1102 1811 1200 1838 Mami.
1218 1811 1317 1844 22,12)
1339 1813 1378 1837 ct.-
1403 1811 1471 1837 tunc
1493 1810 1568 1837 dixit
1594 1819 1643 1837 rex
1664 1811 1813 1838 ministris:
1841 1810 1946 1846 ‘ligatis

291 1861 420 1887 manibus
439 1860 498 1887 eius
518 1862 547 1887 et
566 1860 696 1895 pedibus,
717 1860 824 1888 mittite
842 1869 906 1888 eum
929 1861 959 1888 in
984 1863 1113 1890 tenebras
1137 1862 1296 1890 exteriores'
1315 1863 1360 1896 (=
1379 1862 1479 1889 Matth.
1498 1862 1540 1895 22,
1554 1862 1608 1895 13).
1695 1863 1833 1890 627-631
1852 1861 1944 1890 Em

291 1914 333 1946 28,
346 1914 362 1940 6
381 1913 484 1940 facient
502 1913 602 1946 (frater
614 1913 711 1939 Aaron
728 1913 838 1947 eiusque
849 1913 912 1948 filii)
931 1915 1027 1941 autem
1040 1914 1267 1949 superhumerale
1285 1914 1320 1941 de
1333 1923 1401 1941 auro
1417 1915 1446 1941 et
1457 1914 1609 1948 hyacintho
1623 1915 1652 1940 et
1669 1922 1794 1948 purpura
1808 1922 1944 1948 coccoque

291 1965 334 1991 bis
352 1965 442 1991 tincto
461 1966 490 1991 et
507 1964 590 1998 bysso
608 1965 722 1997 retorta,
742 1973 825 2000 opere
844 1965 990 1999 polymito.
1061 1967 1113 1993 634
1135 1966 1244 2000 Greyor.
1264 1966 1363 1992 Moral.
1383 1966 1407 1997 7,
1421 1966 1454 1993 27
1473 1965 1580 1999 (My-ne
1597 1965 1638 1997 75,
1651 1965 1714 1998 786)
1731 1965 1815 1999 pilosi
1833 1965 1946 1992 nomine

292 2016 441 2043 cuiuslibet
459 2016 566 2050 peccati
585 2016 721 2050 asperitas
740 2016 912 2051 designatur.
982 2018 1034 2044 635
1052 2017 1142 2044 Eoeod.
1161 2018 1203 2049 35,
1216 2018 1233 2044 5
1251 2018 1380 2052 separate
1391 2017 1468 2051 apud
1480 2025 1528 2044 vos
1546 2016 1686 2051 primitias
1704 2016 1825 2044 domino.
1856 2016 1946 2043 omnis

292 2068 465 2095 voluntarius
483 2067 582 2094 offerat
600 2076 646 2094 eas
666 2067 792 2095 domino:
815 2077 915 2096 aurum
941 2070 970 2096 et
991 2070 1140 2103 argentum
1166 2072 1195 2096 et
1212 2077 1272 2101 aes,
1295 2069 1480 2103 hyacinthum
1499 2069 1528 2095 et
1545 2076 1698 2103 purpuram
1716 2075 1883 2102 coccumque
1902 2066 1945 2094 bis

292 2120 412 2147 tinctum
431 2121 460 2147 et
478 2120 604 2154 byssum,
624 2119 696 2154 pilos
720 2128 867 2155 caprarum
890 2121 1034 2156 pellesque
1057 2121 1186 2148 arietum.
1273 2120 1410 2148 636-641
1433 2120 1562 2147 Hmbom.
1578 2119 1616 2147 ad
1632 2119 1746 2147 Numer.
1764 2119 1790 2151 8,
1803 2119 1819 2146 7
1837 2117 1945 2154 (mys-0

292 2172 351 2204 108,
364 2172 427 2206 636)
445 2172 576 2204 ostendit,
595 2181 651 2206 quo
669 2172 752 2199 modo
771 2172 913 2206 purificari
931 2172 1061 2204 debeant,
1079 2173 1233 2207 antequam
1251 2172 1288 2199 ad
1306 2172 1434 2199 divinum
1447 2171 1635 2199 ministerium
1651 2170 1796 2208 accedant.
1821 2169 1944 2211 primum

292 2232 338 2250 eos
356 2224 435 2250 iubet
453 2224 564 2258 aspergi
583 2232 658 2258 aqua
677 2224 867 2257 lustrationis,
892 2233 977 2259 quam
995 2233 1142 2259 possumus
1160 2224 1320 2259 intelligere
1338 2223 1396 2251 sive
1413 2222 1550 2258 baptismi
1566 2223 1772 2249 sacramentnm
1790 2229 1839 2248 seu
1857 2221 1944 2249 etiam

292 2275 469 2302 lacrimarum
487 2275 658 2307 effusionem,
677 2284 727 2310 per
745 2284 815 2310 quas
833 2276 960 2303 maculae
978 2277 1158 2311 peccatorum
1177 2276 1231 2303 rite
1250 2276 1412 2303 abluuntur.
1449 2274 1562 2307 deiude,
1588 2276 1621 2301 ut
1638 2273 1740 2301 radant
1758 2281 1854 2300 onmes
1871 2273 1945 2308 pilos

292 2326 382 2353 carnis
409 2335 475 2353 suae
571 2327 623 2361 pili
650 2327 740 2354 carnis
767 2329 833 2354 sunt
859 2327 1005 2362 quaelibet
1030 2328 1171 2362 superflua
1201 2328 1340 2364 humanae
1363 2326 1558 2361 corruptionis.
1646 2325 1697 2352 636
1724 2324 1947 2352 Pseudo-uasto

291 2378 322 2410 (l.
335 2385 356 2405 c.
377 2378 416 2404 ΙΙ
424 2378 471 2412 86)
493 2378 590 2412 pluvia
618 2378 791 2412 praedicatio
815 2379 859 2406 vel
882 2378 991 2413 gratim
1020 2378 1143 2405 similiter
1163 2378 1309 2412 Circam-ius
1332 2378 1475 2412 maique,
1500 2376 1548 2411 qm*
1570 2383 1665 2403 sacrae
1691 2375 1842 2410 ιαὴιΐυωι
1865 2375 1944 2402 verba

292 2429 431 2462 alleqorice
443 2429 585 2463 ammam,
596 2429 812 2464 interpretwntw
823 2430 941 2457 imbrem
954 2430 988 2463 (v.
998 2430 1060 2463 637)
1074 2432 1100 2456 et
1111 2437 1202 2456 rorem
1214 2429 1248 2462 (v.
1258 2429 1331 2463 639).
1392 2429 1443 2456 637
1457 2428 1555 2456 Mami.
1569 2429 1612 2460 26,
1622 2428 1665 2455 75.
1729 2427 1781 2454 639
1793 2426 1862 2454 Luc.
1875 2427 1901 2460 2,
1911 2427 1947 2454 35

292 2482 369 2506 tuam
393 2480 479 2514 ipsius
498 2481 621 2508 animam
640 2482 825 2516 pertransibit
848 2482 960 2517 gladius
984 2482 1143 2516 (machaera
1168 2482 1277 2508 Iuvenc.
1296 2481 1316 2508 Ι
1324 2481 1396 2514 212).
1482 2480 1542 2507 640.
1554 2479 1604 2507 641
1623 2479 1679 2506 Ich.
1699 2479 1787 2511 19,34
1810 2477 1945 2505 continuo

293 2532 380 2558 exivit
399 2532 512 2567 sanguis
531 2533 560 2559 et
578 2541 660 2567 aqua.
731 2533 869 2561 642-664
886 2532 1010 2560 Invidiae
1028 2532 1146 2560 counitam
1164 2540 1216 2559 esse
1230 2532 1388 2566 superbiam,
1405 2531 1491 2558 solum
1502 2530 1646 2558 ranediwm
1662 2530 1808 2563 caritatem,
1821 2529 1944 2564 primum

292 2583 439 2616 exemplum
460 2583 539 2610 Gami
555 2584 667 2617 facimus
692 2585 832 2619 scriptores
850 2585 1018 2620 ecclesiastici
1037 2587 1190 2619 pomerum
1212 2584 1290 2612 muni
1315 2584 1375 2618 (cfr.
1395 2583 1507 2617 (ἕτερον.
1526 2583 1627 2610 Moral.
1643 2581 1739 2616 V46);
1760 2581 1853 2608 omnia
1876 2588 1946 2615 quae

294 2635 363 2661 Milo
377 2635 491 2668 protulit
509 2636 556 2669 qui
570 2639 727 2670 persecutus
745 2637 780 2664 sit
797 2637 935 2672 invidique
952 2638 1085 2664 incanam
1103 2636 1244 2664 contulerit
1267 2644 1330 2663 cum
1350 2642 1446 2662 cancro
1464 2634 1531 2668 (nisi
1547 2634 1617 2667 forte
1635 2633 1740 2660 nimbus
1757 2633 1946 2667 significatur),

292 2686 354 2712 novi
371 2686 507 2713 neminem.
582 2687 719 2715 642-645
737 2688 800 2722 Sap.
819 2690 844 2722 2,
857 2689 892 2716 24
912 2689 1021 2716 invidia
1038 2688 1145 2715 diaboli
1162 2697 1236 2715 mors
1254 2687 1384 2715 introivit
1400 2687 1431 2713 in
1449 2686 1543 2713 orbem
1561 2687 1708 2713 terrarum.
1743 2686 1778 2712 25
1793 2685 1947 2722 imitantur

293 2739 387 2764 autem
406 2738 493 2771 illum,
513 2738 562 2772 qui
583 2741 650 2766 sunt
669 2748 702 2766 ex
721 2741 802 2774 parte
820 2740 906 2767 illius.
