2040 2996
253 115 310 144 134
843 107 952 137 PAULI
972 107 1105 136 ALBARI
1124 106 1298 135 CARMINA.

615 197 803 234 Quadrifido
827 196 948 229 mundo
972 197 1151 238 preconant
1174 194 1380 236 Cristumque
1403 193 1564 235 deumque
1594 213 1635 216 —

613 249 742 281 Mateus
765 249 906 280 hominis
929 249 1012 280 facie
1036 247 1211 290 specieque
1234 246 1367 288 refulgit

536 308 559 326 ‘5
612 301 655 332 Et
677 301 841 333 fremitum
864 300 981 332 reddet
1003 299 1134 331 Marcus
1158 299 1203 330 sic
1226 297 1307 330 hore
1330 297 1445 336 leonis,

613 353 720 384 Lucas
743 356 779 384 ut
801 356 914 391 taurus
938 362 1056 394 magno
1081 361 1154 382 cum
1176 360 1340 381 murmure
1363 347 1498 381 bombat

614 405 657 437 Et
679 406 798 448 pernix
820 405 930 448 aquila
953 402 1090 436 scandet
1112 413 1210 446 super
1233 402 1346 434 ethera
1368 402 1522 434 Ioannes:

613 457 675 488 Est
697 467 769 489 omo
793 467 869 488 nam
893 456 1018 488 Cristus
1041 458 1138 487 natus
1161 465 1204 487 ex
1226 454 1353 496 virgine
1376 453 1501 496 pulcer,

613 508 674 540 Est
696 509 816 540 vitulus
839 518 958 551 passus·
981 510 1109 539 saerata
1131 506 1264 538 victima
1286 505 1399 548 patris,

535 568 560 586 ⁶0
613 560 674 592 Est
696 561 749 592 leo
774 559 850 592 dum
873 559 965 591 fortis
988 569 1090 601 regna
1113 555 1426 600 frangit[reges]que
1449 558 1611 599 potentes,

615 613 677 644 Est
699 612 808 655 aquila
831 612 937 644 celum
960 611 1121 643 scandans
1145 614 1339 652 tronumque
1362 609 1505 641 tonantis
1530 620 1584 644 —;

615 664 696 696 Post
719 675 800 707 quos
823 664 874 696 bis
899 667 1025 707 septem
1048 663 1141 705 Pauli
1167 663 1213 695 sic
1236 662 1317 694 bibli
1341 665 1527 699 coruscant;

616 717 707 754 Quos
730 717 849 748 iterum
873 716 1039 758 sequitant
1062 726 1198 748 numero
1222 715 1371 747 catholici
1395 717 1538 757 septem:

615 769 679 801 Hic
701 768 811 812 lepide
833 768 973 800 Iacobus
997 771 1131 800 resonat
1153 767 1337 809 Petrusque
1361 767 1530 809 gemeIIOS‚

537 828 561 846 65
614 821 696 853 Tres
720 821 825 853 celsus
849 820 991 852 Ioannes
1015 819 1123 860 habet,
1145 819 1198 851 hie
1221 819 1340 862 pagina
1363 818 1463 855 Iude;

616 873 702 905 Hinc
726 871 933 915 Apostolicos
956 872 1083 904 Hactus
1106 875 1282 914 textosque
1305 871 1442 903 decoros

617 924 680 961 Qui
702 928 847 962 retonat;
870 924 986 956 merito
1010 923 1173 956 concludit
1195 926 1307 955 aetere
1332 923 1451 954 florens

616 977 726 1009 Vissio
749 977 882 1009 Ioannis
904 987 1016 1019 parva,
1041 979 1092 1008 set
1115 975 1218 1007 densa
1240 975 1369 1018 figuris:

617 1029 680 1061 Hic
706 1029 773 1061 alfa
792 1029 942 1061 recinens
964 1028 1105 1071 primum
1129 1027 1300 1069 signatque
1325 1037 1511 1070 supremum

539 1088 563 1106 ²⁰
616 1081 657 1121 Ω,
681 1092 778 1123 quem
801 1080 907 1113 Greee
931 1083 1043 1120 vocat,
1073 1079 1237 1111 dominum
1260 1090 1437 1122 regemque
1461 1078 1639 1120 deumque:

616 1133 694 1165 Alfa
717 1136 751 1165 et
773 1145 799 1164 ω
822 1133 910 1164 clare
933 1131 1030 1164 deum
1053 1131 1216 1163 hominem
1239 1141 1403 1173 unumque
1426 1141 1542 1162 serene

617 1184 795 1227 Explicans
817 1184 927 1216 vibum
951 1193 1080 1226 semper
1104 1182 1187 1226 (per)
1212 1182 1323 1214 secula
1345 1182 1435 1214 secli.

659 1237 733 1269 Hee
756 1238 832 1267 sunt
854 1246 947 1279 sacra
969 1235 1022 1267 dei
1044 1235 1140 1273 dona,
1164 1245 1227 1277 que
1250 1235 1331 1266 flore
1354 1235 1491 1277 perenni

618 1288 760 1330 Fulgent
783 1291 895 1320 eterno
919 1297 1048 1330 semper
1070 1290 1106 1318 ut
1127 1286 1252 1318 lumina
1274 1287 1352 1323 celi;

539 1347 563 1366 7¹¹¹
616 1340 690 1373 Hec
713 1341 825 1383 pulcre
849 1349 978 1382 gemme
1002 1338 1137 1370 rutilant
1158 1339 1233 1381 plus
1257 1338 1325 1370 sole
1349 1348 1492 1378 corusce,

618 1392 757 1424 Lumine
780 1391 857 1423 dum
879 1394 1007 1423 mentes
1030 1390 1189 1423 renobant
1211 1390 1265 1422 vel
1289 1393 1376 1422 tetra
1399 1390 1585 1427 revincunt;

618 1445 691 1477 Hec
714 1445 857 1476 retinent
880 1444 989 1475 claves
1014 1443 1116 1475 centri
1139 1442 1192 1474 vel
1214 1442 1338 1485 premia
1360 1441 1524 1484 pandunt3

618 1497 692 1529 Hec
715 1495 946 1538 paradisigena
968 1497 1118 1527 recreant
1141 1494 1294 1536 florigera
1316 1494 1410 1536 prati.

619 1549 750 1581 Mistice
773 1548 827 1580 hic
851 1548 964 1587 claret,
989 1546 1147 1589 quidquid
1170 1546 1231 1578 sub
1255 1546 1365 1577 littera
1387 1546 1507 1588 pollet;

541 1610 566 1628 8⁰
617 1601 739 1633 Istoria
761 1600 902 1642 simplex
926 1600 1034 1639 comit,
1058 1609 1138 1642 quos
1162 1598 1270 1630 ethica
1291 1598 1429 1635 format;

618 1653 683 1685 Hic
706 1656 819 1696 potum
842 1651 972 1684 dulcem
995 1651 1088 1690 bibit,
1113 1651 1168 1693 qui
1190 1651 1304 1682 suavia
1328 1651 1476 1688 summit;

619 1705 685 1736 Hic
710 1704 800 1736 cibus
825 1703 921 1735 satiat
945 1702 1043 1735 corda
1065 1705 1226 1746 pastuque
1250 1702 1390 1735 refobet.

620 1756 693 1788 Hec
717 1759 793 1787 sunt
816 1756 904 1787 clara
927 1755 990 1795 dei,
1013 1754 1125 1786 mundi
1149 1765 1212 1796 que
1236 1757 1325 1792 certe
1347 1753 1501 1786 tenebras

620 1808 772 1840 Vibranti
794 1807 884 1839 radio
909 1807 1043 1838 vincunt
1066 1810 1099 1838 et
1121 1806 1217 1838 furba
1239 1809 1402 1838 serenant.

541 1869 565 1886 ⁸5
618 1861 691 1892 Lex
713 1859 860 1903 pretiosa
881 1859 964 1891 nitet
986 1858 1067 1890 miro
1091 1858 1232 1890 candore
1256 1858 1430 1890 nivescens

619 1911 774 1944 Lucidior
796 1911 863 1942 sole
887 1910 1026 1952 fulgenti
1050 1910 1174 1942 murice
1199 1910 1289 1947 cicli;

621 1964 747 1996 Cuncta
770 1963 876 2003 simul,
901 1962 1056 2005 quidquid
1079 1961 1244 1994 mundana
1267 1961 1400 2003 fingitur
1423 1964 1503 1998 arte,

620 2016 694 2048 Hec
719 2018 852 2058 superat
874 2014 1001 2054 merito,
1026 2024 1088 2056 quo
1113 2013 1341 2046 celi'culmine
1365 2014 1468 2051 venit;

620 2069 780 2100 Inlustrat
802 2067 925 2109 pietate
949 2066 1015 2106 dei,
1039 2076 1119 2108 quos
1142 2066 1234 2098 fusca
1257 2065 1417 2098 tenebrat.

359 2224 393 2250 (30
415 2223 506 2258 *reges
528 2223 587 2249 eccl.
674 2221 708 2247 63
730 2221 825 2247 catholi
839 2220 862 2245 0
877 2228 943 2245 corr.
956 2219 999 2244 Εἰ.
1085 2217 1120 2244 65
1137 2217 1235 2244 *celsos
1249 2219 1282 2251 C,
1304 2217 1414 2252 *pagine
1429 2220 1451 2244 C
1534 2218 1568 2245 66
1585 2219 1740 2253 apostolicus
1757 2225 1780 2246 et
1798 2221 1905 2247 decorus

256 2276 322 2292 corr.
334 2267 356 2292 C'
429 2266 461 2293 67
474 2266 568 2293 *altere
580 2266 602 2291 0
676 2264 711 2290 68
718 2265 801 2289 Vistio
812 2264 834 2289 C'
840 2272 907 2288 corr.
917 2262 971 2295 Fa,
979 2261 1068 2288 *tensa
1079 2262 1101 2287 Ο
1176 2261 1209 2287 72
1220 2271 1264 2296 per
1274 2262 1336 2288 add.
1347 2262 1390 2288 Ec.
1462 2261 1495 2288 73
1504 2261 1637 2296 *donaque
1646 2262 1669 2288 0
1736 2263 1769 2289 79
1779 2263 1873 2298 *pallet
1884 2264 1908 2290 0

255 2309 290 2334 80
307 2309 406 2335 *Storia
420 2310 442 2336 0
524 2309 559 2335 83
576 2308 637 2342 *qui
651 2308 673 2333 C
757 2306 791 2332 84
808 2306 897 2332 *fulba
911 2306 934 2331 0
1016 2304 1050 2331 88
1067 2304 1207 2339 *superant
1221 2306 1243 2331 0

358 2400 391 2427 57
414 2398 552 2432 leodulf.
571 2399 588 2424 l.
607 2406 628 2424 c.
648 2398 682 2423 95
706 2397 732 2423 It
753 2396 821 2430 quia
843 2396 989 2423 verborum
1013 2395 1108 2431 pinnis
1130 2388 1213 2430 super
1231 2395 1346 2422 aethera
1363 2395 1488 2429 quartus.
1581 2395 1615 2422 64
1639 2403 1674 2429 sq.
1697 2395 1830 2429 Theodulfi
1848 2396 1865 2423 1.
1883 2404 1904 2423 c.

256 2459 278 2477 v.
293 2451 340 2477 127
353 2459 404 2484 sqq.
422 2451 472 2477 His
491 2452 557 2477 sunt
574 2449 728 2477 catholicae
747 2448 911 2476 subiunctas
930 2457 963 2475 ex
984 2448 1082 2476 ordine
1100 2449 1207 2483 septem
1222 2448 1226 2483 Ι
1242 2447 1371 2482 paginae.
1389 2447 1392 2481 Ι
1409 2446 1522 2473 Scilicet
1540 2455 1596 2473 uns.
1614 2446 1654 2481 pii
1667 2447 1759 2474 Iacobi
1773 2447 1905 2481 Petrique

257 2501 400 2535 gemellae,
416 2502 419 2535 Ι
431 2503 497 2528 sunt
510 2503 565 2528 tres
578 2501 717 2532 Iohannis,
736 2509 793 2527 una
805 2500 853 2532 ibi,
873 2500 950 2533 luda,
969 2502 1020 2527 tua
1032 2501 1082 2528 est.
1111 2500 1156 2533 cfr.
1170 2499 1274 2533 Euqe‘n.
1287 2499 1303 2526 l.
1318 2507 1339 2526 c.
1353 2498 1448 2533 magni
1462 2498 1589 2525 doctrina
1601 2498 1714 2525 Ioannis
1726 2498 1730 2533 l
1742 2519 1904 2526 ..........

258 2554 363 2588 pagina
381 2554 474 2581 Iudae.
561 2554 595 2580 66
615 2553 751 2586 Theodulf'.
769 2553 785 2580 l.
802 2561 822 2580 c.
846 2553 896 2579 133
918 2553 990 2579 Hinc
1012 2553 1048 2579 ad
1070 2552 1238 2587 apostolicos
1257 2570 1363 2578 ......
1383 2551 1470 2577 actus.
1506 2550 1608 2584 Euyen.
1627 2550 1643 2576 l.
1661 2558 1682 2577 c.
1701 2550 1774 2583 Quos
1793 2551 1905 2577 sanctus

258 2605 357 2631 merito
382 2605 545 2639 conscripsit
569 2605 679 2631 nomine
703 2604 799 2631 Lucas.
890 2605 924 2631 (58
941 2604 1082 2638 Eumenius
1103 2604 1120 2631 l.
1138 2612 1158 2631 c.
1181 2604 1237 2630 Hos
1262 2603 1389 2637 sequitur
1411 2602 1497 2637 plana
1518 2602 1604 2629 versis
1627 2603 1656 2629 et
1678 2602 1761 2637 plena.
1783 2602 1879 2637 figuris
1899 2603 1902 2638 Ι

258 2656 328 2683 visio
360 2656 471 2683 Ioannis
505 2656 670 2682 concludens
703 2656 796 2682 omnia
828 2655 905 2690 legis.
1005 2656 1038 2682 73
1063 2655 1108 2688 cfr.
1136 2663 1209 2689 supr.
1232 2663 1254 2681 v.
1277 2655 1320 2681 45.
1343 2654 1446 2688 Euyen.
1469 2654 1485 2680 l.
1505 2662 1526 2680 c.
1554 2654 1630 2680 Haec
1657 2654 1723 2680 sunt
1751 2663 1829 2680 sacra
1858 2654 1904 2680 dei

258 2708 338 2739 iuris,
367 2708 435 2734 haec
469 2708 587 2741 mystica
615 2707 660 2733 dei
691 2707 756 2734 vivi.
855 2708 889 2734 85
915 2707 1054 2740 Theodulf.
1077 2707 1094 2733 l.
1113 2715 1133 2734 c.
1157 2707 1205 2734 151
1234 2706 1289 2733 Lex
1318 2706 1440 2740 pretiosa
1469 2705 1513 2732 dei
1538 2726 1544 2732 .
1563 2726 1570 2733 .
1589 2725 1596 2732 .
1694 2706 1728 2732 86
1750 2706 1797 2738 cfr.
1821 2714 1904 2740 supra

257 2769 279 2787 c.
297 2760 347 2794 IV,
367 2762 390 2787 ὅ.
