2060 3074
486 344 522 363 135

485 602 523 622 uo

486 862 522 882 14⁵

486 1124 523 1143 150

484 1383 520 1401 155

484 1642 521 1660 180

484 1901 494 1919 1
497 1900 521 1919 85

486 2161 523 2180 no

485 2423 522 2442 17³

752 193 863 220 VITAE
882 194 908 220 S.
927 193 1094 220 GERMANI
1115 193 1222 220 LIBER
1237 194 1282 220 Vl.
1779 197 1841 227 505

561 279 702 312 Gutture
728 280 897 312 centicano
921 281 1123 324 totidemque
1148 292 1327 324 exposcere
1351 282 1485 323 linguis:

561 331 697 373 Singula
720 342 779 363 nee
803 332 939 364 modicis
963 343 1092 374 possem
1116 333 1336 375 perstringere
1361 333 1479 371 verbis,

561 383 652 420 Quae
674 387 767 425 pater
789 383 943 415 Ausoniis
966 384 1124 416 miracula
1147 385 1283 427 gesserit
1306 385 1370 416 oris

561 434 791 478 Amplificante
816 435 877 467 deo
900 435 1039 468 dilectae
1064 447 1200 468 munera
1223 436 1316 468 dotis.

559 487 641 524 Quis
664 498 727 519 non
751 487 934 529 quaesitam
958 488 1152 521 membrisve
1177 489 1335 520 animisve
1361 488 1505 520 medelae

561 537 681 570 Hausit
704 542 819 581 opem?
866 538 927 570 Oui
950 549 1015 570 non
1038 539 1190 572 faverunt
1214 543 1288 571 vota
1311 540 1457 582 petenti?

560 589 642 626 Quis
665 600 730 622 non
754 590 941 622 munificum
965 591 1181 623 cumulandus
1205 602 1339 623 munere
1366 592 1489 623 sensit?

561 642 737 674 Doctorem
762 642 912 679 stolidus,
938 646 1063 685 patrem
1087 644 1252 686 persensit
1276 654 1411 686 egenus,

561 694 775 726 Summissum
799 695 932 733 minimi,
956 695 1177 727 venerandum
1200 695 1342 738 denique
1367 697 1499 727 summi:

561 745 670 788 thue
693 746 790 778 docet
813 746 946 786 Paulus,
972 747 1018 779 sie
1042 747 1192 779 omnibus
1217 748 1326 779 omnia
1349 748 1454 780 factus

560 797 687 830 Divinis
709 808 821 830 omnes
845 797 968 830 studuit
990 798 1219 831 transfundere
1243 800 1354 831 lucris.

602 850 696 882 Haec
719 853 828 882 tamen
852 851 1002 892 angelico
1027 861 1091 883 non
1114 851 1219 893 impar
1242 851 1309 883 vita
1332 853 1431 884 colori
1583 856 1807 889 Utseaepontifioee
1819 857 1842 881 ei

559 902 610 934 Ne
635 902 704 934 sine
728 906 813 934 teste
837 903 931 942 foret,
956 913 1017 935 sex
1039 903 1204 934 assedisse
1227 903 1376 935 feruntur
1583 900 1674 932 iusim
1688 899 1835 925 analabum

562 955 680 986 Sancto
703 953 874 996 pontifices
898 954 1078 996 meritoque
1103 957 1136 986 et
1159 954 1290 986 nomine
1315 954 1394 986 clari

560 1005 719 1048 Tempore
743 1005 905 1043 continuo,
930 1016 988 1038 seu
1012 1016 1085 1037 cum
1109 1006 1267 1037 miracula
1291 1005 1411 1038 mundo

559 1057 682 1090 Ederet
704 1061 760 1089 aut
783 1057 933 1090 crucibus
958 1068 1142 1100 corpusque
1165 1061 1320 1100 artusque
1344 1057 1503 1090 domaret:

559 1110 602 1142 Hi
627 1113 726 1142 testes
750 1120 886 1152 operum
908 1109 1019 1142 multis
1043 1120 1193 1142 mansere
1217 1109 1344 1142 diebus.

601 1162 676 1194 Huc
698 1161 782 1204 pede
806 1161 928 1194 difficili
952 1173 1138 1204 quanquam
1162 1162 1363 1194 decurrimus
1387 1173 1501 1205 usque,
1580 1167 1698 1191 illateriei
1727 1167 1841 1198 suturae

559 1214 604 1246 At
627 1224 712 1246 nunc
735 1214 873 1246 ulterius
895 1217 1058 1256 temptans
1082 1213 1252 1246 intendere
1276 1225 1424 1256 gressum
1639 1209 1783 1241 trepidatio.

561 1266 717 1298 Materiae
741 1266 885 1298 novitate
909 1276 1052 1309 premor;
1076 1270 1144 1298 tum
1168 1266 1311 1309 pondere
1335 1267 1442 1298 fessus

560 1317 611 1349 Ire
634 1317 764 1360 quidem
787 1328 930 1360 nequeo:
955 1317 1059 1360 pudor
1083 1321 1133 1350 est
1155 1317 1319 1360 deponere
1343 1319 1475 1350 fascem.

558 1370 667 1412 Atque
691 1370 814 1402 utinam
838 1370 936 1402 rebus
960 1370 1086 1402 caelum
1111 1369 1334 1402 crescentibus
1359 1381 1461 1412 usque

559 1421 717 1454 Crescere
741 1421 841 1454 verba
863 1421 970 1458 dares,
994 1421 1084 1453 nasci
1108 1422 1163 1464 qui
1187 1421 1287 1453 verba
1310 1421 1446 1454 dedisti:

559 1473 726 1516 Eligerem
749 1473 809 1506 sub
832 1474 919 1506 fasce
944 1473 1035 1512 mori,
1059 1483 1155 1515 quam
1183 1473 1298 1505 cedere
1324 1474 1460 1516 coeptis.

559 1525 624 1557 Sed
647 1524 723 1568 quid
746 1529 828 1567 ago?
874 1525 1066 1557 Priscumue
1089 1525 1193 1556 sinam
1216 1525 1354 1567 periisse
1378 1525 1549 1558 laborem?

559 1577 683 1620 Cuique
707 1576 817 1609 datum
842 1577 952 1620 pelagi
975 1587 1082 1620 poene
1106 1577 1296 1620 contingere
1321 1577 1407 1615 litus‚

558 1629 663 1661 Unius
686 1629 817 1662 obiectu
841 1632 874 1661 et
896 1628 1024 1672 trepida
1046 1626 1219 1661 formidine
1244 1629 1315 1661 saxi

558 1681 676 1713 Lintea
697 1684 783 1714 retro
807 1681 884 1713 dare
909 1684 942 1713 et
965 1681 1072 1724 patiar
1095 1680 1308 1713 succumbere
1333 1684 1462 1712 noxae?

559 1732 633 1765 Huc
656 1736 749 1776 pater
771 1733 897 1776 aspires
921 1732 1005 1765 votis
1030 1733 1229 1775 ingentibus,
1253 1743 1321 1772 oro,

559 1785 709 1828 Spesque
731 1785 845 1828 procul
867 1786 956 1817 fusas
980 1785 1013 1816 in
1037 1784 1179 1828 pectoris
1203 1788 1296 1816 antra
1320 1783 1486 1820 refundas.

558 1836 701 1869 Vitalem
724 1837 845 1869 functis
869 1837 1010 1869 animam
1034 1836 1085 1868 oui
1110 1835 1247 1868 reddere
1271 1836 1426 1869 membris

558 1887 730 1925 Quondam
754 1899 852 1931 posse
876 1889 937 1920 fuit
959 1898 1101 1920 caenosa
1124 1888 1210 1920 mole
1233 1891 1379 1930 gravato,

559 1940 762 1982 Argumenta
785 1940 831 1972 tui
856 1940 983 1982 capiam
1007 1942 1116 1971 tamen
1140 1939 1216 1971 inde
1241 1939 1375 1978 favoris,

559 1991 593 2023 Si
617 1991 722 2029 modo,
746 1991 832 2034 quod
856 1991 997 2027 memini,
1022 1991 1080 2022 rite
1105 2001 1295 2033 percurrere
1319 1990 1433 2023 dones.

601 2043 798 2076 Volusianus
822 2047 894 2076 erat
916 2043 1084 2086 praecelso
1107 2043 1235 2075 nomine
1259 2043 1388 2085 quidam
1621 2053 1652 2077 Ue
1676 2052 1807 2077 Volusiani

559 2096 660 2128 Urbis
684 2096 828 2139 patricio,
852 2096 909 2127 toti
933 2095 1071 2128 dilectus
1095 2098 1128 2127 et
1151 2094 1224 2126 urbi
1576 2096 1662 2128 fllium
1677 2104 1694 2119 a
1709 2099 1788 2120 mom
1804 2103 1842 2120 '2-

558 2148 666 2191 Atque
689 2159 709 2180 a
731 2147 886 2180 cancellis
908 2147 1016 2190 prisco
1040 2146 1081 2179 de
1105 2156 1194 2178 more
1218 2146 1374 2179 minister.
1658 2138 1767 2163 daverit.

559 2200 662 2233 Filius
686 2201 761 2232 huic
785 2200 894 2243 primis
917 2199 1054 2242 inpense
1076 2201 1189 2241 gratus
1213 2199 1246 2230 in
1269 2199 1362 2231 annis

558 2255 628 2287 Iam
651 2253 905 2297 promulgandae
930 2263 1020 2295 spem
1044 2251 1248 2295 posteritatis
1272 2251 1392 2285 alebat.

559 2306 592 2338 Is
616 2309 724 2338 tamen
747 2305 928 2337 inmodicae
951 2304 1098 2347 pulsatus
1123 2303 1258 2335 verbere
1282 2303 1383 2335 febris

559 2357 677 2390 Tabuit
699 2357 826 2389 infelix:
850 2357 928 2388 furit
951 2356 1080 2388 ossibus
1104 2356 1216 2387 intima
1238 2355 1350 2398 pestis,

558 2410 644 2447 Quin
667 2409 766 2442 etiam
789 2408 927 2451 liquidas
951 2409 1016 2440 iam
1038 2407 1235 2450 depopulata
1257 2406 1425 2439 medullas.

559 2461 717 2494 Torrebat
739 2461 865 2493 vicibus
889 2461 1042 2492 miserum
1066 2460 1234 2502 frigusque
1258 2459 1412 2501 calorque

559 2513 700 2545 Pestifer
722 2513 854 2545 insanus
878 2511 1072 2544 miserabilis
1094 2511 1335 2545 immoderatus.

300 2609 407 2635 Scholia
430 2624 462 2628 —
488 2609 536 2635 169
559 2608 676 2643 patricio]
695 2610 840 2634 Seisvulthu
866 2608 924 2641 (cfr.
947 2609 1029 2633 Uovut.
1051 2607 1095 2632 Via.
1118 2607 1201 2632 Germ.
1223 2606 1283 2632 112
1301 2607 1345 2639 qui
1364 2610 1418 2632 tum
1437 2607 1537 2640 patricii
1556 2606 1695 2639 Segisvulti
1715 2607 1838 2632 cancellis

198 2651 324 2685 praeerat)

300 2729 336 2754 ad
360 2729 409 2755 145
428 2731 456 2755 U.
475 2739 496 2755 e.
516 2738 535 2754 s.
556 2739 578 2763 p.
598 2730 613 2755 i.
632 2738 655 2755 ι.
675 2729 766 2754 Bacch.
876 2727 924 2753 153
948 2729 1031 2753 sessus
1051 2726 1085 2760 P]
1104 2735 1205 2760 pressus
1224 2726 1334 2752 Boaclzio
1356 2731 1414 2751 tene
1431 2726 1486 2752 cod.
1507 2726 1589 2759 Lde.
1696 2725 1743 2751 167
1762 2727 1839 2752 dones

198 2771 331 2805 Bacchiae]
350 2773 423 2798 donis
441 2773 466 2798 P

302 2848 351 2876 143
371 2848 512 2875 leovinus.
531 2849 556 2880 9.
569 2849 611 2875 22.
718 2848 765 2874 161
789 2847 844 2880 Csr.
864 2846 931 2873 Aen.
951 2845 1005 2872 ΙΙΙ
1014 2847 1074 2873 686.

301 2899 406 2927 Pom:
423 2907 506 2927 mum
524 2907 582 2926 nvi
601 2899 726 2927 clnotuu
745 2898 793 2932 111,
803 2899 828 2925 2.
1599 2898 1633 2924 64
