2060 3074
417 478 456 498 650

416 737 454 756 655

416 1523 455 1543 ⁸¹10

416 1785 455 1804 ⁵⁷³

735 173 782 199 DE
799 172 1027 200 SOBRIETATE
1045 173 1152 201 LIBER
1164 174 1185 201 1.
1718 177 1781 208 635

499 258 628 302 Quippe
651 270 743 292 soror
764 260 923 292 scelerata
945 260 1019 292 huic
1042 260 1195 303 superbia
1217 261 1325 292 iuncta

500 311 678 344 Transtulit
700 312 882 354 angelicum
905 322 1020 344 saevos
1041 313 1075 344 in
1098 312 1275 344 daemonas
1297 323 1424 355 agmen.

499 363 594 395 Haeo
615 364 750 396 miseros
773 364 939 406 penitrans
962 364 1138 396 fraternum
1160 365 1280 407 rumpit
1302 375 1458 403 amorem,

501 414 594 451 Quae
617 414 811 447 documenta
833 415 923 447 dedit
946 415 1109 458 quondam
1131 416 1225 448 nimis
1246 417 1347 459 impia
1371 415 1461 456 Cain,

499 466 671 508 Displicuit
695 467 747 498 cui
768 467 812 498 nil
835 467 922 499 aliud
945 467 987 499 de
1010 468 1109 499 fratre
1132 468 1283 510 benigno,

499 517 605 554 Quam
629 528 688 549 sua
711 517 891 560 dedignans
914 519 1056 551 melioris
1078 530 1213 552 munera
1234 521 1331 552 misso

502 569 647 601 Caelitus
669 570 744 612 igne
769 569 849 602 deus
870 571 1005 602 flammis
1028 571 1090 603 sibi
1112 575 1206 614 grata
1227 572 1389 614 probavit:

499 621 573 653 Non
596 620 716 653 donum
737 622 770 653 in
793 632 891 654 causa
913 625 972 663 est,
995 622 1055 654 sed
1078 633 1133 655 cor
1155 623 1288 655 donaria
1310 624 1431 666 abegit.

499 672 593 705 Haec
615 675 706 705 tenet
726 667 887 705 incessum
910 674 1051 716 quodam
1074 675 1276 707 simulamine
1300 676 1407 707 cancri

498 724 686 756 Retrorsum
709 724 871 767 gradiens,
895 725 1079 768 depascitur
1099 726 1212 758 intima
1235 726 1339 758 cordis

501 775 648 818 Ossaque
670 777 890 819 perstringens
914 780 1101 820 putrescere
1124 778 1219 810 fortia
1240 781 1400 821 praestat:

499 827 572 864 Quo
595 827 675 860 felix
697 828 789 868 alter,
812 829 874 860 hoc
895 829 1054 861 infelicior
1075 829 1136 861 iste
1160 833 1217 861 est.

500 879 658 911 Antidoto
680 880 801 922 poterit
822 880 971 912 karitatis
995 891 1127 913 enorme
1149 892 1310 914 venenum

501 931 614 963 Curari
636 931 787 971 invidiae,
810 933 837 964 si
859 933 908 964 ius
931 936 1077 965 servetur
1099 934 1227 974 amoris,

499 983 605 1020 Quem
629 983 775 1016 Christus
797 983 916 1025 docuit,
941 995 1038 1027 quem
1062 985 1209 1017 conditor
1229 985 1345 1017 indidit
1367 986 1470 1017 almus

499 1035 693 1068 Pectoribus
715 1035 891 1077 homiuum,
915 1037 942 1068 si
965 1047 1000 1068 se
1023 1036 1223 1069 redamando
1246 1037 1384 1069 vicissim

498 1087 638 1119 Debitus
661 1087 798 1119 affectus
821 1088 954 1120 fratrem
978 1089 1152 1131 coniungat
1174 1091 1356 1131 utrumque.

500 1139 539 1171 In
561 1139 623 1171 hoc
645 1149 742 1172 nosse
766 1149 859 1171 suum
881 1140 1074 1172 monstravit
1097 1140 1333 1183 discipulatum,

501 1191 537 1223 Si
559 1201 687 1223 servum
710 1202 884 1224 conservus
905 1196 1003 1233 amet,
1027 1193 1164 1225 dilectus
1187 1196 1361 1225 amantem.

542 1251 650 1284 XXV.
672 1251 933 1295 Principiumque
955 1253 1041 1293 mali,
1064 1263 1148 1295 quae
1171 1254 1310 1285 criminis
1333 1254 1435 1286 omnis
1459 1254 1549 1294 origo
1573 1256 1632 1292 est,

497 1303 639 1335 Decidat
662 1307 772 1336 erecto
795 1307 932 1337 ventosa
954 1305 1106 1348 superbia
1130 1306 1212 1337 collo

498 1355 701 1399 Insanusque
724 1358 832 1388 tumor
854 1356 1016 1389 radicibus
1040 1359 1150 1389 erutus
1173 1357 1245 1389 imis

498 1407 657 1439 Pellatur:
680 1408 776 1440 multi
800 1407 994 1440 documenta
1017 1408 1138 1441 dedere
1162 1409 1288 1442 ruinae:

499 1458 619 1491 Confisi
641 1460 765 1492 virtute
789 1470 847 1492 sua
869 1460 1017 1493 cecidere
1041 1461 1182 1503 superbi,

499 1511 679 1544 Sui-rexere
702 1512 855 1545 humiles:
880 1513 1002 1545 domini
1025 1513 1190 1545 verissima
1212 1523 1277 1545 vox
1300 1515 1364 1544 est:

502 1563 575 1601 ‘Qui
598 1567 711 1606 tumet,
735 1565 790 1597 ille
813 1565 914 1601 cadit:
938 1565 997 1598 sed
1019 1575 1146 1609 pauper
1168 1565 1266 1598 corde
1289 1564 1434 1597 levatur?

501 1616 540 1648 In
562 1616 672 1648 solidis
693 1617 862 1660 planisque
885 1617 964 1650 loeis
987 1617 1162 1660 persistere
1185 1620 1289 1649 tutum
1313 1619 1372 1657 est,

502 1667 615 1700 Ardua
636 1669 730 1711 pulsa
751 1679 886 1711 gravem
909 1669 1075 1712 patiuntur
1097 1669 1224 1701 turbine
1247 1669 1383 1711 lapsum.

500 1719 605 1756 Quem
628 1721 767 1763 primum
790 1721 916 1753 caelum
938 1721 1053 1761 tenuit,
1078 1731 1174 1764 quem
1197 1723 1284 1752 terra
1308 1723 1462 1761 creatum,

498 1771 572 1804 Hoc
594 1772 671 1804 vitio
694 1772 853 1813 cecidere,
877 1775 910 1804 et
933 1773 974 1805 ob
998 1773 1061 1805 hoc
1085 1773 1230 1805 confusio
1254 1773 1371 1815 linguis

499 1823 608 1863 Missa,
630 1834 691 1867 per
712 1824 840 1866 ignotas
865 1824 968 1856 divisa
991 1827 1041 1857 est
1063 1827 1150 1856 terra
1171 1825 1328 1867 loquelas,

501 1875 583 1908 Cum
607 1879 746 1908 strueret
769 1876 887 1908 celsam
912 1876 1043 1919 lapsura
1066 1876 1220 1919 superbia
1242 1879 1371 1915 turrem,

499 1926 630 1959 Diluvio
654 1927 793 1960 tumidos
816 1938 888 1960 cum
911 1928 977 1959 iam
1001 1928 1136 1971 periisse
1159 1928 1319 1970 gigantes,

500 1978 666 2021 Tempore
691 1982 725 2010 et
748 1979 875 2010 ablatos
898 1982 1030 2021 possent
1052 1979 1236 2011 meminisse
1260 1979 1390 2011 recenti.

501 2030 654 2074 Quisquis
679 2031 862 2064 christicola
885 2034 944 2072 est,
968 2042 1104 2074 regnum
1126 2034 1163 2064 ut
1185 2031 1321 2063 sublime
1346 2035 1504 2074 capessat,

500 2082 614 2114 Discat
635 2083 758 2115 habere
782 2083 936 2115 humilem
961 2093 1085 2115 summo
1109 2083 1151 2115 de
1174 2083 1294 2115 vertice
1317 2086 1469 2115 mentem.

500 2134 661 2177 Quicquid
682 2135 715 2166 in
739 2138 904 2177 assumpta
926 2146 985 2178 pro
1008 2135 1101 2167 nobis
1125 2146 1220 2167 earne
1242 2135 1379 2178 peregit,

501 2185 567 2218 Seu
589 2185 707 2226 divina,
731 2186 832 2228 legas,
856 2197 914 2218 seu
937 2187 1001 2218 sint
1022 2187 1174 2226 humana,
1197 2189 1362 2219 retractes.

500 2237 596 2274 Quod
618 2238 705 2270 iacet
726 2238 759 2269 in
781 2238 871 2270 cunis
895 2241 999 2270 tectus
1021 2239 1182 2271 velamine
1205 2238 1312 2280 panni,

501 2289 598 2326 Quod
620 2290 771 2332 loquitur,
794 2289 881 2332 quod
904 2291 982 2332 agit,
1007 2290 1094 2332 quod
1119 2290 1206 2322 celsa
1229 2293 1327 2332 atque
1351 2290 1459 2321 infima
1485 2293 1612 2322 tractat:

500 2340 583 2381 Hae,
607 2340 648 2372 de
671 2351 735 2383 qua
757 2351 864 2373 sermo
887 2345 948 2382 est,
971 2342 1104 2373 nimium
1127 2342 1245 2373 virtute
1269 2343 1445 2372 coruscant.

439 2413 442 2421 ι
500 2391 665 2435 Perspice,
688 2403 784 2435 quam
807 2393 934 2435 placido
962 2393 1111 2425 zabulum
1134 2403 1284 2425 sermone
1309 2392 1451 2434 repellit:

241 2501 292 2528 (⁸548
310 2504 372 2530 huic
384 2504 508 2530 scelerata
519 2504 543 2530 Δ
556 2514 624 2530 corr.
638 2505 700 2538 Ncff
763 2504 814 2530 667
833 2506 939 2531 rudibus
949 2505 974 2530 A
1044 2503 1096 2530 675
1113 2502 1149 2529 ob
1161 2504 1197 2529 sic
1205 2503 1229 2528 Α
1302 2503 1353 2529 678
1365 2505 1467 2537 penisse
1478 2504 1502 2528 A
1572 2503 1622 2530 68⁷
1641 2503 1749 2537 relpellit
1758 2504 1783 2529 A

240 2570 291 2597 647
311 2570 367 2604 Osr.
387 2579 474 2606 aqna
490 2572 550 2599 433.
637 2573 688 2600 656
706 2572 782 2599 Prov.
804 2573 845 2606 14,
857 2573 893 2599 30
911 2571 1030 2606 putredo
1049 2571 1151 2598 ossium
1170 2570 1286 2598 invidia.
1368 2571 1505 2598 659-664
1526 2571 1583 2598 Ioh.
1603 2571 1643 2602 13,
1655 2571 1689 2597 34
1707 2579 1784 2597 man-

138 2609 235 2650 datum
254 2631 355 2650 novum
374 2623 410 2651 do
427 2623 518 2657 vobis,
538 2625 570 2651 ut
587 2623 715 2659 diligatis
734 2624 862 2656 invicem,
881 2624 954 2651 sicut
972 2623 1059 2650 dilexi
1079 2631 1141 2655 vos,
1160 2624 1192 2650 ut
1210 2624 1239 2649 et
1258 2631 1305 2649 vos
1324 2622 1452 2657 diligatis
1471 2622 1598 2649 invicem.
1633 2621 1668 2648 35
1686 2621 1715 2648 in
1733 2621 1785 2648 hoc

137 2676 305 2709 cognoscent
327 2683 437 2708 omnes,
466 2675 534 2710 quia
556 2675 611 2702 mei
635 2675 765 2710 discipuli
792 2675 871 2710 estis,
898 2675 921 2702 si
947 2675 1128 2702 dilectionem
1153 2674 1308 2701 habueritis
1336 2674 1372 2700 ad
1399 2673 1525 2700 invicem.
1611 2673 1661 2700 671
1685 2673 1784 2700 Matth.

135 2726 179 2758 23,
192 2726 236 2757 12;
254 2726 316 2758 5,8.
402 2726 539 2755 675-677
559 2726 615 2760 Gfr.
638 2735 724 2761 supra
736 2727 778 2755 81.
864 2727 917 2754 6¹18
939 2726 1007 2754 Gen.
1026 2727 1050 2758 6,
1064 2726 1098 2759 4,·
1129 2725 1276 2760 Auyustim.
1295 2725 1377 2752 Sem.
1392 2725 1425 2751 12
1447 2724 1485 2751 ad
1505 2724 1555 2751 Fr.
1577 2724 1608 2751 in
1631 2732 1715 2751 eremo
1732 2724 1784 2757 (ed.

138 2777 232 2812 Μᾶρκε
244 2777 287 2805 VI
297 2779 374 2812 1255)
385 2778 516 2813 superbia
526 2779 674 2814 gigantum
688 2779 800 2815 linguas
812 2778 908 2806 divisit
922 2779 950 2805 et
964 2778 1101 2807 confudit.
1176 2777 1228 2804 684
1242 2776 1300 2811 Gfr.
1315 2777 1405 2805 Seduz.
1419 2777 1447 2803 G.
1455 2785 1484 2812 p.
1499 2777 1581 2803 1158.
1646 2776 1784 2804 687-689

139 2828 237 2859 uacet».
255 2830 280 2864 4,
291 2830 317 2859 4.
