2040 2996
446 135 654 163 PASSIONUM
672 135 726 162 BB.
744 134 886 162 IULIANI
905 135 950 162 ET
970 134 1154 162 SOCIORUM
1173 135 1255 163 EIUS
1275 137 1382 164 LIBER-
1400 137 1448 164 111.
1706 139 1765 170 107

484 223 553 255 Nec
577 234 652 266 spes
675 222 742 254 ulla
764 225 874 254 manet
897 221 990 253 nobis
1014 223 1194 265 praesentis
1218 224 1354 256 amoris:

486 275 560 307 Non
582 285 644 316 ego
666 277 700 306 te
721 274 796 306 novi
818 277 944 316 patrem
967 277 1023 305 aut
1045 274 1194 306 Mariena
1215 275 1388 307 maritum’.

123 338 148 360 c.
163 337 224 358 xw.
487 326 548 359 Ille
571 327 683 359 furens
706 326 820 358 rabida
841 329 887 365 ut,
911 326 1034 357 catulos
1058 326 1085 358 si
1107 326 1268 368 perderet,
1292 338 1378 367 ursa,

487 379 730 420 Auctoremque
753 378 944 410 dolicelsas
967 377 1044 409 hino
1068 382 1241 420 quaereret
1264 380 1339 412 inde

393 438 430 456 1⁹⁵
487 431 596 462 Anxia
618 441 678 473 per
698 440 811 472 rupes,
835 440 953 462 caveas
976 429 1113 471 tuffique
1136 434 1264 462 meatus

485 482 618 514 Perdita
641 492 701 513 ceu
722 481 814 513 furiis
837 491 959 513 exaesa
981 491 1041 524 per
1063 481 1149 513 invia
1172 492 1331 525 quaeque,

485 534 642 566 Volveret
664 533 843 566 obscenum
866 532 1029 575 replicans
1053 533 1250 566 creberrime
1274 535 1415 575 dorsum,

484 585 661 628 Praecipiti
685 595 782 617 cursu
805 584 1005 626 viridemque
1029 585 1154 617 subiret
1176 586 1328 628 agellum,

485 638 526 670 In
548 648 610 680 quo
633 637 751 669 semoti
772 647 877 679 nuper
897 636 939 668 de
961 639 1065 668 matre
1087 638 1210 669 novelli

389 697 427 716 2⁰⁰
485 690 571 732 Agni
594 692 783 732 pascentur,
807 699 888 731 quos
911 688 1013 720 effera
1035 689 1128 732 lapsa
1150 700 1209 731 per
1231 690 1322 732 alpes

485 742 631 774 Sentiret
653 741 759 773 subito
782 741 978 783 niveumque
1001 741 1170 773 invaderet
1194 752 1322 784 agmen,

483 793 646 825 Dentibus
670 796 704 825 et
726 793 842 824 laceris
865 792 1071 834 diffringeret
1094 802 1168 824 ossa
1191 794 1324 833 tenella,

484 846 660 878 Lamberet
682 848 779 887 atque
802 845 918 876 hausto
940 845 1064 887 pariter
1086 855 1144 887 pro
1169 846 1328 888 sanguine
1352 846 1507 886 membra,

485 897 611 929 Fauces
634 897 764 939 iamque
786 906 890 928 vorax
912 896 1036 928 satians
1060 896 1247 939 ventrisque
1271 897 1424 937 latebras,

389 957 427 976 2⁰⁵
485 949 596 981 Vitam
619 949 660 981 de
683 948 809 990 reliquo
833 948 946 990 paucis
970 951 1128 988 servaret,
1152 952 1188 981 ut
1211 948 1287 981 inde

484 999 551 1043 Spe
574 1000 639 1032 vivi
661 1000 761 1032 catuli
784 1000 816 1031 in
839 999 972 1042 praeda,
997 1000 1024 1031 si
1046 999 1130 1032 forte
1155 1001 1286 1042 reperti,

485 1051 607 1096 Utpote
630 1062 728 1094 quam
750 1052 840 1084 molli
862 1052 1043 1094 quivissent
1065 1051 1177 1084 ludere
1201 1053 1277 1084 lana
1299 1072 1340 1076 —

483 1104 581 1137 Haud
604 1114 725 1147 sequus
748 1103 800 1136 hic
822 1107 891 1136 toto
915 1114 1091 1136 concussus
1114 1104 1191 1137 felle
1213 1105 1359 1137 tirannus

484 1157 596 1189 Saevit
617 1156 650 1188 in
673 1156 798 1188 electos
821 1159 1034 1198 sanctumque
1057 1155 1180 1188 invadit
1202 1157 1296 1196 ovile,

387 1216 427 1236 21⁰
483 1208 623 1240 Nescius
645 1211 679 1240 et
700 1210 821 1240 metam
845 1206 1078 1239 moderaminis
1100 1207 1220 1240 addere
1244 1209 1346 1241 menti

483 1259 591 1292 Dente
614 1269 726 1291 amens
749 1258 860 1291 stricto
882 1259 1021 1302 primum
1045 1270 1080 1292 se
1104 1259 1239 1292 verbere
1263 1261 1363 1304 pugni

481 1312 631 1355 Appetiit
653 1321 735 1343 coxa
757 1314 791 1343 et
813 1310 921 1343 domui
944 1311 1084 1343 retinere
1108 1312 1272 1344 ministros

483 1364 628 1396 Uxorem
651 1363 778 1406 magnis
801 1362 960 1406 posthaec
984 1363 1180 1396 clamoribus
1203 1368 1329 1406 urguet.

481 1417 664 1448 Accurrunt
686 1425 804 1458 agnam
827 1414 950 1447 Christi
972 1415 1217 1458 comprendere,
1242 1416 1300 1448 sed
1322 1427 1399 1448 mox

386 1475 423 1495 ²¹⁵
482 1467 628 1500 Luminis
651 1467 763 1499 amissi
786 1467 946 1510 plangunt
968 1467 1140 1510 dispendia
1162 1469 1262 1502 caeci.

118 1526 142 1547 c.
157 1526 230 1548 xvn.
524 1519 664 1552 Insanus
686 1519 819 1562 praesul
841 1530 978 1552 cernens
1001 1519 1083 1552 haec
1107 1520 1216 1552 omnia
1238 1531 1349 1552 rursus

480 1571 606 1604 Includi
628 1571 708 1604 fecit
729 1574 859 1604 sanctos
882 1571 915 1603 in
938 1571 1078 1604 carceris
1101 1571 1176 1607 ima.

480 1623 733 1666 Insomnemque
757 1623 858 1656 miser
879 1626 1010 1655 noctem
1034 1624 1193 1666 transegit
1216 1626 1250 1656 et
1272 1634 1385 1656 amens

479 1675 583 1708 Filius
605 1674 810 1713 umbrarum;
833 1675 938 1718 prima
960 1675 1020 1708 sub
1044 1676 1116 1708 luce
1144 1675 1285 1708 tribunal

384 1735 423 1754 ²20
481 1726 714 1760 Conscendens
735 1726 871 1767 rabiem,
895 1737 994 1760 saevo
1018 1737 1114 1770 quam
1137 1731 1267 1770 pectore
1290 1731 1407 1765 versat,

482 1779 627 1822 Exponit
649 1779 838 1821 vinctosque
862 1779 954 1812 iubet
976 1778 1017 1811 de
1041 1789 1173 1812 carcere
1196 1779 1298 1811 reddi.

116 1845 237 1868 c.xvn1.
482 1831 668 1864 Procedant
690 1831 821 1863 alacres·
839 1834 1039 1874 pangentes:
1065 1830 1188 1863 ‘Gloria
1211 1830 1349 1864 Christo'

478 1883 569 1916 More
593 1882 800 1916 sacerdotum
823 1883 971 1915 sollemni
995 1894 1074 1915 voce
1098 1887 1284 1916 canentum.

477 1935 550 1968 Non
573 1935 647 1968 tulit
669 1934 730 1968 hoc
754 1935 858 1967 visum
881 1946 1017 1978 praeses
1040 1946 1101 1968 nec
1123 1935 1248 1968 distulit
1270 1936 1367 1973 iram;

381 1995 419 2015 2²⁵
479 1988 630 2030 Quinque
653 1987 712 2020 sed
734 1988 897 2030 exceptis:
922 1987 1085 2020 Iulianum
1108 1988 1410 2031 praesbiterumque

479 2039 673 2080 Antonium,
696 2042 832 2071 matrem
856 2039 956 2071 Celsii
979 2039 1188 2082 Celsiumque
1212 2039 1263 2071 vel
1286 2039 1387 2079 illum,

480 2091 584 2129 Quem
607 2091 689 2125 deus
711 2091 753 2124 ad
776 2092 875 2125 vitam
899 2091 1027 2125 devicta
1049 2096 1153 2124 morte
1177 2091 1317 2132 reduxit,

115 2198 186 2224 spem
198 2190 299 2224 penitus
316 2198 368 2215 non
379 2190 479 2216 habero.
509 2189 559 2215 Pro
571 2197 622 2222 qun
639 2197 667 2215 re
684 2197 731 2215 nee
742 2197 790 2222 ego
809 2193 834 2215 te
845 2189 954 2223 cognovi
968 2189 1039 2220 (novi
1052 2188 1087 2221 B)
1102 2192 1199 2222 patrem
1218 2197 1266 2214 nec
1280 2189 1330 2215 ists
1342 2191 1478 2217 maritum'.
1505 2193 1580 2218 Tunc
1598 2193 1634 2217 ira
1646 2193 1757 2226 repletus

117 2241 219 2266 pasees
235 2233 308 2258 iubet
324 2233 456 2258 mulierem
480 2232 660 2266 comprehendi
681 2236 707 2267 et
729 2233 797 2258 domi
818 2233 929 2259 retineri.
965 2233 1005 2257 Ad
1023 2241 1099 2265 quam
1117 2240 1176 2258 cum
1193 2233 1425 2266 appropinquarent
1444 2235 1552 2260 ministri
1570 2236 1684 2261 volentes
1701 2244 1757 2261 eam

116 2275 272 2308 contingere,
290 2275 352 2301 faeti
369 2280 431 2301 sunt
447 2275 509 2301 ceci.

218 2318 290 2344 Haec
306 2318 396 2343 videns
413 2318 562 2344 Marcianus
580 2322 684 2344 cecatus
701 2326 718 2344 a
735 2318 838 2344 diabolo
855 2319 927 2344 iubet
944 2327 1032 2344 omnes
1049 2318 1075 2343 in
1093 2318 1145 2343 ima
1162 2318 1269 2343 carceris
1286 2318 1390 2344 recludi.

217 2359 259 2386 52.
283 2360 342 2386 Alis
363 2361 404 2386 die
425 2361 516 2387 sedens
538 2370 584 2394 pro
606 2361 729 2387 tribunali
752 2361 824 2387 iubet
847 2362 938 2395 viginti
962 2361 1068 2391 milites,
1091 2361 1136 2393 qui
1160 2361 1187 2386 in
1208 2369 1290 2394 agone
1313 2362 1454 2393 certabant,
1479 2371 1524 2395 pro
1541 2363 1635 2388 Christi
1653 2363 1756 2388 nomine

116 2403 243 2434 decons-si,
261 2407 358 2437 septem
374 2412 436 2430 vero
452 2412 586 2437 germanos
603 2404 658 2438 igni
675 2405 741 2430 uadi
759 2405 893 2438 praecepit,
929 2404 1003 2436 Quod
1021 2412 1080 2429 cum
1098 2405 1192 2429 factum
1211 2403 1313 2434 suisset,
1338 2405 1487 2436 martyrium
1505 2413 1580 2430 suum
1598 2413 1756 2431 consumma-

115 2451 208 2474 verunt
230 2447 258 2472 in
280 2455 343 2480 poce
367 2445 438 2481 (enm
461 2448 555 2481 gaudio
579 2452 605 2473 et
626 2447 782 2473 exultatione
806 2451 941 2480 pergentes
963 2447 994 2472 sd
1018 2447 1148 2472 Christum
1171 2450 1215 2471 etc.
1238 2443 1287 2479 Ε).
1330 2446 1457 2472 Iulianum
1480 2455 1540 2473 vero
1563 2455 1622 2473 cum
1645 2448 1756 2474 Antonio

218 2593 268 2620 196
285 2592 359 2627 *eeu]
378 2602 426 2620 nec
442 2593 468 2619 P
568 2592 620 2619 225
637 2602 742 2626 qunque
760 2593 785 2618 Ρ
800 2602 867 2618 corr.
886 2593 1065 2618 Liehermavm.

219 2678 266 2705 191
286 2678 332 2712 cfr.
349 2678 375 2706 d.
393 2679 415 2712 f.
432 2687 455 2706 v.
473 2679 515 2707 50.
614 2679 664 2705 199
682 2679 772 2705 Anmt.
791 2678 814 2711 Ι,
834 2678 884 2704 118
902 2686 976 2712 agna
994 2677 1139 2704 novellu...
1243 2677 1294 2703 207
1315 2675 1359 2703 Ge.
1379 2675 1420 2710 II,
1440 2677 1492 2703 120
1509 2677 1587 2704 molli
1606 2697 1629 2704 ..
1641 2698 1663 2705 ..
1682 2677 1755 2704 lana.

114 2729 166 2756 218
181 2729 229 2763 cfr.
247 2730 314 2757 ΔΜ.
326 2730 383 2764 IX,
404 2731 454 2758 164
469 2739 508 2765 σᾳ.
525 2731 635 2758 noctem
654 2749 660 2757 .
671 2751 678 2758 .
689 2749 712 2758 ..
730 2730 809 2757 ducit
823 2731 828 2763 Ι
844 2730 1006 2757 insomnem.
1109 2730 1162 2756 220
1179 2729 1226 2761 cfr.
1244 2729 1311 2755 Aen.
1327 2728 1399 2762 XII,
1418 2729 1469 2756 888
1487 2737 1568 2756 saevo
1587 2729 1626 2756 sic
1645 2731 1755 2764 pectore

114 2779 190 2807 fatur
205 2783 230 2807 et
248 2780 272 2815 Ι,
292 2781 342 2808 657
362 2782 472 2816 pectore
491 2783 591 2810 versat.
694 2782 746 2809 223
768 2781 830 2809 Met.
851 2781 906 2815 XI,
925 2782 959 2807 20
977 2789 1043 2808 voce
1061 2779 1193 2807 canentis.
1299 2780 1349 2808 227
1366 2779 1413 2812 cfr.
1432 2780 1463 2805 in
1483 2779 1566 2807 ert.
1584 2782 1626 2808 35.

530 2835 535 2839 .
974 2843 978 2847 .
1501 2827 1552 2854 14*
