2040 2996
262 126 322 157 158
826 119 970 148 SEDULII
986 119 1114 147 SCOTTI
1131 117 1300 146 CARMINA
1318 117 1339 145 1.

1056 233 1119 255 vm.

623 291 760 333 Absque
784 290 983 333 gubernaclo
1008 288 1101 320 navis
1126 298 1187 320 ceu
1210 289 1304 319 nutat
1326 287 1359 318 in
1382 287 1458 328 alto,

670 342 842 374 Fluctibus
866 352 904 373 ac
927 340 1059 373 tumidis
1082 339 1230 371 tunditur
1252 339 1309 371 illa
1331 339 1455 370 nothis:

626 394 738 426 Gloria
761 394 806 425 sic
830 390 923 435 regni
946 392 1181 435 praeclaraque
1206 394 1336 433 sceptra
1358 390 1530 422 labascunt

671 446 710 477 In
733 455 932 488 pessumque
956 444 1077 476 cadunt
1099 443 1163 475 heu
1186 443 1258 475 sine
1282 443 1430 474 consilio.

556 507 565 524 ἰ
619 498 704 530 Nam
727 500 803 530 sunt
826 497 982 537 nonnulli,
1007 506 1142 538 quorum
1164 495 1200 527 fit
1222 495 1342 527 mellea
1363 494 1486 537 lingua⁷

671 549 807 592 Aspidis
831 559 869 581 ac
893 548 1010 580 subtus
1033 550 1118 580 tetra
1141 557 1270 579 venena
1291 546 1410 584 latent;

625 602 689 638 Qui
712 601 890 633 delenificis
913 599 1115 643 persuadent
1138 598 1248 630 omnia
1270 598 1389 638 verbis,

672 654 817 691 Quorum
840 663 947 685 sermo
971 651 1088 694 strepit
1111 650 1249 683 subdola
1271 661 1334 683 ceu
1354 650 1466 683 fovea:

624 707 750 739 Horum
773 705 907 738 consilio
931 715 985 736 res
1009 703 1142 747 publica
1164 703 1247 735 fulta
1268 702 1407 742 videtur,

545 767 570 786 1⁰
677 758 759 790 Oum
783 757 953 790 submersa
974 758 1048 788 ruat
1070 766 1089 787 ο
1112 754 1301 787 miseranda
1322 755 1430 787 nimis.

626 811 677 843 Ob
700 811 761 842 hoc
786 809 913 842 consilii
937 808 1148 851 praedulcem
1171 817 1306 850 carpere
1328 807 1456 839 botrum

671 862 742 894 Iam
766 861 870 901 decet,
895 861 1064 892 excelsum
1088 859 1143 903 qui
1165 862 1258 892 tenet
1279 859 1464 902 imperium.

624 914 793 947 Dorcades
816 916 852 945 ut
875 912 968 955 vigili
990 912 1110 944 montis
1135 911 1175 944 de
1198 911 1320 943 vertice
1343 911 1425 952 visu,

672 966 744 1003 Quo
770 965 834 997 cito
858 964 1087 1006 transfugiant,
1112 966 1231 996 cuncta
1252 963 1376 1006 pericla
1398 965 1527 994 notant:

544 1026 567 1045 1⁵
626 1018 681 1050 Sic
705 1018 845 1050 adversa
868 1019 963 1048 cavet
986 1016 1148 1058 speculari
1171 1015 1293 1047 lumine
1316 1015 1435 1047 mentis

671 1070 750 1102 Dux
772 1070 878 1102 bonus
901 1072 971 1101 arte
995 1069 1082 1100 bona
1105 1068 1315 1110 consiliisque
1338 1067 1459 1110 probis.

626 1122 695 1154 Ceu
718 1121 931 1163 margaritum
954 1120 1077 1152 bibulis
1099 1119 1292 1163 praenobile
1316 1119 1458 1159 conchis,

673 1172 842 1211 Quomodo
866 1172 1019 1204 dulcifluo
1042 1172 1107 1204 mel
1130 1171 1316 1214 legiturque
1340 1171 1429 1203 favo:

626 1226 680 1258 Sic
704 1229 737 1258 et
761 1225 939 1258 amicorum
963 1234 1046 1267 puro
1070 1224 1111 1256 de
1135 1223 1226 1256 fonte
1249 1223 1436 1266 legendum,

542 1285 567 1304 2⁰
675 1277 769 1314 Quod
793 1276 889 1309 decet
912 1278 946 1308 et
967 1275 1112 1319 prodest,
1134 1275 1216 1306 utile
1240 1274 1421 1306 consilium.

625 1329 734 1361 Verus
758 1328 922 1361 amicitiae
946 1330 1056 1359 custos
1080 1326 1151 1359 sine
1174 1326 1250 1358 felle
1273 1326 1438 1369 probatur,

672 1381 733 1413 Oui
757 1381 866 1423 placet
889 1390 985 1412 omne
1008 1379 1142 1419 bonum,
1166 1378 1318 1421 displicet
1341 1381 1440 1420 atque
1463 1377 1601 1409 malum:

627 1433 698 1465 ‘Est
722 1431 783 1465 est’
807 1432 862 1475 qui
885 1441 961 1464 vere
986 1441 1046 1463 seu
1069 1431 1145 1463 ‘non
1168 1429 1244 1462 non'
1268 1429 1379 1462 dicere
1402 1429 1499 1470 norit,

674 1485 735 1517 Cui
759 1496 813 1517 cor
836 1487 1001 1517 secretum
1024 1485 1183 1515 consonat
1206 1493 1307 1525 osque
1330 1482 1431 1525 pium,

543 1544 567 1563 2⁵
626 1537 692 1570 Olli
714 1537 807 1568 firma
829 1536 911 1568 fides
934 1536 1002 1568 vita
1024 1535 1060 1567 fit
1083 1534 1187 1567 carior
1210 1535 1292 1577 ipsa,

672 1588 787 1620 Nescit
809 1587 1030 1620 harundineas
1054 1590 1169 1619 texere
1193 1589 1303 1618 mente
1328 1586 1490 1629 strophas,

625 1642 700 1674 Non
723 1641 813 1673 illum
838 1643 953 1673 nutare
976 1640 1055 1672 facit
1078 1640 1278 1683 clangorque
1300 1639 1453 1671 tubarum
1476 1657 1518 1662 -—

674 1693 828 1725 Anchora
850 1704 926 1725 nam
949 1692 1075 1724 stabilis
1100 1691 1198 1724 corde
1221 1694 1333 1724 manet
1355 1690 1430 1722 fidei
1454 1709 1505 1731 —7

626 1747 741 1779 Talem
764 1756 894 1788 nonque
918 1755 1032 1787 gazae,
1055 1755 1119 1776 non
1142 1744 1213 1777 auri
1235 1743 1383 1787 pondera
1405 1746 1524 1775 norunt

546 1806 571 1826 ³0
677 1798 808 1830 Fallere
830 1808 892 1830 nec
915 1798 1006 1830 laesa
1028 1797 1064 1829 fit
1087 1797 1233 1840 pretiosa
1255 1795 1348 1828 fides.

1070 1918 1111 1940 xx.

370 1976 577 2019 <Tam>quam
590 1975 809 2018 praecipitans
825 1973 921 2005 turbo
934 1975 1089 2015 regentes
1198 1971 1277 2004 Mox
1300 1971 1432 2015 plumbo
1455 1972 1576 2005 similes
1599 1973 1709 2006 viliter
1733 1973 1867 2006 horrent

368 2029 537 2061 Subvertit
559 2028 692 2060 nimium
716 2026 811 2069 copia
833 2035 952 2058 rerum.
1196 2024 1250 2065 Et,
1274 2024 1329 2066 qui
1351 2024 1426 2056 vitis
1449 2027 1543 2057 erant
1565 2025 1668 2057 ubere
1691 2026 1781 2066 laeti,

368 2081 433 2118 Qui
450 2081 656 2124 primumque
673 2079 751 2111 boni
765 2078 912 2120 regmine
929 2077 1062 2116 clarent,
1195 2076 1384 2118 Agl-escunt
1406 2077 1509 2108 veluti
1532 2080 1642 2119 spreta
1663 2077 1831 2109 labrusca:

367 2133 466 2165 Fiunt
490 2142 590 2175 saepe
613 2131 689 2163 mali
712 2130 777 2163 fine
801 2129 953 2173 profan0;
1196 2128 1371 2160 Incautum
1391 2127 1556 2160 dominum
1579 2131 1689 2161 mente
1713 2129 1886 2172 strophosa

303 2193 314 2211 5
369 2185 479 2217 Sacris
502 2185 557 2227 qui
580 2184 710 2216 fuerant
732 2181 876 2214 moribus
900 2191 1025 2221 aurum,
1119 2187 1144 2206 1⁰
1198 2179 1330 2212 Fallunt
1352 2180 1543 2223 praecupidi
1567 2181 1614 2212 sic
1637 2184 1671 2213 et
1693 2182 1799 2214 amici.

365 2314 440 2348 [vnn]
465 2314 479 2340 1
503 2315 595 2348 Abque
613 2315 638 2340 P
653 2323 719 2340 corr.
740 2313 828 2338 Maius
885 2311 1078 2345 *gubernaculo
1094 2311 1120 2336 P
1211 2310 1228 2336 3
1252 2311 1321 2343 quod
1339 2310 1365 2335 P
1386 2319 1453 2345 corr.
1472 2311 1560 2336 Maius
1656 2311 1672 2337 6
1694 2312 1790 2337 iuuena
1808 2311 1834 2337 P
1858 2311 1919 2346 (ψ.

261 2358 335 2389 infra
352 2358 386 2382 ΙΙ
405 2363 458 2383 ΧΗ
476 2357 521 2391 12)
539 2367 606 2384 corr.
622 2356 712 2383 Maius
762 2357 858 2382 lactent
868 2355 894 2380 P
907 2363 973 2381 corr.
983 2355 1073 2380 Maius
1153 2353 1187 2380 10
1197 2358 1254 2387 poet
1266 2353 1298 2379 11
1310 2354 1336 2379 P
1345 2355 1504 2387 trampus-ait
1513 2355 1662 2381 Duemmler
1743 2355 1776 2382 13
1788 2354 1918 2388 montis]m

261 2409 292 2425 exc
309 2410 376 2426 corr.
395 2401 420 2425 P
508 2401 541 2427 15
563 2405 657 2427 canent
669 2400 695 2425 P
717 2409 783 2426 corr.
802 2399 891 2424 Maiae
984 2397 1018 2423 23
1041 2396 1093 2423 *απ
1114 2392 1211 2423 novit‘?
1303 2396 1337 2422 26
1358 2399 1450 2423 strofas
1473 2406 1572 2431 semper
1584 2398 1610 2423 P
1700 2397 1734 2424 29
1756 2397 1883 2432 *namque
1896 2399 1923 2424 P

262 2452 314 2468 non
327 2443 415 2468 Maius
495 2443 530 2469 30
541 2443 590 2470 *ne
600 2444 626 2469 P
669 2443 718 2469 *sit
727 2443 752 2469 P
798 2442 911 2476 preciosa
923 2450 1022 2474 semper
1031 2441 1056 2466 P
1169 2439 1227 2474 [lx.]
1242 2440 1257 2466 1
1270 2439 1371 2472 *Quam
1381 2440 1407 2466 P
1450 2442 1525 2467 turba
1536 2450 1603 2467 corr.
1615 2441 1640 2467 P
1717 2441 1734 2467 3
1745 2441 1886 2476 *regimine
1896 2442 1922 2467 P

367 2519 440 2553 [vnn]
458 2520 475 2546 2
492 2519 559 2546 Aen.
578 2520 607 2554 V,
621 2521 671 2548 125
690 2520 765 2554 quod
783 2518 900 2546 tumidis
918 2518 1090 2545 submersum
1109 2517 1240 2543 tunditur
1258 2516 1324 2543 olim
1341 2517 1345 2549 Ι
1361 2516 1500 2544 fluctibns.
1579 2519 1596 2545 5
1613 2526 1650 2552 sq.
1666 2518 1727 2545 Am.
1743 2518 1768 2552 Ι,
1779 2519 1804 2553 8,
1819 2519 1870 2546 103
1881 2526 1918 2552 sq·

263 2570 372 2604 Lingua
390 2571 468 2597 iuvet
486 2573 663 2606 mentemque
681 2573 761 2606 tegat
777 2581 782 2598 :
799 2570 928 2598 blandire
946 2578 1083 2603 noceque;
1099 2570 1103 2604 Ι
1119 2569 1207 2603 impin
1220 2569 1270 2595 sub
1284 2569 1359 2596 dulci
1373 2569 1455 2596 melle
1468 2578 1576 2596 venena
1588 2570 1687 2597 latent.
1777 2571 1810 2597 13
1829 2570 1918 2598 Sodtd.

263 2622 329 2655 αηιῑ.
353 2622 384 2647 in
403 2622 491 2655 praef.
509 2622 663 2657 Hoercmym.
681 2631 703 2650 c.
722 2624 754 2649 31
773 2622 857 2656 spicil.
878 2622 955 2649 Rom,
974 2621 1011 2648 ed.
1031 2621 1102 2649 Mai.
1116 2629 1145 2655 p.
1160 2621 1194 2648 34
1212 2621 1341 2655 capreoli
1365 2621 1469 2648 etenim
1492 2621 1660 2656 pernicitate
1683 2622 1787 2656 pedum
1805 2622 1920 2657 insuper

264 2674 293 2699 et
315 2673 437 2699 hostium
456 2673 571 2700 insidias
589 2675 713 2701 cominus
735 2674 930 2709 praevidentes
949 2682 999 2708 per
1017 2673 1158 2700 anfi-actus
1176 2673 1313 2700 mentium
1332 2673 1472 2708 sagaciter
1489 2673 1631 2701 declinare
1649 2674 1740 2701 solent
1759 2694 1837 2701 .....
1873 2673 1919 2700 Sic

264 2725 361 2751 sancta
380 2725 496 2751 ecclesia
514 2726 623 2752 mundis
642 2727 684 2753 sui
701 2727 790 2754 cordis
803 2726 890 2754 oculis
903 2734 976 2760 quae
988 2726 1099 2760 agenda
1111 2725 1169 2752 sint
1181 2733 1309 2759 quaeque
1321 2725 1438 2752 vitanda
1451 2725 1592 2753 discernit.
1680 2725 1714 2752 27
1732 2725 1799 2752 Aen.
1813 2725 1854 2759 II,
1866 2725 1918 2752 313

263 2776 433 2810 clangorque
453 2777 592 2804 tubarum.
679 2779 714 2805 29
732 2779 799 2805 Aen.
820 2779 858 2812 X,
872 2779 921 2805 527
941 2778 1001 2805 auri
1020 2778 1145 2812 pondera
1163 2777 1239 2805 facti.
