2060 3074
255 174 316 203 560
908 171 1060 198 MILONIS
1078 171 1254 198 CARMINA.

356 259 386 289 3.
409 257 526 289 Poema
549 257 586 289 de
607 257 782 295 sobrietate,
805 267 877 288 cum
894 259 1026 297 propter
1049 257 1225 297 acquisitas
1240 257 1402 288 doctrinae
1424 258 1551 297 copias¹
1568 269 1629 298 per
1643 258 1782 290 medium
1797 269 1907 291 aevum

254 309 397 340 studiose
420 308 645 346 lectitaretur2,
668 319 732 340 non
753 308 854 340 solum
869 308 1035 340 interitum
1053 308 1152 350 fuoit,
1175 309 1230 340 sed
1243 319 1306 348 per
1319 309 1513 349 exemplaria
1529 309 1631 349 plura
1644 309 1734 342 solito
1749 313 1907 342 servatum

254 363 299 391 est
308 360 330 392 ³.
375 360 519 392 Eoestant
541 360 660 392 codices
681 360 733 391 hi:

351 412 419 453 (A)
450 411 702 443 Valentianensis
717 413 781 442 414
803 422 884 443 saec.
901 411 967 450 IX,
990 421 1082 451 quem
1103 421 1203 451 supra
1223 412 1386 452 descripsi,
1410 412 1466 452 qui
1481 412 1601 444 exhibet
1617 413 1779 445 Hucbaldi
1800 424 1909 446 versus

255 465 298 495 ad
320 465 480 496 Karolum
499 464 558 506 fol.
578 465 628 503 59,
657 464 794 496 Milonis
816 465 859 496 ad
881 465 1013 496 eundem
1034 464 1088 504 fol.
1107 466 1157 503 60,
1185 465 1254 496 eius
1276 475 1404 497 carmen
1428 466 1465 496 de
1486 465 1652 497 sobrietate
1672 465 1725 505 fol.
1743 466 1909 504 62—106,

357 516 421 557 (E)
444 516 699 549 Valentianensis
713 516 777 547 415
800 527 880 549 saec.
899 516 942 555 X,
965 516 1002 548 in
1023 526 1084 556 quo
1103 517 1266 557 praecedit
1284 516 1458 556 Conslictus
1476 517 1558 549 veris
1580 520 1609 549 et
1623 517 1743 556 hiemis,
1765 517 1910 558 sequitur

256 578 384 599 carmen
406 568 444 599 de
466 568 670 607 sobrietate⁴‚·

357 619 418 659 (L)
451 619 618 651 Leidensis
645 618 844 651 bibliothecae
873 619 1094 651 universitatis
1117 620 1179 650 190
1209 620 1348 660 scriptus
1373 619 1498 651 saeculo
1521 619 1589 658 XI,
1619 619 1656 651 in
1683 630 1746 660 quo
1774 619 1910 653 habetur

255 681 382 702 carmen
405 672 442 702 (le
464 672 630 703 sobrietate
644 681 709 703 non
724 672 844 711 paucis
860 671 936 703 locis
951 671 1150 703 decurtatum
1173 672 1307 712 (adsunt
1321 682 1431 703 versus
1452 671 1476 703 I
1487 671 1644 703 953—11
1655 671 1706 710 69,
1729 673 1909 711 106—141‚

254 722 436 760 250—293,
459 724 670 755 467—1196:
692 734 774 763 quae
789 726 904 755 ceteros
919 723 1103 755 exhibebant
1116 723 1197 763 folia
1212 724 1318 755 excisa
1333 724 1425 764 sunt)
1439 723 1494 763 fol.
1512 724 1627 761 1—33,
1646 723 1749 764 imaqo
1763 724 1910 756 monachi

255 776 329 805 ante
351 774 529 806 aediculam
552 775 675 806 orantis
702 786 773 807 cum
801 775 857 807 hoc
884 774 976 806 titulo
999 775 1106 807 Poeta
1137 775 1259 817 gratias
1290 775 1359 817 agit
1390 775 1453 806 deo
1480 785 1539 818 pro
1568 775 1700 817 expleto
1727 785 1827 818 opere
1850 786 1909 808 suo

254 824 308 864 fol.
324 827 393 863 33',
424 826 532 858 Bedae
560 837 686 858 carmen
713 827 751 858 de
779 827 830 858 die
858 827 974 858 iudicii
998 826 1058 868 fol.
1081 828 1219 866 34—37,
1249 826 1424 866 Praecepta
1453 826 1578 858 vivendi
1604 837 1631 858 v.
1653 828 1780 858 1—160
1806 827 1908 868 (Poet.

255 877 325 908 aevi
345 876 489 909 Carolini
510 878 535 910 I
544 878 625 918 275)
645 878 700 918 fol.
717 880 760 910 37
766 880 872 909 0—41
879 884 900 917 ⁰,
925 878 1026 912 Scotti
1048 879 1216 910 cuiusdam
1238 889 1347 910 versus
1369 878 1406 910 de
1428 877 1591 918 alphabeto
1612 889 1639 909 v.
1657 878 1786 910 55-63
1807 878 1910 920 (Poet.

255 928 309 959 lat.
338 929 451 961 minor.
482 930 527 962 ed.
557 930 724 973 Baehrens
752 930 875 962 V378:
903 932 979 962 ante
1006 929 1108 963 Seotti
1137 941 1246 962 versus
1277 940 1379 962 unum
1402 929 1522 972 folium
1552 930 1730 972 intercidit)
1757 933 1787 962 et
1815 930 1912 964 Silvis

254 990 363 1012 versus
384 981 422 1013 de
443 981 612 1014 salvatoris
634 982 842 1022 coynomentis
871 981 1017 1023 (Anthol.
1043 981 1099 1014 lat.
1122 982 1169 1014 ed.
1194 982 1288 1014 Riese
1311 993 1336 1014 c.
1354 982 1454 1023 6892)
1472 981 1533 1023 fol.
1549 982 1602 1020 42,
1633 981 1809 1021 Conflictus
1829 983 1912 1015 veris

255 1034 284 1062 et
306 1031 418 1064 hiemis
439 1044 467 1066 v.
484 1034 591 1065 1—39
613 1033 716 1075 (Poet.
739 1034 810 1066 aevi
835 1033 981 1067 Carolini
1002 1033 1027 1066 Ι
1037 1034 1118 1076 270)
1136 1033 1196 1076 fol.
1212 1035 1371 1072 42—440;

363 1153 388 1184 l)
407 1153 539 1179 Animum
556 1153 705 1180 induoeerat
724 1150 795 1179 Milo
819 1161 879 1179 cum
896 1154 1015 1180 aliamm
1032 1154 1161 1180 irirtutum
1179 1153 1298 1187 eoeempla
1317 1155 1374 1179 tum
1391 1152 1540 1179 sobrietatis
1558 1160 1572 1179 e
1590 1159 1668 1179 saera
1684 1152 1821 1187 scriptura
1837 1153 1911 1180 cous·-

253 1211 311 1236 yere
333 1206 447 1237 apteque
471 1204 572 1238 digesta
596 1205 736 1239 tripliciter
760 1213 904 1238 enarrare,
928 1213 963 1232 sc.
981 1205 1105 1232 historice
1122 1205 1209 1239 typice
1234 1204 1369 1231 moraliter
1390 1204 1450 1237 (cfr.
1469 1203 1505 1230 ad
1523 1204 1620 1238 1153).
1655 1203 1708 1230 Sed
1729 1206 1823 1230 utrum
1844 1212 1912 1238 opus

254 1254 394 1287 reliquerit
407 1255 555 1288 perfectum
573 1264 626 1290 an,
650 1256 675 1282 si
693 1257 823 1290 licuisset,
851 1255 1052 1290 emendaturus,
1077 1257 1139 1283 iure
1161 1255 1257 1290 quaeri
1275 1258 1372 1289 potest.
1409 1255 1447 1281 In
1471 1255 1702 1289 interpretationis
1719 1263 1830 1282 munere
1846 1263 1913 1290 quos

255 1306 310 1339 ipse
337 1307 503 1334 adhibuisset
530 1308 670 1335 bibliorum
700 1308 904 1338 commentarios
929 1308 1081 1343 alleyorieos
1106 1309 1232 1343 (patrum
1260 1307 1429 1334 documenta
1457 1307 1478 1333 I
1490 1309 1533 1340 39,
1561 1306 1670 1340 H695;
1695 1309 1795 1334 metum
1819 1315 1912 1334 sacrae

254 1358 404 1391 scripturae
422 1359 511 1386 eadem
528 1360 604 1386 verba
622 1360 775 1393 sionificant
789 1361 882 1393 praef.
894 1364 935 1394 23,
955 1360 992 1387 ΙΙ
999 1363 1057 1394 552,
1070 1362 1145 1394 854),
1162 1368 1237 1394 saepe
1254 1359 1319 1386 mani
1336 1367 1393 1386 non
1409 1359 1524 1393 corttiffi't,
1542 1361 1574 1385 ut
1590 1359 1751 1392 invenirem;
1769 1359 1823 1392 ubi,
1840 1359 1913 1393 quod

255 1418 342 1436 unum
357 1411 449 1445 potui,
471 1412 644 1446 propinquas
661 1412 806 1438 serdentias
823 1420 855 1439 ex
872 1412 1046 1446 scriptor-anas
1063 1412 1243 1439 ecclesiasticis
1261 1411 1414 1445 subnotavi,
1432 1413 1464 1437 ut
1478 1413 1586 1444 poetam
1602 1418 1661 1437 non
1678 1410 1710 1437 de
1726 1418 1776 1437 suo
1793 1410 1913 1437 hausisse

257 1465 401 1495 appareret
407 1473 417 1496 ;
442 1466 523 1497 atque
541 1463 606 1490 adeo
625 1471 681 1490 non
698 1471 763 1490 raro
782 1463 888 1491 Pseudo
895 1464 1062 1490 -Melitonem
1080 1466 1104 1490 et
1122 1463 1258 1490 Isidorum
1279 1463 1315 1489 iis
1332 1462 1395 1489 locis
1413 1461 1535 1496 afflu'bui,
1558 1462 1656 1495 quibas
1673 1462 1806 1488 Milonem
1822 1469 1913 1489 eorum

256 1514 345 1546 fontes
363 1514 484 1541 libavisse
502 1515 556 1541 veri
573 1515 658 1542 simile
676 1518 742 1549 erat,
762 1516 828 1549 quia
846 1515 892 1542 isti
909 1515 1095 1549 compilatores
1111 1514 1262 1542 necessaria
1280 1513 1402 1540 &ebibere
1420 1513 1580 1540 videbantur
1597 1513 1707 1540 breviter
1718 1514 1913 1540 aestimarim

256 1568 382 1593 narrata.
418 1566 569 1593 Bibliorum
593 1567 662 1593 locos
685 1567 826 1601 plerosque
849 1567 1023 1601 Desplanque
1044 1566 1155 1594 editioni
1178 1574 1244 1592 suae
1269 1565 1462 1599 subscripserat
1487 1573 1589 1599 maqna
1614 1572 1675 1592 eum
1700 1572 1767 1591 eumz
1788 1565 1912 1598 onumen,

254 1624 361 1650 paucos
383 1624 416 1643 ex
439 1617 545 1644 Isidoro
570 1620 595 1644 et
613 1618 754 1645 Ambrosio
777 1618 941 1644 indicaverat
965 1617 1074 1644 Desilve
1096 1618 1113 1644 l.
1128 1625 1149 1644 c.
1171 1625 1237 1652 paq.
1250 1620 1291 1650 89,
1314 1616 1361 1650 qui
1383 1616 1412 1642 id
1437 1619 1505 1643 recte
1527 1616 1632 1643 videtur
1653 1617 1776 1643 statuisse
1797 1616 1914 1652 Riyclio-

257 1668 378 1695 machiae
398 1669 601 1695 Prudentianae
619 1670 725 1696 hctume
741 1670 871 1696 Milonem
889 1669 1037 1695 adductum
1055 1669 1148 1702 fnisse,
1166 1671 1198 1695 ut
1215 1668 1331 1695 oersibus
1347 1668 1523 1695 conscriberet
1541 1668 1573 1695 de
1589 1668 1731 1695 sobrietate.
1801 1668 1829 1701 2)
1848 1667 1915 1694 Inde

256 1720 361 1752 factum
385 1723 434 1754 est,
457 1723 489 1747 ut
511 1721 617 1747 codices
636 1721 759 1755 plerique
780 1721 1011 1747 adnotatiunculis
1034 1721 1106 1747 inter
1129 1727 1219 1746 versus
1241 1722 1266 1746 et
1289 1719 1327 1746 ad
1350 1719 1483 1753 maryines
1500 1719 1598 1753 positis
1615 1721 1749 1746 scateant.-
1770 1727 1838 1753 quae
1854 1727 1914 1746 cum

258 1772 364 1798 Milone
380 1773 527 1799 recentiora
544 1780 598 1799 esse
616 1772 761 1799 videantur
783 1781 868 1806 neque
890 1775 944 1799 tam
964 1773 1023 1799 eius
1041 1773 1215 1799 obscuritates
1232 1772 1366 1799 illustrent
1388 1780 1470 1806 quam
1493 1771 1596 1799 subesse
1617 1772 1780 1806 sionfficent,
1803 1771 1915 1798 editioni

257 1831 313 1849 non
330 1824 476 1858 subscribo,
499 1824 558 1858 sed,
579 1827 612 1851 ut
630 1825 684 1851 sint
701 1825 844 1858 specimina
863 1825 963 1851 indolis
981 1833 1087 1858 eorum,
1110 1824 1154 1851 hic
1171 1824 1203 1850 in
1221 1827 1384 1857 transcursu
1403 1831 1436 1850 ecc
1453 1823 1539 1850 codice
1556 1824 1583 1850 A
1607 1824 1732 1857 (quocum
1751 1823 1915 1857 plerumque

256 1875 323 1908 facit
347 1876 427 1902 etiam
445 1876 476 1902 E
490 1878 514 1902 et
533 1875 571 1910 L)
593 1876 658 1902 haec
680 1876 780 1909 affero.-
804 1876 840 1902 ad
862 1885 884 1903 v.
897 1881 914 1903 4
937 1876 1076 1903 Huebaldi
1098 1876 1137 1903 ad
1163 1876 1259 1903 Karol.
1277 1875 1386 1903 Allusio
1409 1876 1523 1910 poetae,
1548 1875 1594 1902 17
1613 1876 1681 1902 nota
1705 1875 1781 1910 quod
1803 1874 1914 1902 Choba!-

257 1927 408 1953 secundum
436 1927 571 1961 quosdam
598 1927 659 1962 ipse
686 1928 724 1955 sit
747 1928 853 1962 Tigris,
880 1931 914 1955 82
935 1928 1076 1962 robustus]
1101 1927 1237 1959 Nemi-od,
1267 1932 1311 1955 151
1329 1929 1410 1954 nota:
1438 1927 1582 1962 gibbernzi]
1607 1927 1728 1954 camelus
1751 1928 1795 1954 est
1816 1927 1913 1958 bonus.

257 1983 302 2005 161
321 1980 387 2005 nota
407 1987 560 2013 usquequo,
580 1982 631 2006 258
650 1981 718 2006 nota.
736 1988 822 2014 quare
841 1980 951 2015 Moyses
970 1981 1106 2015 populum
1126 1981 1218 2007 cinere
1238 1980 1319 2007 vituli
1339 1980 1489 2008 conflatilis
1507 1981 1537 2007 et
1555 1979 1668 2007 contriti
1688 1979 1838 2014 potaverit,
1854 1981 1915 2012 cet.;

256 2038 288 2056 ex
303 2031 333 2056 Ε
351 2032 467 2064 (praeter
492 2031 730 2059 adnotatumcidas
754 2040 814 2058 cum
826 2033 852 2058 A
871 2034 1031 2066 eornmunes)
1050 2033 1138 2060 Hucb.
1158 2033 1196 2059 ad
1208 2032 1304 2059 Karol.
1320 2035 1353 2059 24
1377 2032 1528 2067 pandectes
1548 2031 1643 2059 omnia
1669 2030 1912 2066 comprehendens,

256 2082 321 2107 ibid.
335 2085 369 2109 53
386 2082 497 2109 ailensis
515 2083 578 2116 (cfr.
598 2083 631 2110 G.
644 2083 754 2110 Sehuzze
774 2083 975 2118 Orthoyraphic.
990 2092 1055 2118 pay.
1072 2083 1140 2117 XI),
1154 2083 1248 2117 praef.
1262 2086 1293 2110 12
1310 2083 1454 2117 rithmum]
1474 2082 1702 2114 consonantiam,
1726 2082 1790 2109 132
1806 2082 1911 2116 trenes]

257 2134 488 2167 lamentationes,
511 2137 575 2169 eet.‚·
593 2143 625 2162 ea:
642 2135 669 2162 L
686 2135 754 2169 (nisi
771 2135 929 2170 ubicumque
945 2136 1074 2162 consentit
1093 2143 1154 2162 cum
1172 2136 1200 2162 A
1217 2138 1242 2162 et
1260 2135 1299 2170 E)
1317 2135 1381 2162 117
1397 2135 1459 2162 fons
1477 2134 1606 2170 signatus
1623 2134 1724 2168 aquae]
1743 2133 1850 2160 ventris
1867 2133 1913 2160 dei

256 2185 350 2218 gratia
367 2186 519 2220 sigillatus,
537 2186 600 2213 ibid.
620 2187 770 2221 purissima
782 2187 863 2221 vena]
882 2187 993 2222 integra
1008 2187 1164 2221 virginitas,
1186 2190 1220 2214 23
1238 2187 1269 2213 in
1287 2187 1344 2214 imo
1362 2187 1415 2221 est]
1435 2186 1502 2221 quis.
1519 2195 1575 2214 non
1595 2187 1690 2221 potest
1707 2194 1768 2212 eam
1787 2185 1913 2212 exaltare

257 2237 329 2263 sicut
347 2237 465 2271 dignum
490 2239 546 2271 est,
572 2242 619 2265 116
638 2238 760 2274 pellitia]
784 2239 819 2265 de
838 2238 959 2273 pellibus
983 2239 1067 2271 faeta,
1093 2241 1139 2266 135
1156 2247 1213 2265 non
1238 2238 1341 2265 hedum
1359 2238 1389 2265 in
1407 2238 1482 2265 lacte
1500 2237 1687 2272 coquendum]
1712 2237 1730 2264 i.
1749 2245 1805 2264 non
1823 2236 1912 2263 filium

256 2288 300 2315 dei
326 2289 355 2315 in
381 2289 506 2316 infancia
530 2298 588 2316 esse
612 2289 807 2322 occidendum,
833 2293 894 2324 cet.,·
918 2290 948 2316 in
971 2290 1060 2317 codice
1077 2290 1263 2324 Bmaeellensi,
1287 2290 1334 2324 qui
1357 2289 1574 2316 commentarium
1597 2291 1629 2314 ut
1653 2288 1735 2315 aiunt
1753 2290 1913 2322 perpetuum

255 2341 363 2375 eat-hibet,
382 2342 522 2368 wordiam
540 2345 576 2369 est
596 2343 659 2369 hoc:
678 2343 833 2370 notandum
853 2343 928 2376 quod
947 2343 977 2369 in
996 2342 1136 2377 principio
1155 2342 1238 2369 huius
1256 2342 1321 2369 libri
1340 2342 1414 2369 sieut
1431 2342 1461 2369 et
1478 2340 1630 2368 cuiuslibet
1647 2339 1764 2366 alterius
1781 2347 1829 2366 sex
1847 2340 1914 2379 sunt

257 2393 424 2426 inquirenda
441 2394 504 2427 (cfr.
524 2394 558 2420 P.
571 2394 663 2428 Meyer
677 2394 817 2421 Romania
836 2395 915 2422 VIII
921 2397 990 2422 1879
1004 2403 1067 2429 paq.
1079 2397 1155 2429 3279.-
1179 2403 1263 2422 causa
1281 2394 1435 2421 materialis
1453 2393 1512 2420 sive
1530 2392 1687 2419 subiectum
1706 2393 1749 2418 ost
1766 2391 1911 2422 sobrietas,

257 2453 320 2470 nam
341 2445 370 2471 in
390 2446 451 2472 toto
470 2446 542 2472 libro
561 2446 767 2474 determinatur
785 2447 820 2474 de
838 2447 1004 2478 sobrietate3
1029 2456 1113 2474 eausa
1131 2447 1256 2474 formalis
1274 2447 1318 2473 est
1336 2445 1434 2472 modus
1453 2444 1636 2479 procedendi,
1655 2443 1702 2478 qni
1722 2444 1766 2470 est
1782 2442 1912 2470 metricus

256 2498 285 2521 et
303 2496 429 2529 poeticus
435 2507 442 2529 3
461 2506 545 2524 causa
564 2498 686 2525 efficiens
705 2499 760 2525 suit
773 2499 850 2531 Milo,
869 2499 918 2533 qui
937 2499 974 2526 ob
992 2499 1121 2526 auditum
1139 2499 1222 2526 istius
1240 2497 1340 2533 psalmi
1354 2499 1447 2532 ‘super
1458 2496 1573 2524 fluvium
1587 2496 1648 2523 etc.'
1661 2494 1819 2530 composuit
1836 2495 1912 2522 hunc

257 2547 371 2579 librum;
396 2557 480 2575 causa.
498 2550 590 2576 finalis
609 2552 652 2577 est
670 2559 837 2585 cognoscere
855 2551 1035 2578 sobrietatem
1055 2553 1084 2586 et
1106 2553 1140 2577 ut
1163 2550 1305 2577 mediante
1330 2557 1363 2576 ea
1386 2548 1531 2583 pervenire
1549 2548 1692 2574 valeamus
1709 2547 1746 2574 sd
1763 2546 1910 2577 melachim

256 2599 425 2633 subponitur
443 2601 512 2628 haee
531 2602 649 2628 seientia
668 2602 803 2629 scientiae
815 2603 923 2635 morali,
942 2611 1007 2629 nam
1021 2602 1162 2629 mediante
1175 2611 1208 2629 ea
1226 2610 1371 2637 possumus
1389 2600 1520 2635 pulchros
1532 2607 1621 2626 mores
1634 2598 1776 2634 possidere
1789 2619 1796 2626 .
1809 2598 1912 2624 titulus

256 2652 309 2676 est:
330 2654 484 2684 sequuntur
503 2653 586 2680 utilia
604 2654 663 2680 tela
674 2657 719 2681 etc.
753 2653 862 2681 Versum
881 2654 918 2680 ΙΙ
929 2658 979 2681 795
996 2655 1027 2681 in
1046 2654 1133 2681 codice
1149 2653 1263 2687 quodam
1281 2653 1438 2686 interpolato
1450 2651 1571 2686 florileyii
1582 2651 1699 2678 Miconis
1709 2651 1782 2677 inter
1793 2649 1912 2683 eoeenmla

252 2702 414 2734 prosodiaca
431 2707 562 2737 receptum
581 2705 629 2739 leot
646 2713 729 2739 supra
747 2705 807 2732 dixi
821 2714 884 2740 paq.
898 2709 954 2733 283.
1027 2707 1056 2740 3)
1074 2706 1132 2732 Eos
1151 2705 1260 2739 primus
1277 2704 1423 2737 composuit
1445 2703 1495 2730 Th.
1510 2703 1602 2730 Oehler
1619 2703 1652 2729 in
1670 2701 1816 2729 Annuaire
1833 2700 1868 2727 de
1884 2701 1912 2727 la

254 2753 366 2779 biblioth.
384 2762 407 2780 r.
426 2755 458 2781 (le
478 2756 602 2789 Belyique
619 2757 675 2782 ΙΙΙ
688 2758 781 2790 (1842)
795 2766 859 2791 paq.
873 2761 924 2784 146
941 2758 1002 2792 (cfr.
1023 2757 1168 2791 Serapeum
1182 2756 1229 2783 IV
1243 2759 1311 2783 1843
1325 2764 1389 2790 pay.
1401 2759 1436 2782 56
1451 2758 1477 2782 et
1494 2755 1532 2782 Ν.
1547 2755 1583 2782 Α..
1602 2754 1652 2782 IV
1661 2755 1730 2787 672).
1801 2753 1828 2786 4)
1849 2752 1908 2786 Ust-

255 2805 400 2839 Manyeart
414 2814 478 2839 paq.
491 2810 549 2840 395,
568 2808 754 2842 8⁰-Cataloyue
774 2809 935 2839 XXV374.
