<?xml version="1.0" encoding="UTF-8"?>
<!DOCTYPE html PUBLIC "-//W3C//DTD XHTML 1.0 Transitional//EN"
    "http://www.w3.org/TR/xhtml1/DTD/xhtml1-transitional.dtd">
<html xmlns="http://www.w3.org/1999/xhtml" xml:lang="en" lang="en">
 <head>
  <title>
</title>
<meta http-equiv="Content-Type" content="text/html;charset=utf-8" />
  <meta name='ocr-system' content='tesseract 3.04.00' />
  <meta name='ocr-capabilities' content='ocr_page ocr_carea ocr_par ocr_line ocrx_word'/>
</head>
<body>
  <div class='ocr_page' id='page_1' title='image "./monumentagerma03geseuoft/monumentagerma03geseuoft_0432.png"; bbox 0 0 2060 3074; ppageno 0'>
   <div class='ocr_carea' id='block_1_1' title="bbox 236 145 296 175">
    <p class='ocr_par' dir='ltr' id='par_1_1' title="bbox 236 145 296 175">
     <span class='ocr_line' id='line_1_1' title="bbox 236 145 296 175; baseline -0.033 0"><span class='ocrx_word' id='word_1_1' title='bbox 236 145 296 175; x_wconf 66' lang='lat'><em>⁴16</em></span> 
     </span>
    </p>
   </div>
   <div class='ocr_carea' id='block_1_2' title="bbox 254 2419 1903 2511">
    <p class='ocr_par' dir='ltr' id='par_1_2' title="bbox 254 2419 1903 2511">
     <span class='ocr_line' id='line_1_2' title="bbox 358 2419 1902 2467; baseline -0.006 -7"><span class='ocrx_word' id='word_1_2' title='bbox 358 2434 420 2467; x_wconf 61' lang='lat' dir='ltr'><em>{Vh}</em></span> <span class='ocrx_word' id='word_1_3' title='bbox 450 2435 477 2459; x_wconf 76' lang='lat' dir='ltr'><em>iu</em></span> <span class='ocrx_word' id='word_1_4' title='bbox 496 2435 565 2459; x_wconf 75' lang='lat' dir='ltr'><em>calce</em></span> <span class='ocrx_word' id='word_1_5' title='bbox 583 2434 706 2466; x_wconf 72' lang='lat' dir='ltr'><em>epistulae</em></span> <span class='ocrx_word' id='word_1_6' title='bbox 725 2434 756 2459; x_wconf 79' lang='lat' dir='ltr'><em>de</em></span> <span class='ocrx_word' id='word_1_7' title='bbox 774 2433 855 2458; x_wconf 73' lang='lat' dir='ltr'><em>verbis</em></span> <span class='ocrx_word' id='word_1_8' title='bbox 878 2432 973 2465; x_wconf 69' lang='lat' dir='ltr'><em>psalmi</em></span> <span class='ocrx_word' id='word_1_9' title='bbox 993 2430 1050 2462; x_wconf 85' lang='lat'>103,</span> <span class='ocrx_word' id='word_1_10' title='bbox 1067 2431 1098 2456; x_wconf 75' lang='grc' dir='ltr'>Ιὸ</span> <span class='ocrx_word' id='word_1_11' title='bbox 1122 2431 1158 2456; x_wconf 76' lang='lat' dir='ltr'><em>ml</em></span> <span class='ocrx_word' id='word_1_12' title='bbox 1177 2419 1334 2455; x_wconf 72' lang='lat' dir='ltr'><em>Ludovicmn</em></span> <span class='ocrx_word' id='word_1_13' title='bbox 1360 2429 1516 2455; x_wconf 75' lang='lat' dir='ltr'><strong><em>Germaniae</em></strong></span> <span class='ocrx_word' id='word_1_14' title='bbox 1543 2436 1628 2460; x_wconf 70' lang='lat' dir='ltr'><em>reffem</em></span> <span class='ocrx_word' id='word_1_15' title='bbox 1651 2427 1742 2457; x_wconf 73' lang='lat' dir='ltr'><em>‹latae;</em></span> <span class='ocrx_word' id='word_1_16' title='bbox 1765 2435 1796 2452; x_wconf 69' lang='lat' dir='ltr'><em>ca:</em></span> <span class='ocrx_word' id='word_1_17' title='bbox 1818 2426 1902 2451; x_wconf 72' lang='lat' dir='ltr'><em>codice</em></span> 
     </span>
     <span class='ocr_line' id='line_1_3' title="bbox 254 2469 1903 2511; baseline -0.005 -8"><span class='ocrx_word' id='word_1_18' title='bbox 254 2479 281 2504; x_wconf 74' lang='lat' dir='ltr'><em>S.</em></span> <span class='ocrx_word' id='word_1_19' title='bbox 304 2479 408 2511; x_wconf 66' lang='lat' dir='ltr'><em>leemiyii</em></span> <span class='ocrx_word' id='word_1_20' title='bbox 427 2478 557 2503; x_wconf 72' lang='lat' dir='ltr'><em>Remensis</em></span> <span class='ocrx_word' id='word_1_21' title='bbox 575 2478 613 2502; x_wconf 83' lang='lat' dir='ltr'><em>ed.</em></span> <span class='ocrx_word' id='word_1_22' title='bbox 629 2477 760 2502; x_wconf 79' lang='lat' dir='ltr'><em>Sirnwnd.</em></span> <span class='ocrx_word' id='word_1_23' title='bbox 775 2476 913 2502; x_wconf 65' lang='lat' dir='ltr'><em>Hincmara&#39;</em></span> <span class='ocrx_word' id='word_1_24' title='bbox 928 2475 992 2508; x_wconf 80' lang='lat' dir='ltr'><em>Opp.</em></span> <span class='ocrx_word' id='word_1_25' title='bbox 1007 2473 1108 2505; x_wconf 82' lang='grc'><em>[[157,</em></span> <span class='ocrx_word' id='word_1_26' title='bbox 1127 2478 1208 2499; x_wconf 67' lang='lat' dir='ltr'><em>exalat</em></span> <span class='ocrx_word' id='word_1_27' title='bbox 1226 2473 1302 2499; x_wconf 75' lang='lat' dir='ltr'><em>eliam</em></span> <span class='ocrx_word' id='word_1_28' title='bbox 1321 2474 1347 2498; x_wconf 78' lang='lat' dir='ltr'><em>in</em></span> <span class='ocrx_word' id='word_1_29' title='bbox 1366 2473 1422 2498; x_wconf 67' lang='lat' dir='ltr'><em>clm,</em></span> <span class='ocrx_word' id='word_1_30' title='bbox 1440 2470 1523 2496; x_wconf 79' lang='lat'>14738</span> <span class='ocrx_word' id='word_1_31' title='bbox 1536 2472 1588 2504; x_wconf 78' lang='lat' dir='ltr'><em>fol.</em></span> <span class='ocrx_word' id='word_1_32' title='bbox 1608 2471 1662 2496; x_wconf 72' lang='lat'><em>880</em></span> <span class='ocrx_word' id='word_1_33' title='bbox 1684 2471 1728 2503; x_wconf 75' lang='lat' dir='ltr'><em>qui</em></span> <span class='ocrx_word' id='word_1_34' title='bbox 1747 2470 1774 2495; x_wconf 77' lang='lat' dir='ltr'><em>in</em></span> <span class='ocrx_word' id='word_1_35' title='bbox 1791 2469 1903 2495; x_wconf 60' lang='lat' dir='ltr'><em>versibus!</em></span> 
     </span>
    </p>
   </div>
   <div class='ocr_carea' id='block_1_3' title="bbox 871 135 1247 164">
    <p class='ocr_par' dir='ltr' id='par_1_3' title="bbox 871 135 1247 164">
     <span class='ocr_line' id='line_1_4' title="bbox 871 135 1247 164; baseline -0.005 0"><span class='ocrx_word' id='word_1_36' title='bbox 871 137 1050 164; x_wconf 71' lang='lat' dir='ltr'>HINCMARJ</span> <span class='ocrx_word' id='word_1_37' title='bbox 1072 135 1247 163; x_wconf 66' lang='lat' dir='ltr'>CARMINA.</span> 
     </span>
    </p>
   </div>
   <div class='ocr_carea' id='block_1_4' title="bbox 1031 239 1090 271">
    <p class='ocr_par' dir='ltr' id='par_1_4' title="bbox 1031 239 1090 271">
     <span class='ocr_line' id='line_1_5' title="bbox 1031 239 1090 271; baseline 0 0"><span class='ocrx_word' id='word_1_38' title='bbox 1031 239 1090 271; x_wconf 88' lang='lat' dir='ltr'><em>VI.</em></span> 
     </span>
    </p>
   </div>
   <div class='ocr_carea' id='block_1_5' title="bbox 552 298 1470 592">
    <p class='ocr_par' dir='ltr' id='par_1_5' title="bbox 552 298 1470 592">
     <span class='ocr_line' id='line_1_6' title="bbox 602 298 1371 345; baseline -0.005 -11"><span class='ocrx_word' id='word_1_39' title='bbox 602 303 764 345; x_wconf 84' lang='lat' dir='ltr'>Tempora</span> <span class='ocrx_word' id='word_1_40' title='bbox 789 301 947 333; x_wconf 83' lang='lat' dir='ltr'><em>concedat</em></span> <span class='ocrx_word' id='word_1_41' title='bbox 972 300 1122 332; x_wconf 79' lang='lat' dir='ltr'><em>Christus</em></span> <span class='ocrx_word' id='word_1_42' title='bbox 1148 299 1255 331; x_wconf 83' lang='lat' dir='ltr'><em>felicia</em></span> <span class='ocrx_word' id='word_1_43' title='bbox 1278 298 1371 340; x_wconf 84' lang='lat' dir='ltr'><em>regni</em></span> 
     </span>
     <span class='ocr_line' id='line_1_7' title="bbox 643 350 1375 392; baseline -0.007 -6"><span class='ocrx_word' id='word_1_44' title='bbox 643 354 752 386; x_wconf 87' lang='lat' dir='ltr'><em>Huius</em></span> <span class='ocrx_word' id='word_1_45' title='bbox 777 357 810 385; x_wconf 88' lang='lat' dir='ltr'><em>et</em></span> <span class='ocrx_word' id='word_1_46' title='bbox 833 353 968 392; x_wconf 79' lang='lat' dir='ltr'><em>aeterni,</em></span> <span class='ocrx_word' id='word_1_47' title='bbox 996 363 1065 391; x_wconf 77' lang='lat' dir='ltr'><em>rex,</em></span> <span class='ocrx_word' id='word_1_48' title='bbox 1090 352 1161 391; x_wconf 86' lang='lat' dir='ltr'><em>tibi,</em></span> <span class='ocrx_word' id='word_1_49' title='bbox 1187 362 1261 383; x_wconf 89' lang='lat' dir='ltr'><em>care</em></span> <span class='ocrx_word' id='word_1_50' title='bbox 1286 350 1375 382; x_wconf 89' lang='lat' dir='ltr'><em>mihi.</em></span> 
     </span>
     <span class='ocr_line' id='line_1_8' title="bbox 601 402 1347 446; baseline -0.005 -9"><span class='ocrx_word' id='word_1_51' title='bbox 601 406 734 438; x_wconf 82' lang='lat' dir='ltr'><em>Floreat</em></span> <span class='ocrx_word' id='word_1_52' title='bbox 758 405 900 437; x_wconf 81' lang='lat' dir='ltr'><em>aeternis</em></span> <span class='ocrx_word' id='word_1_53' title='bbox 925 408 1032 436; x_wconf 87' lang='lat' dir='ltr'><em>tecum</em></span> <span class='ocrx_word' id='word_1_54' title='bbox 1057 403 1218 446; x_wconf 77' lang='lat' dir='ltr'><strong>sapientia</strong></span> <span class='ocrx_word' id='word_1_55' title='bbox 1242 402 1347 437; x_wconf 71' lang='lat' dir='ltr'><em>donis,</em></span> 
     </span>
     <span class='ocr_line' id='line_1_9' title="bbox 645 453 1470 500; baseline -0.006 -11"><span class='ocrx_word' id='word_1_56' title='bbox 645 457 691 489; x_wconf 92' lang='lat' dir='ltr'><em>Ut</em></span> <span class='ocrx_word' id='word_1_57' title='bbox 714 457 773 488; x_wconf 90' lang='lat' dir='ltr'><em>tibi</em></span> <span class='ocrx_word' id='word_1_58' title='bbox 797 459 990 500; x_wconf 81' lang='lat' dir='ltr'><em>permaneat</em></span> <span class='ocrx_word' id='word_1_59' title='bbox 1013 455 1094 494; x_wconf 78' lang='lat' dir='ltr'><em>laus,</em></span> <span class='ocrx_word' id='word_1_60' title='bbox 1119 455 1222 486; x_wconf 91' lang='lat' dir='ltr'><em>honor</em></span> <span class='ocrx_word' id='word_1_61' title='bbox 1246 457 1345 496; x_wconf 86' lang='lat' dir='ltr'><em>atque</em></span> <span class='ocrx_word' id='word_1_62' title='bbox 1371 453 1470 485; x_wconf 83' lang='lat' dir='ltr'><em>salus.</em></span> 
     </span>
     <span class='ocr_line' id='line_1_10' title="bbox 552 505 1443 549; baseline -0.007 -8"><span class='ocrx_word' id='word_1_63' title='bbox 552 523 563 541; x_wconf 81' lang='lat'>5</span> <span class='ocrx_word' id='word_1_64' title='bbox 601 509 749 541; x_wconf 77' lang='lat' dir='ltr'><em>Dextera</em></span> <span class='ocrx_word' id='word_1_65' title='bbox 772 512 804 540; x_wconf 92' lang='lat' dir='ltr'><em>te</em></span> <span class='ocrx_word' id='word_1_66' title='bbox 829 507 948 540; x_wconf 82' lang='lat' dir='ltr'>Christi</span> <span class='ocrx_word' id='word_1_67' title='bbox 974 517 1105 549; x_wconf 87' lang='lat' dir='ltr'><em>semper</em></span> <span class='ocrx_word' id='word_1_68' title='bbox 1128 506 1283 538; x_wconf 88' lang='lat' dir='ltr'><em>defendat</em></span> <span class='ocrx_word' id='word_1_69' title='bbox 1307 505 1443 548; x_wconf 92' lang='lat' dir='ltr'><em>ubique:</em></span> 
     </span>
     <span class='ocr_line' id='line_1_11' title="bbox 649 558 1267 592; baseline -0.005 0"><span class='ocrx_word' id='word_1_70' title='bbox 649 561 733 592; x_wconf 83' lang='lat' dir='ltr'><em>Vive</em></span> <span class='ocrx_word' id='word_1_71' title='bbox 758 560 819 592; x_wconf 89' lang='lat' dir='ltr'><em>deo</em></span> <span class='ocrx_word' id='word_1_72' title='bbox 845 560 924 592; x_wconf 83' lang='lat' dir='ltr'>felix</span> <span class='ocrx_word' id='word_1_73' title='bbox 949 563 982 591; x_wconf 87' lang='lat' dir='ltr'><em>et</em></span> <span class='ocrx_word' id='word_1_74' title='bbox 1004 559 1072 590; x_wconf 88' lang='lat' dir='ltr'><em>sine</em></span> <span class='ocrx_word' id='word_1_75' title='bbox 1095 559 1159 590; x_wconf 89' lang='lat' dir='ltr'><em>fine</em></span> <span class='ocrx_word' id='word_1_76' title='bbox 1184 558 1267 590; x_wconf 84' lang='lat' dir='ltr'><em>vale.</em></span> 
     </span>
    </p>
   </div>
   <div class='ocr_carea' id='block_1_6' title="bbox 1032 739 1106 772">
    <p class='ocr_par' dir='ltr' id='par_1_6' title="bbox 1032 739 1106 772">
     <span class='ocr_line' id='line_1_12' title="bbox 1032 739 1106 772; baseline 0.014 -1"><span class='ocrx_word' id='word_1_77' title='bbox 1032 739 1106 772; x_wconf 93' lang='lat' dir='ltr'>VII.</span> 
     </span>
    </p>
   </div>
   <div class='ocr_carea' id='block_1_7' title="bbox 601 861 1532 1023">
    <p class='ocr_par' dir='ltr' id='par_1_7' title="bbox 601 861 1532 1023">
     <span class='ocr_line' id='line_1_13' title="bbox 601 861 1502 902; baseline -0.006 0"><span class='ocrx_word' id='word_1_78' title='bbox 601 864 862 902; x_wconf 89' lang='lat' dir='ltr'><strong>TITULATIO</strong></span> <span class='ocrx_word' id='word_1_79' title='bbox 890 863 1103 900; x_wconf 89' lang='lat' dir='ltr'>METRICA</span> <span class='ocrx_word' id='word_1_80' title='bbox 1131 861 1502 899; x_wconf 83' lang='lat' dir='ltr'><strong>COMPILATIONIS</strong></span> 
     </span>
     <span class='ocr_line' id='line_1_14' title="bbox 601 922 1435 962; baseline -0.005 0"><span class='ocrx_word' id='word_1_81' title='bbox 601 926 836 962; x_wconf 86' lang='lat' dir='ltr'><strong>HINCMARI</strong></span> <span class='ocrx_word' id='word_1_82' title='bbox 863 923 1194 961; x_wconf 87' lang='lat' dir='ltr'><strong>LAUDUNENSIS</strong></span> <span class='ocrx_word' id='word_1_83' title='bbox 1221 922 1435 959; x_wconf 89' lang='lat' dir='ltr'>EPISCOPI</span> 
     </span>
     <span class='ocr_line' id='line_1_15' title="bbox 601 982 1532 1023; baseline -0.004 0"><span class='ocrx_word' id='word_1_84' title='bbox 601 987 665 1022; x_wconf 88' lang='lat' dir='ltr'><em>AD</em></span> <span class='ocrx_word' id='word_1_85' title='bbox 690 986 897 1023; x_wconf 90' lang='lat' dir='ltr'>DOMNUM</span> <span class='ocrx_word' id='word_1_86' title='bbox 922 985 1086 1022; x_wconf 84' lang='lat' dir='ltr'>REGEM</span> <span class='ocrx_word' id='word_1_87' title='bbox 1112 983 1350 1020; x_wconf 91' lang='lat' dir='ltr'><strong>KAROLUM</strong></span> <span class='ocrx_word' id='word_1_88' title='bbox 1378 982 1532 1019; x_wconf 86' lang='lat' dir='ltr'>FICTA.</span> 
     </span>
    </p>
   </div>
   <div class='ocr_carea' id='block_1_8' title="bbox 548 1059 1574 2030">
    <p class='ocr_par' dir='ltr' id='par_1_8' title="bbox 548 1059 1574 2030">
     <span class='ocr_line' id='line_1_16' title="bbox 606 1059 1327 1103; baseline -0.006 -10"><span class='ocrx_word' id='word_1_89' title='bbox 606 1062 673 1093; x_wconf 87' lang='lat' dir='ltr'><em>Iste</em></span> <span class='ocrx_word' id='word_1_90' title='bbox 696 1061 863 1103; x_wconf 83' lang='lat' dir='ltr'>pitatiolus</span> <span class='ocrx_word' id='word_1_91' title='bbox 887 1060 983 1102; x_wconf 87' lang='lat' dir='ltr'><em>plane</em></span> <span class='ocrx_word' id='word_1_92' title='bbox 1007 1059 1170 1102; x_wconf 83' lang='lat' dir='ltr'><em>depromit</em></span> <span class='ocrx_word' id='word_1_93' title='bbox 1194 1061 1227 1090; x_wconf 89' lang='lat' dir='ltr'><em>et</em></span> <span class='ocrx_word' id='word_1_94' title='bbox 1251 1061 1327 1100; x_wconf 91' lang='lat' dir='ltr'><em>apte</em></span> 
     </span>
     <span class='ocr_line' id='line_1_17' title="bbox 651 1110 1400 1155; baseline -0.007 -10"><span class='ocrx_word' id='word_1_95' title='bbox 651 1112 771 1145; x_wconf 80' lang='lat' dir='ltr'><em>sedem</em></span> <span class='ocrx_word' id='word_1_96' title='bbox 795 1111 1024 1155; x_wconf 83' lang='lat' dir='ltr'>appellandam</span> <span class='ocrx_word' id='word_1_97' title='bbox 1048 1110 1150 1142; x_wconf 91' lang='lat' dir='ltr'><em>libere</em></span> <span class='ocrx_word' id='word_1_98' title='bbox 1174 1110 1400 1152; x_wconf 79' lang='lat' dir='ltr'><em>apostolicam,</em></span> 
     </span>
     <span class='ocr_line' id='line_1_18' title="bbox 607 1161 1457 1207; baseline -0.005 -11"><span class='ocrx_word' id='word_1_99' title='bbox 607 1165 693 1201; x_wconf 85' lang='lat' dir='ltr'><em>Quin</em></span> <span class='ocrx_word' id='word_1_100' title='bbox 717 1164 938 1207; x_wconf 80' lang='lat' dir='ltr'><em>appellantem</em></span> <span class='ocrx_word' id='word_1_101' title='bbox 962 1162 1049 1195; x_wconf 84' lang='lat' dir='ltr'><em>haud</em></span> <span class='ocrx_word' id='word_1_102' title='bbox 1073 1162 1186 1194; x_wconf 88' lang='lat' dir='ltr'><em>vinclis</em></span> <span class='ocrx_word' id='word_1_103' title='bbox 1211 1162 1350 1194; x_wconf 84' lang='lat' dir='ltr'><em>artarier</em></span> <span class='ocrx_word' id='word_1_104' title='bbox 1371 1161 1457 1197; x_wconf 73' lang='lat' dir='ltr'><em>ullis,</em></span> 
     </span>
     <span class='ocr_line' id='line_1_19' title="bbox 651 1213 1366 1260; baseline -0.004 -11"><span class='ocrx_word' id='word_1_105' title='bbox 651 1217 859 1260; x_wconf 86' lang='lat' dir='ltr'><em>Responsum</em></span> <span class='ocrx_word' id='word_1_106' title='bbox 882 1226 902 1247; x_wconf 89' lang='lat' dir='ltr'><em>a</em></span> <span class='ocrx_word' id='word_1_107' title='bbox 924 1215 1034 1247; x_wconf 88' lang='lat' dir='ltr'><em>vincto</em></span> <span class='ocrx_word' id='word_1_108' title='bbox 1059 1214 1118 1246; x_wconf 88' lang='lat' dir='ltr'><em>rite</em></span> <span class='ocrx_word' id='word_1_109' title='bbox 1142 1224 1202 1246; x_wconf 88' lang='lat' dir='ltr'><em>nec</em></span> <span class='ocrx_word' id='word_1_110' title='bbox 1227 1213 1366 1255; x_wconf 86' lang='lat' dir='ltr'><em>exigier.</em></span> 
     </span>
     <span class='ocr_line' id='line_1_20' title="bbox 559 1265 1510 1311; baseline -0.005 -10"><span class='ocrx_word' id='word_1_111' title='bbox 559 1282 569 1301; x_wconf 79' lang='lat'><strong>5</strong></span> <span class='ocrx_word' id='word_1_112' title='bbox 607 1269 774 1311; x_wconf 87' lang='lat' dir='ltr'><em>Archique</em></span> <span class='ocrx_word' id='word_1_113' title='bbox 798 1268 944 1311; x_wconf 86' lang='lat' dir='ltr'><em>pontifici</em></span> <span class='ocrx_word' id='word_1_114' title='bbox 968 1267 1138 1309; x_wconf 80' lang='lat' dir='ltr'><strong>distinguit</strong></span> <span class='ocrx_word' id='word_1_115' title='bbox 1161 1266 1276 1308; x_wconf 81' lang='lat' dir='ltr'><em>iusque</em></span> <span class='ocrx_word' id='word_1_116' title='bbox 1301 1265 1510 1308; x_wconf 69' lang='lat' dir='ltr'><em>modumque,</em></span> 
     </span>
     <span class='ocr_line' id='line_1_21' title="bbox 652 1317 1420 1364; baseline -0.005 -11"><span class='ocrx_word' id='word_1_117' title='bbox 652 1321 734 1353; x_wconf 84' lang='lat' dir='ltr'><em>Cum</em></span> <span class='ocrx_word' id='word_1_118' title='bbox 759 1320 1041 1364; x_wconf 82' lang='lat' dir='ltr'><em>compraesulibus</em></span> <span class='ocrx_word' id='word_1_119' title='bbox 1066 1329 1125 1351; x_wconf 87' lang='lat' dir='ltr'><em>ceu</em></span> <span class='ocrx_word' id='word_1_120' title='bbox 1148 1321 1260 1351; x_wconf 85' lang='lat' dir='ltr'><em>teneat</em></span> <span class='ocrx_word' id='word_1_121' title='bbox 1284 1317 1420 1350; x_wconf 84' lang='lat' dir='ltr'><em>sobrius.</em></span> 
     </span>
     <span class='ocr_line' id='line_1_22' title="bbox 615 1371 1408 1416; baseline -0.005 -11"><span class='ocrx_word' id='word_1_122' title='bbox 615 1373 730 1416; x_wconf 84' lang='lat' dir='ltr'><em>Sitque</em></span> <span class='ocrx_word' id='word_1_123' title='bbox 752 1373 805 1416; x_wconf 91' lang='lat' dir='ltr'><em>pio</em></span> <span class='ocrx_word' id='word_1_124' title='bbox 830 1373 900 1415; x_wconf 84' lang='lat' dir='ltr'><em>regi</em></span> <span class='ocrx_word' id='word_1_125' title='bbox 924 1372 1046 1404; x_wconf 86' lang='lat' dir='ltr'><em>Karolo</em></span> <span class='ocrx_word' id='word_1_126' title='bbox 1071 1382 1137 1414; x_wconf 82' lang='lat' dir='ltr'><em>pax</em></span> <span class='ocrx_word' id='word_1_127' title='bbox 1161 1371 1229 1403; x_wconf 87' lang='lat' dir='ltr'><em>vita</em></span> <span class='ocrx_word' id='word_1_128' title='bbox 1253 1373 1408 1413; x_wconf 71' lang='lat' dir='ltr'><em>potestaS,</em></span> 
     </span>
     <span class='ocr_line' id='line_1_23' title="bbox 654 1421 1574 1468; baseline -0.005 -11"><span class='ocrx_word' id='word_1_129' title='bbox 654 1426 718 1463; x_wconf 84' lang='lat' dir='ltr'><em>Qui</em></span> <span class='ocrx_word' id='word_1_130' title='bbox 741 1426 861 1468; x_wconf 87' lang='lat' dir='ltr'><em>probus</em></span> <span class='ocrx_word' id='word_1_131' title='bbox 885 1425 968 1456; x_wconf 85' lang='lat' dir='ltr'><em>haec</em></span> <span class='ocrx_word' id='word_1_132' title='bbox 992 1433 1129 1455; x_wconf 84' lang='lat' dir='ltr'><em>cernens</em></span> <span class='ocrx_word' id='word_1_133' title='bbox 1153 1433 1232 1465; x_wconf 88' lang='lat' dir='ltr'><em>prae</em></span> <span class='ocrx_word' id='word_1_134' title='bbox 1255 1422 1420 1465; x_wconf 79' lang='lat' dir='ltr'><em>probitate</em></span> <span class='ocrx_word' id='word_1_135' title='bbox 1446 1421 1574 1464; x_wconf 80' lang='lat' dir='ltr'><em>probet.</em></span> 
     </span>
     <span class='ocr_line' id='line_1_24' title="bbox 612 1474 1348 1520; baseline -0.005 -11"><span class='ocrx_word' id='word_1_136' title='bbox 612 1478 671 1510; x_wconf 85' lang='lat' dir='ltr'><em>Cui</em></span> <span class='ocrx_word' id='word_1_137' title='bbox 695 1478 721 1509; x_wconf 90' lang='lat' dir='ltr'><em>si</em></span> <span class='ocrx_word' id='word_1_138' title='bbox 746 1477 917 1520; x_wconf 85' lang='lat' dir='ltr'><em>surripitur</em></span> <span class='ocrx_word' id='word_1_139' title='bbox 940 1475 1091 1508; x_wconf 85' lang='lat' dir='ltr'><em>humanis</em></span> <span class='ocrx_word' id='word_1_140' title='bbox 1114 1474 1239 1506; x_wconf 84' lang='lat' dir='ltr'><em>nisibus</em></span> <span class='ocrx_word' id='word_1_141' title='bbox 1263 1474 1348 1514; x_wconf 84' lang='lat' dir='ltr'><em>ullis,</em></span> 
     </span>
     <span class='ocr_line' id='line_1_25' title="bbox 548 1526 1340 1568; baseline -0.005 -6"><span class='ocrx_word' id='word_1_142' title='bbox 548 1544 571 1562; x_wconf 85' lang='grc' dir='ltr'><em>ιο</em></span> <span class='ocrx_word' id='word_1_143' title='bbox 652 1529 821 1562; x_wconf 77' lang='lat' dir='ltr'><em>cassando</em></span> <span class='ocrx_word' id='word_1_144' title='bbox 846 1529 950 1568; x_wconf 85' lang='lat' dir='ltr'><em>reicit,</em></span> <span class='ocrx_word' id='word_1_145' title='bbox 974 1538 1026 1560; x_wconf 84' lang='lat' dir='ltr'><em>res</em></span> <span class='ocrx_word' id='word_1_146' title='bbox 1050 1527 1107 1560; x_wconf 90' lang='lat' dir='ltr'><em>ubi</em></span> <span class='ocrx_word' id='word_1_147' title='bbox 1130 1530 1220 1559; x_wconf 83' lang='lat' dir='ltr'><em>certa</em></span> <span class='ocrx_word' id='word_1_148' title='bbox 1244 1526 1340 1559; x_wconf 88' lang='lat' dir='ltr'><em>redit.</em></span> 
     </span>
     <span class='ocr_line' id='line_1_26' title="bbox 613 1579 1379 1618; baseline -0.005 -4"><span class='ocrx_word' id='word_1_149' title='bbox 613 1582 666 1614; x_wconf 83' lang='lat' dir='ltr'><em>Sic</em></span> <span class='ocrx_word' id='word_1_150' title='bbox 689 1591 747 1613; x_wconf 84' lang='lat' dir='ltr'><em>sua</em></span> <span class='ocrx_word' id='word_1_151' title='bbox 769 1592 861 1613; x_wconf 78' lang='lat' dir='ltr'><em>mens</em></span> <span class='ocrx_word' id='word_1_152' title='bbox 885 1581 968 1613; x_wconf 86' lang='lat' dir='ltr'><em>adeo</em></span> <span class='ocrx_word' id='word_1_153' title='bbox 992 1580 1061 1612; x_wconf 88' lang='lat' dir='ltr'><em>veri</em></span> <span class='ocrx_word' id='word_1_154' title='bbox 1083 1579 1233 1612; x_wconf 81' lang='lat' dir='ltr'><em>defervet</em></span> <span class='ocrx_word' id='word_1_155' title='bbox 1257 1589 1379 1618; x_wconf 69' lang='lat' dir='ltr'><em>amore,</em></span> 
     </span>
     <span class='ocr_line' id='line_1_27' title="bbox 655 1632 1417 1666; baseline -0.004 -1"><span class='ocrx_word' id='word_1_156' title='bbox 655 1634 760 1666; x_wconf 83' lang='lat' dir='ltr'><em>Recte</em></span> <span class='ocrx_word' id='word_1_157' title='bbox 783 1633 1005 1665; x_wconf 85' lang='lat' dir='ltr'><em>frustrandum</em></span> <span class='ocrx_word' id='word_1_158' title='bbox 1029 1642 1070 1663; x_wconf 93' lang='lat' dir='ltr'><em>ne</em></span> <span class='ocrx_word' id='word_1_159' title='bbox 1093 1632 1179 1663; x_wconf 84' lang='lat' dir='ltr'><em>sinat</em></span> <span class='ocrx_word' id='word_1_160' title='bbox 1202 1641 1276 1663; x_wconf 85' lang='lat' dir='ltr'><em>esse</em></span> <span class='ocrx_word' id='word_1_161' title='bbox 1301 1634 1417 1662; x_wconf 86' lang='lat' dir='ltr'><em>ratum.</em></span> 
     </span>
     <span class='ocr_line' id='line_1_28' title="bbox 614 1683 1502 1728; baseline -0.005 -11"><span class='ocrx_word' id='word_1_162' title='bbox 614 1685 752 1728; x_wconf 86' lang='lat' dir='ltr'><em>Nanque</em></span> <span class='ocrx_word' id='word_1_163' title='bbox 777 1686 920 1717; x_wconf 86' lang='lat' dir='ltr'><em>animum</em></span> <span class='ocrx_word' id='word_1_164' title='bbox 945 1687 1054 1717; x_wconf 85' lang='lat' dir='ltr'><em>servat</em></span> <span class='ocrx_word' id='word_1_165' title='bbox 1077 1684 1165 1716; x_wconf 88' lang='lat' dir='ltr'><em>mitis</em></span> <span class='ocrx_word' id='word_1_166' title='bbox 1190 1683 1352 1726; x_wconf 83' lang='lat' dir='ltr'><em>sapientia</em></span> <span class='ocrx_word' id='word_1_167' title='bbox 1376 1683 1502 1721; x_wconf 77' lang='lat' dir='ltr'><em>fortem,</em></span> 
     </span>
     <span class='ocr_line' id='line_1_29' title="bbox 656 1734 1459 1780; baseline -0.002 -11"><span class='ocrx_word' id='word_1_168' title='bbox 656 1738 739 1769; x_wconf 86' lang='lat' dir='ltr'><em>Prae</em></span> <span class='ocrx_word' id='word_1_169' title='bbox 763 1738 887 1770; x_wconf 86' lang='lat' dir='ltr'><em>cunctis</em></span> <span class='ocrx_word' id='word_1_170' title='bbox 911 1737 1042 1780; x_wconf 90' lang='lat' dir='ltr'><em>proprie</em></span> <span class='ocrx_word' id='word_1_171' title='bbox 1067 1746 1163 1778; x_wconf 89' lang='lat' dir='ltr'><em>quem</em></span> <span class='ocrx_word' id='word_1_172' title='bbox 1187 1734 1318 1767; x_wconf 87' lang='lat' dir='ltr'><em>redimit</em></span> <span class='ocrx_word' id='word_1_173' title='bbox 1341 1734 1459 1776; x_wconf 87' lang='lat' dir='ltr'><em>pietas.</em></span> 
     </span>
     <span class='ocr_line' id='line_1_30' title="bbox 550 1787 1414 1832; baseline -0.003 -10"><span class='ocrx_word' id='word_1_174' title='bbox 550 1803 572 1822; x_wconf 61' lang='grc' dir='ltr'><em>ιε.</em></span> <span class='ocrx_word' id='word_1_175' title='bbox 611 1791 639 1822; x_wconf 80' lang='grc' dir='ltr'><strong>Ο</strong></span> <span class='ocrx_word' id='word_1_176' title='bbox 664 1800 759 1832; x_wconf 87' lang='lat' dir='ltr'><em>quam</em></span> <span class='ocrx_word' id='word_1_177' title='bbox 785 1800 844 1821; x_wconf 84' lang='lat' dir='ltr'><em>rex</em></span> <span class='ocrx_word' id='word_1_178' title='bbox 867 1788 958 1828; x_wconf 76' lang='lat' dir='ltr'><em>felix,</em></span> <span class='ocrx_word' id='word_1_179' title='bbox 982 1788 1139 1820; x_wconf 85' lang='lat' dir='ltr'><em>virtutum</em></span> <span class='ocrx_word' id='word_1_180' title='bbox 1162 1787 1254 1818; x_wconf 84' lang='lat' dir='ltr'><em>fortis</em></span> <span class='ocrx_word' id='word_1_181' title='bbox 1278 1789 1414 1819; x_wconf 76' lang='lat' dir='ltr'><em>amator,</em></span> 
     </span>
     <span class='ocr_line' id='line_1_31' title="bbox 657 1838 1459 1883; baseline -0.005 -10"><span class='ocrx_word' id='word_1_182' title='bbox 657 1841 738 1873; x_wconf 87' lang='lat' dir='ltr'><em>Tam</em></span> <span class='ocrx_word' id='word_1_183' title='bbox 763 1841 847 1873; x_wconf 90' lang='lat' dir='ltr'><em>hene</em></span> <span class='ocrx_word' id='word_1_184' title='bbox 871 1851 968 1883; x_wconf 91' lang='lat' dir='ltr'><em>quem</em></span> <span class='ocrx_word' id='word_1_185' title='bbox 993 1843 1125 1883; x_wconf 88' lang='lat' dir='ltr'><em>superat</em></span> <span class='ocrx_word' id='word_1_186' title='bbox 1149 1839 1220 1871; x_wconf 85' lang='lat' dir='ltr'><em>sola</em></span> <span class='ocrx_word' id='word_1_187' title='bbox 1242 1838 1319 1870; x_wconf 91' lang='lat' dir='ltr'><em>boni</em></span> <span class='ocrx_word' id='word_1_188' title='bbox 1343 1838 1459 1881; x_wconf 88' lang='lat' dir='ltr'><em>pietas.</em></span> 
     </span>
     <span class='ocr_line' id='line_1_32' title="bbox 616 1889 1529 1933; baseline -0.005 -8"><span class='ocrx_word' id='word_1_189' title='bbox 616 1894 660 1924; x_wconf 90' lang='lat' dir='ltr'><em>At</em></span> <span class='ocrx_word' id='word_1_190' title='bbox 683 1897 726 1933; x_wconf 87' lang='lat' dir='ltr'><em>te,</em></span> <span class='ocrx_word' id='word_1_191' title='bbox 751 1892 893 1931; x_wconf 75' lang='lat' dir='ltr'><em>Christe,</em></span> <span class='ocrx_word' id='word_1_192' title='bbox 917 1893 1013 1925; x_wconf 88' lang='lat' dir='ltr'><em>deum</em></span> <span class='ocrx_word' id='word_1_193' title='bbox 1037 1902 1177 1924; x_wconf 86' lang='lat' dir='ltr'><em>noscens</em></span> <span class='ocrx_word' id='word_1_194' title='bbox 1203 1891 1279 1923; x_wconf 91' lang='lat' dir='ltr'><em>dum</em></span> <span class='ocrx_word' id='word_1_195' title='bbox 1304 1890 1411 1932; x_wconf 82' lang='lat' dir='ltr'><em>diligit</em></span> <span class='ocrx_word' id='word_1_196' title='bbox 1434 1889 1529 1926; x_wconf 75' lang='lat' dir='ltr'><em>ultro.v</em></span> 
     </span>
     <span class='ocr_line' id='line_1_33' title="bbox 658 1943 1462 1988; baseline -0.005 -10"><span class='ocrx_word' id='word_1_197' title='bbox 658 1945 751 1982; x_wconf 81' lang='lat' dir='ltr'><em>Quae</em></span> <span class='ocrx_word' id='word_1_198' title='bbox 777 1946 904 1988; x_wconf 87' lang='lat' dir='ltr'><em>spernis</em></span> <span class='ocrx_word' id='word_1_199' title='bbox 930 1946 1064 1988; x_wconf 79' lang='lat' dir='ltr'><em>spernit,</em></span> <span class='ocrx_word' id='word_1_200' title='bbox 1088 1955 1171 1987; x_wconf 87' lang='lat' dir='ltr'><em>quae</em></span> <span class='ocrx_word' id='word_1_201' title='bbox 1196 1943 1313 1976; x_wconf 84' lang='lat' dir='ltr'><em>statuis</em></span> <span class='ocrx_word' id='word_1_202' title='bbox 1337 1943 1462 1975; x_wconf 83' lang='lat' dir='ltr'><em>statuit.</em></span> 
     </span>
     <span class='ocr_line' id='line_1_34' title="bbox 616 1996 1444 2030; baseline -0.005 0"><span class='ocrx_word' id='word_1_203' title='bbox 616 1999 659 2030; x_wconf 80' lang='lat' dir='ltr'><em>Sc</em></span> <span class='ocrx_word' id='word_1_204' title='bbox 683 1998 742 2029; x_wconf 92' lang='lat' dir='ltr'><em>tibi</em></span> <span class='ocrx_word' id='word_1_205' title='bbox 766 1998 971 2030; x_wconf 84' lang='lat' dir='ltr'><em>committens</em></span> <span class='ocrx_word' id='word_1_206' title='bbox 995 1998 1027 2028; x_wconf 92' lang='lat' dir='ltr'><em>in</em></span> <span class='ocrx_word' id='word_1_207' title='bbox 1051 2000 1083 2028; x_wconf 85' lang='lat' dir='ltr'><em>tc</em></span> <span class='ocrx_word' id='word_1_208' title='bbox 1108 2000 1164 2028; x_wconf 88' lang='lat' dir='ltr'><em>tua</em></span> <span class='ocrx_word' id='word_1_209' title='bbox 1189 1996 1288 2028; x_wconf 86' lang='lat' dir='ltr'><em>verba</em></span> <span class='ocrx_word' id='word_1_210' title='bbox 1311 1998 1444 2027; x_wconf 86' lang='lat' dir='ltr'><em>veretur</em></span> 
     </span>
    </p>
   </div>
   <div class='ocr_carea' id='block_1_9' title="bbox 550 2049 1422 2091">
    <p class='ocr_par' dir='ltr' id='par_1_9' title="bbox 550 2049 1422 2091">
     <span class='ocr_line' id='line_1_35' title="bbox 550 2049 1422 2091; baseline -0.003 -10"><span class='ocrx_word' id='word_1_211' title='bbox 550 2063 576 2082; x_wconf 64' lang='grc' dir='ltr'><em>ρο</em></span> <span class='ocrx_word' id='word_1_212' title='bbox 654 2049 748 2081; x_wconf 88' lang='lat' dir='ltr'><em>Nunc</em></span> <span class='ocrx_word' id='word_1_213' title='bbox 773 2053 806 2082; x_wconf 89' lang='lat' dir='ltr'><em>et</em></span> <span class='ocrx_word' id='word_1_214' title='bbox 830 2050 862 2081; x_wconf 90' lang='lat' dir='ltr'><em>in</em></span> <span class='ocrx_word' id='word_1_215' title='bbox 886 2053 1055 2082; x_wconf 86' lang='lat' dir='ltr'><em>aeternum</em></span> <span class='ocrx_word' id='word_1_216' title='bbox 1079 2052 1179 2091; x_wconf 87' lang='lat' dir='ltr'><em>tuque</em></span> <span class='ocrx_word' id='word_1_217' title='bbox 1205 2051 1295 2080; x_wconf 85' lang='lat' dir='ltr'><em>tuere</em></span> <span class='ocrx_word' id='word_1_218' title='bbox 1320 2050 1422 2079; x_wconf 81' lang='lat' dir='ltr'><em>tuum.</em></span> 
     </span>
    </p>
   </div>
   <div class='ocr_carea' id='block_1_10' title="bbox 938 2198 1215 2235">
    <p class='ocr_par' dir='ltr' id='par_1_10' title="bbox 938 2198 1215 2235">
     <span class='ocr_line' id='line_1_36' title="bbox 938 2198 1215 2235; baseline -0.004 0"><span class='ocrx_word' id='word_1_219' title='bbox 938 2198 1215 2235; x_wconf 88' lang='lat' dir='ltr'>RESPONSIO.</span> 
     </span>
    </p>
   </div>
   <div class='ocr_carea' id='block_1_11' title="bbox 618 2271 1513 2372">
    <p class='ocr_par' dir='ltr' id='par_1_11' title="bbox 618 2271 1513 2372">
     <span class='ocr_line' id='line_1_37' title="bbox 618 2271 1513 2314; baseline -0.008 -5"><span class='ocrx_word' id='word_1_220' title='bbox 618 2277 691 2308; x_wconf 90' lang='lat' dir='ltr'><em>Hoc</em></span> <span class='ocrx_word' id='word_1_221' title='bbox 716 2277 772 2308; x_wconf 92' lang='lat' dir='ltr'><em>tibi</em></span> <span class='ocrx_word' id='word_1_222' title='bbox 797 2277 837 2308; x_wconf 90' lang='lat' dir='ltr'><em>de</em></span> <span class='ocrx_word' id='word_1_223' title='bbox 862 2275 966 2314; x_wconf 78' lang='lat' dir='ltr'><em>titulo,</em></span> <span class='ocrx_word' id='word_1_224' title='bbox 992 2275 1119 2306; x_wconf 83' lang='lat' dir='ltr'><em>iuvenis</em></span> <span class='ocrx_word' id='word_1_225' title='bbox 1143 2274 1323 2306; x_wconf 84' lang='lat' dir='ltr'><em>Hincmare</em></span> <span class='ocrx_word' id='word_1_226' title='bbox 1348 2271 1513 2309; x_wconf 62' lang='lat' dir='ltr'><em>sacerdos,</em></span> 
     </span>
     <span class='ocr_line' id='line_1_38' title="bbox 661 2325 1349 2372; baseline -0.007 -11"><span class='ocrx_word' id='word_1_227' title='bbox 661 2328 874 2372; x_wconf 84' lang='lat' dir='ltr'><em>Respondere</em></span> <span class='ocrx_word' id='word_1_228' title='bbox 898 2327 976 2359; x_wconf 90' lang='lat' dir='ltr'><em>mihi</em></span> <span class='ocrx_word' id='word_1_229' title='bbox 1001 2327 1152 2359; x_wconf 90' lang='lat' dir='ltr'><em>convenit</em></span> <span class='ocrx_word' id='word_1_230' title='bbox 1175 2329 1244 2358; x_wconf 87' lang='lat' dir='ltr'><em>arte</em></span> <span class='ocrx_word' id='word_1_231' title='bbox 1269 2325 1349 2368; x_wconf 88' lang='lat' dir='ltr'><em>pari.</em></span> 
     </span>
    </p>
   </div>
   <div class='ocr_carea' id='block_1_12' title="bbox 254 2521 1064 2598">
    <p class='ocr_par' dir='ltr' id='par_1_12' title="bbox 254 2521 1064 2598">
     <span class='ocr_line' id='line_1_39' title="bbox 254 2521 664 2547; baseline -0.002 0"><span class='ocrx_word' id='word_1_232' title='bbox 254 2522 362 2547; x_wconf 70' lang='lat' dir='ltr'><em>concinit</em></span> <span class='ocrx_word' id='word_1_233' title='bbox 381 2530 438 2547; x_wconf 79' lang='lat' dir='ltr'><em>cum</em></span> <span class='ocrx_word' id='word_1_234' title='bbox 457 2521 591 2547; x_wconf 67' lang='lat' dir='ltr'><em>Sir-mundi</em></span> <span class='ocrx_word' id='word_1_235' title='bbox 609 2521 664 2546; x_wconf 80' lang='lat' dir='ltr'><em>cod.</em></span> 
     </span>
     <span class='ocr_line' id='line_1_40' title="bbox 359 2561 1064 2598; baseline -0.004 -8"><span class='ocrx_word' id='word_1_236' title='bbox 359 2564 434 2598; x_wconf 82' lang='lat' dir='ltr'>[VIL]</span> <span class='ocrx_word' id='word_1_237' title='bbox 455 2563 493 2598; x_wconf 74' lang='grc'><strong>[1.]</strong></span> <span class='ocrx_word' id='word_1_238' title='bbox 521 2564 538 2590; x_wconf 79' lang='lat'>4</span> <span class='ocrx_word' id='word_1_239' title='bbox 556 2565 624 2590; x_wconf 86' lang='lat' dir='ltr'><em>uicto</em></span> <span class='ocrx_word' id='word_1_240' title='bbox 643 2573 710 2589; x_wconf 78' lang='lat' dir='ltr'><em>corr.</em></span> <span class='ocrx_word' id='word_1_241' title='bbox 730 2563 762 2588; x_wconf 87' lang='grc' dir='ltr'><em>Η</em></span> <span class='ocrx_word' id='word_1_242' title='bbox 863 2562 895 2588; x_wconf 88' lang='lat'><em>15</em></span> <span class='ocrx_word' id='word_1_243' title='bbox 913 2562 1020 2593; x_wconf 45' lang='lat' dir='ltr'><em>al&#39;mator</em></span> <span class='ocrx_word' id='word_1_244' title='bbox 1039 2561 1064 2586; x_wconf 91' lang='lat' dir='ltr'><em>P</em></span> 
     </span>
    </p>
   </div>
   <div class='ocr_carea' id='block_1_13' title="bbox 360 2637 1290 2675">
    <p class='ocr_par' dir='ltr' id='par_1_13' title="bbox 360 2637 1290 2675">
     <span class='ocr_line' id='line_1_41' title="bbox 360 2637 1290 2675; baseline -0.004 -8"><span class='ocrx_word' id='word_1_245' title='bbox 360 2641 427 2675; x_wconf 86' lang='lat' dir='ltr'>[VL]</span> <span class='ocrx_word' id='word_1_246' title='bbox 458 2640 592 2675; x_wconf 47' lang='lat' dir='ltr'><em>Scriptum</em></span> <span class='ocrx_word' id='word_1_247' title='bbox 609 2643 646 2667; x_wconf 77' lang='lat' dir='ltr'><em>est</em></span> <span class='ocrx_word' id='word_1_248' title='bbox 664 2649 690 2667; x_wconf 86' lang='grc' dir='ltr'><em>α.</em></span> <span class='ocrx_word' id='word_1_249' title='bbox 709 2640 768 2674; x_wconf 81' lang='grc'>865,</span> <span class='ocrx_word' id='word_1_250' title='bbox 788 2641 838 2672; x_wconf 76' lang='lat' dir='ltr'><em>cfr.</em></span> <span class='ocrx_word' id='word_1_251' title='bbox 857 2638 979 2666; x_wconf 69' lang='lat' dir='ltr'><em>schram-s</em></span> <span class='ocrx_word' id='word_1_252' title='bbox 993 2646 1058 2672; x_wconf 75' lang='lat' dir='ltr'><em>pay.</em></span> <span class='ocrx_word' id='word_1_253' title='bbox 1077 2638 1126 2665; x_wconf 81' lang='lat'><em>531</em></span> <span class='ocrx_word' id='word_1_254' title='bbox 1148 2637 1214 2671; x_wconf 70' lang='lat' dir='ltr'><em>Ray.</em></span> <span class='ocrx_word' id='word_1_255' title='bbox 1235 2637 1290 2664; x_wconf 86' lang='lat'>184.</span> 
     </span>
    </p>
   </div>
   <div class='ocr_carea' id='block_1_14' title="bbox 252 2690 1628 2778">
    <p class='ocr_par' dir='ltr' id='par_1_14' title="bbox 252 2690 1628 2778">
     <span class='ocr_line' id='line_1_42' title="bbox 358 2690 1173 2727; baseline -0.004 -8"><span class='ocrx_word' id='word_1_256' title='bbox 358 2693 439 2727; x_wconf 80' lang='lat' dir='ltr'>[VIL]</span> <span class='ocrx_word' id='word_1_257' title='bbox 460 2693 496 2727; x_wconf 74' lang='grc'><strong>[1.]</strong></span> <span class='ocrx_word' id='word_1_258' title='bbox 526 2692 660 2726; x_wconf 72' lang='lat' dir='ltr'><em>Sc‘m&#39;ptum</em></span> <span class='ocrx_word' id='word_1_259' title='bbox 678 2694 714 2718; x_wconf 78' lang='lat' dir='ltr'><em>est</em></span> <span class='ocrx_word' id='word_1_260' title='bbox 731 2700 757 2718; x_wconf 86' lang='grc' dir='ltr'><em>α.</em></span> <span class='ocrx_word' id='word_1_261' title='bbox 776 2691 839 2723; x_wconf 86' lang='grc'>869;</span> <span class='ocrx_word' id='word_1_262' title='bbox 863 2691 913 2723; x_wconf 75' lang='lat' dir='ltr'><em>cfr.</em></span> <span class='ocrx_word' id='word_1_263' title='bbox 931 2697 1017 2724; x_wconf 74' lang='lat' dir='ltr'><em>supra</em></span> <span class='ocrx_word' id='word_1_264' title='bbox 1030 2698 1094 2724; x_wconf 69' lang='lat' dir='ltr'><em>paq.</em></span> <span class='ocrx_word' id='word_1_265' title='bbox 1113 2690 1173 2717; x_wconf 80' lang='lat'>407.</span> 
     </span>
     <span class='ocr_line' id='line_1_43' title="bbox 252 2738 1628 2778; baseline -0.005 -7"><span class='ocrx_word' id='word_1_266' title='bbox 252 2753 346 2778; x_wconf 67' lang='lat' dir='ltr'><em>pravos</em></span> <span class='ocrx_word' id='word_1_267' title='bbox 357 2752 482 2771; x_wconf 74' lang='lat' dir='ltr'><em>suasores</em></span> <span class='ocrx_word' id='word_1_268' title='bbox 493 2752 521 2771; x_wconf 77' lang='lat' dir='ltr'><em>eo</em></span> <span class='ocrx_word' id='word_1_269' title='bbox 537 2745 587 2771; x_wconf 78' lang='lat' dir='ltr'><em>erit</em></span> <span class='ocrx_word' id='word_1_270' title='bbox 599 2744 731 2771; x_wconf 75' lang='lat' dir='ltr'><em>adductus</em></span> <span class='ocrx_word' id='word_1_271' title='bbox 748 2746 779 2770; x_wconf 82' lang='lat' dir='ltr'><em>ut</em></span> <span class='ocrx_word' id='word_1_272' title='bbox 796 2753 815 2770; x_wconf 88' lang='lat' dir='ltr'><em>a</em></span> <span class='ocrx_word' id='word_1_273' title='bbox 833 2751 903 2770; x_wconf 79' lang='lat' dir='ltr'><em>naeae</em></span> <span class='ocrx_word' id='word_1_274' title='bbox 920 2742 1078 2769; x_wconf 78' lang='lat' dir='ltr'><em>collectionis</em></span> <span class='ocrx_word' id='word_1_275' title='bbox 1096 2741 1205 2768; x_wconf 73' lang='lat' dir='ltr'><em>decretis</em></span> <span class='ocrx_word' id='word_1_276' title='bbox 1222 2740 1331 2773; x_wconf 69' lang='lat' dir='ltr'><em>recedat,</em></span> <span class='ocrx_word' id='word_1_277' title='bbox 1350 2743 1414 2766; x_wconf 80' lang='lat' dir='ltr'><em>rata</em></span> <span class='ocrx_word' id='word_1_278' title='bbox 1432 2739 1524 2766; x_wconf 79' lang='lat' dir='ltr'><em>reddet</em></span> <span class='ocrx_word' id='word_1_279' title='bbox 1543 2738 1628 2765; x_wconf 62' lang='grc' dir='ltr'><em>ι’πίία,</em></span> 
     </span>
    </p>
   </div>
   <div class='ocr_carea' id='block_1_15' title="bbox 255 2797 743 2830">
    <p class='ocr_par' dir='ltr' id='par_1_15' title="bbox 255 2797 743 2830">
     <span class='ocr_line' id='line_1_44' title="bbox 255 2797 743 2830; baseline -0.002 -7"><span class='ocrx_word' id='word_1_280' title='bbox 255 2800 291 2823; x_wconf 63' lang='lat' dir='ltr'><em>cxl</em></span> <span class='ocrx_word' id='word_1_281' title='bbox 310 2805 335 2823; x_wconf 81' lang='grc' dir='ltr'><em>α.</em></span> <span class='ocrx_word' id='word_1_282' title='bbox 355 2797 419 2827; x_wconf 77' lang='grc' dir='ltr'><em>87ος</em></span> <span class='ocrx_word' id='word_1_283' title='bbox 439 2798 487 2829; x_wconf 71' lang='lat' dir='ltr'><em>cfr.</em></span> <span class='ocrx_word' id='word_1_284' title='bbox 506 2804 591 2830; x_wconf 69' lang='lat' dir='ltr'><em>supra</em></span> <span class='ocrx_word' id='word_1_285' title='bbox 608 2805 666 2830; x_wconf 67' lang='lat' dir='ltr'><em>pay.</em></span> <span class='ocrx_word' id='word_1_286' title='bbox 685 2797 743 2822; x_wconf 71' lang='lat'>408.</span> 
     </span>
    </p>
   </div>
   <div class='ocr_carea' id='block_1_16' title="bbox 1278 2684 1905 2771">
    <p class='ocr_par' dir='ltr' id='par_1_16' title="bbox 1278 2684 1905 2771">
     <span class='ocr_line' id='line_1_45' title="bbox 1278 2684 1905 2722; baseline -0.01 -7"><span class='ocrx_word' id='word_1_287' title='bbox 1278 2689 1294 2715; x_wconf 80' lang='lat'>9</span> <span class='ocrx_word' id='word_1_288' title='bbox 1313 2688 1363 2715; x_wconf 88' lang='lat' dir='ltr'><em>Cui</em></span> <span class='ocrx_word' id='word_1_289' title='bbox 1381 2696 1416 2714; x_wconf 83' lang='lat' dir='ltr'><em>sc.</em></span> <span class='ocrx_word' id='word_1_290' title='bbox 1436 2686 1581 2722; x_wconf 80' lang='lat' dir='ltr'><em>pitati0103</em></span> <span class='ocrx_word' id='word_1_291' title='bbox 1602 2686 1617 2712; x_wconf 87' lang='grc' dir='ltr'><em>ἰ.</em></span> <span class='ocrx_word' id='word_1_292' title='bbox 1636 2694 1658 2712; x_wconf 81' lang='lat' dir='ltr'><em>e.</em></span> <span class='ocrx_word' id='word_1_293' title='bbox 1675 2685 1700 2712; x_wconf 74' lang='lat' dir='ltr'><em>si</em></span> <span class='ocrx_word' id='word_1_294' title='bbox 1719 2684 1842 2712; x_wconf 75' lang='lat' dir='ltr'><em>Karalus</em></span> <span class='ocrx_word' id='word_1_295' title='bbox 1856 2691 1905 2717; x_wconf 75' lang='lat' dir='ltr'><em>per</em></span> 
     </span>
     <span class='ocr_line' id='line_1_46' title="bbox 1699 2735 1904 2771; baseline -0.005 -8"><span class='ocrx_word' id='word_1_296' title='bbox 1699 2736 1745 2771; x_wconf 66' lang='lat' dir='ltr'><em>[nn]</em></span> <span class='ocrx_word' id='word_1_297' title='bbox 1765 2735 1904 2769; x_wconf 51' lang='lat' dir='ltr'><em>Scriptum</em></span> 
     </span>
    </p>
   </div>
  </div>
 </body>
</html>
