2138 3106
302 160 335 189 31
346 161 362 188 2
905 155 1070 182 CARMINA
1091 154 1354 182 CENTULENSIA.

1038 309 1216 342 XXXVII.

1022 374 1037 409 Ι
1064 373 1095 408 Τ
1123 373 1152 408 Ε
1178 373 1226 409 Μ.

666 449 800 481 Credita
822 451 897 480 sunt
920 457 1001 480 urna
1025 449 1154 491 pietatis
1178 448 1326 479 membra
1350 448 1410 479 sub
1435 447 1498 479 ista

710 501 854 532 Veridici
877 499 1012 532 Asberti
1036 504 1134 542 atque
1162 500 1256 531 simul
1279 499 1440 531 monachi.

667 554 729 590 Qui
753 554 871 585 multos
896 553 1030 585 nimium
1053 554 1138 587 iuste
1163 553 1279 586 dilexit
1301 554 1435 592 amicos,

710 605 823 637 Mundi
848 608 1008 637 rectorem
1033 616 1094 637 nee
1117 605 1225 637 minus
1250 608 1283 636 et
1306 604 1482 636 dominum.

620 666 630 683 ⁵
667 658 731 689 Iuli
755 669 830 689 nam
853 657 966 689 Nonas
990 657 1071 689 obiit
1094 657 1237 689 feliciter
1259 658 1331 699 ipse

712 709 994 751 Grandaevusque
1019 709 1110 749 satis,
1134 709 1250 751 plenus
1273 719 1383 740 amore
1408 708 1472 750 pio.

668 762 765 793 Hunc
789 761 984 803 quicumque
1008 761 1091 802 legis
1115 761 1256 801 titulum,
1280 761 1341 800 dic,
1365 761 1475 800 lector,
1500 759 1622 791 habere

712 813 807 845 Illius
831 813 959 844 veniam
983 815 1082 855 atque
1107 813 1234 844 animae
1259 813 1415 855 requiem.

1033 1079 1229 1112 XXXVIII.

1011 1144 1026 1179 I
1065 1143 1096 1178 T
1138 1143 1166 1178 E
1205 1143 1253 1179 M.

670 1218 795 1249 Abdita
818 1221 894 1249 sunt
918 1218 1035 1260 capulo
1058 1218 1246 1260 Leutgaudi
1270 1217 1417 1249 membra
1440 1217 1499 1248 sub
1523 1217 1597 1255 isto,

672 1270 767 1302 Eheu
792 1271 846 1312 qui
870 1270 1007 1302 nimium
1031 1270 1157 1302 iuvenis
1182 1270 1244 1301 cito
1269 1270 1382 1312 lapsus
1406 1269 1439 1300 in
1463 1268 1559 1300 Oreo.

672 1322 729 1354 Bis
753 1322 854 1354 denos
879 1333 980 1353 annos
1006 1322 1165 1354 iuveniles
1192 1322 1263 1364 ipse
1287 1321 1427 1360 ferebat,

672 1374 765 1405 Unus
789 1377 859 1405 erat
883 1385 982 1416 super
1005 1385 1043 1405 ae
1067 1373 1194 1405 medius
1218 1374 1287 1405 fere
1311 1373 1441 1415 iamque
1465 1376 1630 1415 peractus,

623 1433 634 1451 ⁵
671 1426 795 1457 Octavo
820 1425 947 1457 decimo
971 1425 1097 1468 Magias
1121 1425 1263 1468 obiitque
1288 1424 1468 1456 Kalendas,

674 1478 746 1509 Has
770 1478 964 1520 quicumque
988 1478 1080 1520 legis,
1105 1478 1219 1517 lector,
1244 1477 1401 1508 miserere
1431 1476 1562 1518 sepulti,

671 1530 765 1562 Illius
789 1533 825 1561 ut
850 1530 979 1562 veniam
1003 1532 1160 1572 praestet,
1185 1529 1256 1561 sine
1280 1529 1344 1560 fine
1369 1527 1512 1570 quietem

672 1582 889 1625 Omnipotens
913 1582 1052 1622 animae,
1075 1582 1159 1613 iuste
1183 1582 1239 1624 qui
1263 1582 1381 1613 cuncta
1404 1579 1577 1622 gubernat.

1054 1849 1203 1880 XXXIX
1209 1872 1216 1879 .

304 1920 328 1935 a.
347 1910 518 1935 844—846?
671 1910 698 1940 O
724 1913 817 1952 pater
841 1910 984 1951 egregie,
1009 1909 1114 1951 regali
1138 1909 1298 1950 sanguine
1322 1911 1443 1947 cretus⁷

714 1961 869 1992 Partibus
893 1962 1038 2003 utrisque
1063 1961 1216 1993 nobiliter
1238 1960 1380 2002 genitus,

673 2012 819 2044 Consilio
844 2013 981 2055 pollens,
1006 2013 1149 2055 prudens
1174 2013 1296 2044 domini
1319 2023 1379 2044 ceu
1404 2022 1540 2054 serpens

715 2064 753 2095 In
778 2065 878 2096 sacris
903 2065 1032 2107 scriptis
1057 2064 1321 2106 carminibusque
1346 2064 1454 2102 simul,

624 2124 635 2142 ⁵
673 2116 841 2158 Simplicis
866 2127 903 2148 ac
927 2117 1073 2148 retinens
1098 2116 1241 2148 animum
1265 2116 1336 2147 sine
1361 2115 1437 2147 felle
1462 2115 1644 2155 columbae,

717 2169 822 2201 Elatis
846 2168 955 2208 durum
981 2168 1111 2200 mitibus
1135 2171 1232 2211 atque
1257 2167 1401 2199 humilis:

673 2221 782 2252 Fortis
806 2221 838 2252 in
862 2220 1020 2260 adversm,
1044 2220 1114 2252 sitis
1139 2219 1198 2252 sed
1221 2220 1344 2259 fortior,
1369 2221 1461 2261 opto;

718 2272 866 2304 Cernuus
890 2272 1020 2304 assidue
1044 2272 1106 2304 hoe
1129 2272 1234 2314 rogito
1257 2271 1410 2303 famulus.

674 2325 877 2356 Incolumem
901 2324 1051 2356 dominus
1075 2335 1133 2356 vos
1157 2335 1244 2356 nune
1268 2326 1442 2356 conservet
1463 2324 1496 2355 in
1522 2334 1639 2355 aevum

613 2384 637 2403 10
715 2377 766 2408 Ae
789 2377 911 2409 tribuat
934 2377 1026 2409 vobis
1050 2378 1198 2420 praemia
1219 2377 1363 2408 luciflua.

411 2541 563 2574 [XXXVII]
586 2541 597 2566 l
619 2551 655 2567 an
673 2541 815 2567 *Conditm

413 2635 589 2670 [xxxviii]
616 2636 661 2668 cfr.
686 2636 820 2662 XXXII.

413 2695 562 2730 [XXXIX]
584 2696 708 2730 Carmen,
734 2696 807 2730 quod
830 2697 974 2723 neniarum
995 2696 1085 2722 seriem
1107 2695 1290 2729 interrumpit,
1305 2697 1375 2729 'post
1398 2703 1503 2721 annum
1521 2694 1572 2721 844
1591 2697 1623 2720 ut
1644 2693 1750 2720 videtur
1767 2693 1897 2719 insenum
1918 2695 1964 2720 est.

299 2741 424 2774 'Micon
441 2763 475 2767 —
494 2755 558 2773 nam
582 2747 606 2774 is
632 2748 734 2774 videtum
758 2748 863 2781 secisse,
889 2749 939 2781 cfr.
967 2757 988 2775 v.
1007 2750 1023 2775 6
1050 2756 1110 2775 cum
1127 2756 1149 2776 c.
1165 2748 1317 2782 XXXIIL
1331 2749 1347 2775 6
1360 2763 1392 2767 —-
1406 2747 1441 2774 in
1469 2746 1636 2774 Ludovico
1661 2745 1778 2772 abbate
1795 2745 1964 2772 Danorum

307 2801 420 2825 metum
442 2799 627 2832 mmmmm
643 2800 691 2832 cfr.
710 2808 795 2834 supra
809 2809 838 2834 p.
857 2800 916 2827 268.
