2138 3106
0 159 4 197 f
685 157 734 183 AD
753 156 1042 184 KARLOMANNUM
1060 157 1106 183 ΕΤ
1124 157 1368 185 WELPHONEM.
1788 159 1850 190 337

566 244 684 276 Nullus
707 245 739 275 in
763 243 824 276 hoc
848 246 989 286 stupeat,
1013 244 1088 286 quia
1111 244 1157 275 sic
1180 244 1247 276 fors
1271 244 1380 276 omnia
1403 247 1524 276 versat:

612 295 666 327 Sic
690 295 828 327 mundus
852 296 971 338 coepit,
995 298 1145 338 tempora
1169 296 1278 338 sicque
1302 299 1421 328 rotant.

568 347 809 389 Francigenum
832 347 925 378 nobis
949 348 1054 379 valuit
1076 348 1201 379 nullum
1224 348 1384 390 potiorem

503 412 529 431 20
609 399 795 431 Praelatum
818 402 929 431 vester
952 399 1075 440 eligere
1098 399 1236 441 genitor.

568 451 634 484 Sed
656 454 766 483 metuo
790 455 882 483 tanta
905 452 1014 494 specie
1038 461 1098 482 nos
1122 451 1208 482 haud
1231 451 1299 483 fore
1323 451 1437 494 dignos

609 503 755 545 Indignis
778 503 897 535 nostris
920 513 978 545 pro
1002 503 1134 534 nimium
1158 504 1299 536 meritis:

567 555 679 598 Ipsam
700 566 775 588 nam
798 556 939 598 petimus
962 554 1092 597 dignam
1116 559 1307 587 reverenter
1330 555 1452 587 habere

610 607 708 639 Calce
730 610 827 639 tenus
851 608 938 639 vitae
961 607 1062 650 ipsius
1086 607 1250 649 egregiae.
1270 626 1307 630 -

501 671 526 690 25
565 658 692 697 Inclite,
715 669 800 690 nunc
825 658 866 690 ad
889 669 956 697 vos,
980 662 1100 701 pastor,
1124 669 1198 690 mea
1222 659 1322 691 verba
1346 659 1488 697 reflecto,

610 709 756 752 Surgens
778 710 942 752 magnifici
965 710 1005 742 de
1029 711 1132 742 latere
1155 710 1280 742 Karoli.

567 762 636 794 Iam
660 762 727 794 bini
751 762 891 794 revoluti
917 763 1003 801 anni,
1027 762 1115 801 mihi,
1141 765 1215 793 sunt
1238 772 1374 804 quoque,
1398 765 1570 804 postquam

610 813 683 846 Stat
707 815 878 846 commissa
903 814 998 846 huius
1022 818 1116 857 porta
1138 814 1336 851 monasterii,

563 865 716 898 Reddere
738 876 836 909 quam
858 866 1010 898 desidero
1034 876 1120 898 nunc
1143 865 1373 908 dominumque
1398 876 1514 908 rogare

500 929 526 949 πο
606 917 670 949 Pro
693 918 783 950 vobis
807 918 927 960 iugiter
948 928 1066 960 meque
1090 918 1188 950 etiam
1212 917 1343 960 pariter,

565 969 669 1002 Fama
690 970 778 1002 mala
801 980 842 1002 ne
867 980 919 1002 me
943 970 1012 1001 sine
1036 970 1134 1012 culpa
1156 970 1239 1001 forte
1263 972 1427 1011 sequatur,

609 1020 723 1057 Qualis
747 1021 812 1053 iam
837 1025 962 1053 vestras
986 1022 1074 1053 venit
1098 1021 1137 1053 ad
1162 1021 1335 1053 auriculae.

566 1073 632 1106 Sed
655 1073 819 1106 dominum
842 1077 947 1106 testor
969 1084 1030 1106 nec
1054 1084 1119 1106 non
1142 1077 1353 1115 nostrumque
1378 1073 1574 1115 professum:

607 1124 682 1157 Hoc
705 1135 817 1163 verum
840 1125 946 1158 fateor
968 1136 1045 1158 vere
1068 1126 1138 1157 fore
1162 1126 1304 1157 minime.

499 1189 524 1209 ³5
561 1176 607 1209 At
630 1177 657 1209 si
680 1180 747 1210 tam
770 1187 927 1221 perverse
950 1188 1050 1220 agere
1073 1188 1111 1209 ac
1135 1177 1286 1220 nequiter
1309 1176 1517 1217 studuissem,

606 1228 788 1272 Paupertas
811 1229 879 1262 alta
901 1229 963 1261 hoc
986 1229 1119 1261 minime
1144 1229 1277 1262 sineret.
1298 1247 1337 1252 --

609 1279 693 1323 [Hoc
716 1281 783 1313 alta
806 1284 938 1324 egestas
962 1291 1021 1314 nec
1044 1281 1166 1313 sineret
1188 1279 1346 1323 nimium]

564 1331 711 1365 Invidiae
734 1332 849 1372 fomes,
874 1332 1028 1365 studuisti
1052 1336 1188 1375 tangere
1212 1343 1269 1364 cur
1291 1343 1353 1371 me‚

608 1383 690 1416 Cum
713 1383 754 1417 de
777 1384 978 1428 pauperibus
1002 1388 1068 1416 stat
1090 1384 1148 1416 tibi
1172 1395 1250 1416 cura
1272 1385 1375 1416 levis?

498 1448 524 1468 ιο
561 1435 628 1468 Sed
649 1437 743 1480 pravi
766 1447 882 1469 suasor
904 1447 969 1468 non
993 1439 1026 1468 te
1050 1437 1127 1468 sinit
1149 1447 1224 1468 esse
1250 1447 1411 1476 serenam,

606 1488 660 1520 Me
684 1499 783 1532 super
805 1488 926 1521 idcirco
951 1489 1155 1531 sollicitaque
1179 1499 1302 1521 manes.

563 1539 625 1573 Est
647 1541 768 1573 etenim
792 1545 909 1573 natura
932 1544 988 1573 tua
1011 1544 1115 1573 temet
1138 1540 1293 1579 cruciare,

607 1591 654 1624 Te
677 1593 794 1625 merito
817 1592 935 1624 rodunt
957 1593 1165 1635 alteriusque·
1182 1592 1276 1624 bona.

562 1643 710 1676 Invidiae
733 1654 819 1676 nunc
843 1645 886 1676 sit
908 1645 998 1676 finis:
1023 1655 1206 1683 caveamus,
1229 1647 1265 1676 ut
1288 1644 1360 1687 ipsa

497 1707 523 1727 4⁵
602 1695 633 1727 A
657 1695 752 1728 nobis
775 1696 890 1738 fugiat,
914 1707 981 1739 pax
1004 1696 1124 1728 caritas
1149 1698 1290 1728 maneat.
1308 1714 1347 1719 —

563 1746 615 1779 Ad
638 1747 762 1780 calcem
784 1751 908 1791 repete,
933 1748 1039 1791 capite
1065 1747 1151 1790 quod
1174 1758 1271 1791 supra
1294 1747 1411 1791 petivi:

605 1798 702 1835 Quod
724 1810 782 1832 vos
805 1799 930 1832 exaltet
954 1799 1274 1844 cunctipotens(que)
1299 1803 1402 1842 regat,

561 1850 714 1883 Etherias
736 1851 838 1884 faciat
860 1851 957 1884 sedes
981 1856 1056 1895 post
1079 1851 1236 1884 scandere
1259 1852 1367 1892 finem,

606 1902 689 1935 Cum
711 1903 839 1936 venerit
862 1903 964 1936 fultus
988 1904 1135 1936 coetibus
1158 1904 1327 1947 angelicis.

977 2145 1064 2179 CVI.

562 2215 736 2248 Mellifluas
760 2225 913 2258 cuperem
936 2215 1029 2247 vobis
1052 2214 1228 2258 depingere
1252 2215 1377 2251 laudes,
1739 2224 1763 2240 a·
1782 2217 1842 2240 870-

563 2267 598 2299 Si
621 2267 767 2300 clausum
792 2268 870 2299 mihi
893 2268 1119 2310 cunctipotens
1143 2278 1275 2299 sensum
1299 2270 1490 2305 reserasset,

566 2319 698 2351 Visibus
721 2323 819 2362 atque
842 2319 923 2352 meis
948 2319 1116 2351 tribuisset
1139 2329 1272 2351 cernere
1296 2318 1372 2350 solis

561 2370 735 2411 Ardorem,
760 2371 946 2404 venerande
970 2374 1073 2414 pater,
1097 2371 1294 2414 nimiumque
1317 2369 1471 2412 cupitum.

303 2514 334 2540 17
352 2516 390 2542 sie
407 2518 458 2542 son
475 2517 504 2543 ἐπ
521 2518 538 2543 l.
557 2527 579 2543 r.
598 2518 623 2543 B
747 2518 782 2544 ‘23
799 2517 948 2545 *reuerenffi
965 2518 991 2543 B
1110 2517 1145 2543 ⁶24
1167 2518 1269 2550 egregie
1287 2517 1312 2542 B
1432 2516 1467 2542 25
1485 2517 1588 2543 reflecffi
1606 2517 1632 2542 B
1733 2517 1767 2543 37
1780 2537 1787 2549 ,
1799 2519 1842 2551 qui

198 2565 285 2583 moue
301 2558 476 2593 dinem-aphia
491 2565 528 2586 est
543 2570 631 2587 verum
648 2560 691 2593 36,
711 2570 788 2594 nuper
805 2570 908 2587 eranum»
925 2560 960 2587 38
977 2561 1077 2594 scripsit
1095 2560 1119 2585 B
1233 2560 1267 2585 39
1285 2569 1321 2584 an
1339 2559 1421 2585 *stettss
1535 2558 1571 2585 40
1587 2558 1691 2593 ⁴''prauis
1707 2569 1798 2586 suasor
1816 2561 1842 2586 B

198 2598 232 2625 42
249 2604 318 2627 tenet
334 2601 360 2626 B
376 2611 442 2628 corr.
461 2602 559 2629 Reum.
663 2603 698 2630 45
716 2605 805 2638 sugent
822 2604 848 2629 B
949 2602 982 2629 47
1001 2604 1177 2636 cunctipotens
1194 2603 1220 2628 B
1237 2612 1304 2628 corr.
1323 2602 1420 2628 Bethm.

301 2643 386 2678 [cvm
405 2645 418 2671 1
437 2645 577 2673 *Melliflun
594 2646 619 2672 B

301 2737 336 2763 28
353 2745 391 2771 sq.
409 2738 460 2771 cfr.
479 2746 565 2772 supra
578 2747 607 2773 p.
625 2739 685 2767 267.

302 2787 392 2824 [cvl]
411 2789 462 2816 Aa
486 2789 682 2825 Welphonem
699 2790 842 2817 abbatem
858 2798 879 2817 c.
898 2799 924 2818 a.
941 2791 994 2816 870
1007 2797 1114 2823 peregre
1130 2789 1239 2815 missum
1256 2790 1306 2822 cfr.
1325 2798 1411 2823 supra
1424 2799 1452 2823 p.
1471 2791 1521 2817 267
1539 2799 1576 2824 sq.

302 2846 406 2874 Pes-ru:
423 2856 506 2875 ωτιπι
523 2838 580 2875 η’νι
599 2848 723 2876 ΟΛιιοωκι
741 2848 790 2881 111,
801 2850 827 2876 2.
1601 2847 1635 2874 43
