2040 2996
403 1010 427 1028 10

402 1269 425 1288 15

396 2182 420 2200 10

395 2441 418 2460 1⁵

670 114 716 140 DE
734 114 960 142 REC'I'ORIBUS
979 115 1220 143 CHRISTIANIS.

586 200 666 236 Quis
690 201 829 232 carisma
852 201 962 244 placet
983 202 1084 243 pacis,
1109 206 1255 234 aromate

586 252 751 284 Virtutum
775 253 924 284 redolent
947 253 1031 284 sieut
1055 254 1184 285 olivifer

586 304 680 335 Mons
703 304 833 346 pinguis
857 304 994 336 domini:
1019 315 1081 346 quo
1104 305 1175 337 fluit
1198 306 1320 337 affatim

586 355 664 395 Lac,
688 356 752 388 mel
777 355 984 388 Christicolis
1006 357 1149 389 nectaris
1170 358 1281 389 ubere.

917 483 970 504 XX.

486 535 521 568 Si
544 548 610 581 pax
633 537 804 579 proveniat
827 547 886 568 seu
908 536 1066 579 plaudant
1088 538 1196 580 ampla
1219 541 1365 580 tropaea,

532 589 674 630 Arroget
697 589 847 620 incautus
871 589 950 620 talia
972 599 1068 620 nemo
1092 588 1167 620 sibi:

482 640 566 672 Nam
590 640 671 673 deus
695 641 898 672 omnicreans
920 641 1065 682 ingratos
1090 643 1188 682 atque
1212 642 1369 684 superbos

530 692 643 724 Mente
667 693 717 724 sui
741 692 847 724 cordis
871 692 996 735 spernit
1018 692 1141 734 ubique
1165 692 1282 728 duces;

488 743 605 786 Diligit
628 747 661 776 at
683 745 788 783 mites,
812 747 922 786 grates
946 744 1141 786 dominoque
1163 745 1323 777 ferentes:

530 795 632 828 Cuius
654 797 852 839 multiplices
875 796 1101 838 gratificantur
1124 807 1212 839 opes.

481 847 566 879 Nam
589 858 695 890 neque
719 847 850 880 divitiae
874 848 997 880 faciunt
1019 858 1126 889 neque
1149 858 1252 890 regna
1275 849 1400 888 beatos,

529 899 564 931 Si
587 911 651 932 non
675 900 874 932 celsithrono
898 900 969 931 laus
994 900 1036 931 sit
1058 899 1227 942 honorque
1250 901 1344 942 patri.

482 950 534 982 Ob
556 951 618 983 hoc
641 951 780 983 eximius
803 951 913 983 divino
938 961 1073 983 munere
1097 951 1248 994 princeps

528 1002 745 1045 Hymnidicas
771 1002 898 1042 laudes,
921 1006 998 1035 vota
1021 1003 1148 1045 deoque
1170 1003 1264 1043 serat,

480 1054 567 1086 Dum
591 1065 656 1098 pax
679 1054 810 1094 arridet,
833 1054 976 1086 tumidus
1000 1054 1076 1086 dum
1101 1055 1255 1087 sternitur
1278 1055 1392 1089 hostis,

527 1107 613 1139 Dum
637 1107 740 1150 pollet
762 1107 859 1139 terris
882 1108 976 1150 copia
998 1107 1096 1150 plena
1119 1107 1224 1146 bonis,

481 1158 567 1190 Dum
593 1159 674 1191 deus
699 1158 824 1191 exaltat
846 1169 958 1201 regem
981 1158 1200 1201 populumque
1222 1159 1394 1201 triumphis

526 1210 700 1252 Magnifice
724 1211 854 1253 plebem
877 1209 1090 1252 glorificando
1113 1221 1217 1242 suam.

478 1262 576 1294 Absit
598 1262 809 1294 murmurium
834 1262 964 1306 populo,
989 1272 1062 1294 cum
1085 1272 1205 1294 manna
1229 1261 1388 1294 redundet

527 1315 737 1357 Tranquillae
760 1316 850 1359 pacis
873 1315 1127 1358 multiplicisque
1151 1315 1241 1347 boni:

477 1367 612 1399 Cantica
635 1367 779 1399 laetitiae
802 1368 912 1410 potius
935 1367 1092 1399 tollantur
1114 1367 1146 1398 in
1171 1370 1275 1398 astra:

525 1419 639 1451 Tantis
662 1430 720 1462 pro
743 1419 836 1452 donis
859 1420 1050 1462 organizare
1073 1419 1178 1457 decet,

478 1471 619 1514 Spiritus
642 1472 845 1515 omnipotens
869 1471 956 1503 orbis
980 1470 1056 1503 dum
1081 1471 1214 1502 climata
1238 1470 1351 1513 replet,

522 1523 610 1555 Dum
633 1533 760 1567 quoque
783 1523 958 1566 terrigenis
982 1533 1083 1566 regna
1106 1533 1246 1566 superna
1270 1526 1392 1566 patent.

905 1652 968 1677 XXI.

476 1706 664 1741 Ortodoxus
687 1718 725 1741 ac
749 1708 866 1741 beatus
889 1708 944 1741 ille
967 1713 1075 1742 rector
1097 1709 1229 1749 eminet,

476 1760 541 1797 Qui
565 1761 617 1793 dei
641 1762 758 1793 timore
781 1764 906 1793 mactus
931 1764 1028 1804 atque
1053 1772 1163 1793 amore
1185 1759 1330 1793 fervidus

474 1812 562 1844 Ante
586 1813 677 1856 ponit
698 1813 755 1846 illa
778 1823 908 1856 semper
930 1814 1046 1846 aulicis
1070 1813 1220 1856 negotiis,

477 1863 663 1895 Christiana
685 1864 758 1906 quis
780 1864 902 1906 ubique
925 1864 1045 1896 crescit
1067 1864 1154 1896 alma
1176 1864 1296 1906 gloria;

475 1914 537 1951 Qui
561 1915 616 1958 pio
639 1919 754 1947 tenore
777 1919 889 1948 servat
911 1926 1007 1947 omne
1031 1915 1248 1958 privilegium,

475 1966 571 1999 Unde
594 1967 681 2009 regis
705 1967 879 1999 candidata
903 1978 1024 2010 sponsa
1048 1967 1169 1999 Christi
1192 1966 1349 2009 gaudeat;

475 2017 539 2054 Qui
563 2018 657 2060 lupos
681 2027 817 2061 rapaces
841 2021 931 2050 arcet
953 2018 1120 2060 aequitate
1143 2018 1243 2060 regia,

476 2069 662 2102 Christiana
685 2081 727 2102 ne
750 2073 940 2112 premantur
963 2070 1109 2112 inprobis
1133 2070 1240 2101 ovilia.

475 2121 551 2164 Ipse
575 2122 700 2154 zelotes
723 2126 758 2154 et
780 2122 881 2154 instat
904 2121 1021 2154 ardens
1045 2132 1135 2153 more
1160 2121 1314 2158 fulminis,

477 2173 631 2206 Emieans
656 2177 691 2206 et
713 2174 800 2206 ultor
822 2174 910 2206 ensis
935 2174 967 2205 in
992 2172 1158 2215 sequendo
1183 2173 1350 2215 reprobos.

475 2226 620 2258 Auribus
642 2225 798 2261 modestis
821 2225 877 2257 ille
901 2225 1002 2257 verba
1026 2225 1163 2267 tempnit
1186 2234 1295 2260 aurea,

474 2277 524 2310 Ne
547 2277 612 2310 mel
635 2287 692 2309 ore
717 2277 923 2319 suggerentis
946 2277 1002 2309 det
1025 2287 1152 2309 venena
1175 2276 1293 2308 toxica.

474 2329 559 2362 Nam
583 2330 678 2362 colax
701 2329 734 2360 in
757 2339 814 2361 ore
836 2331 945 2371 gestat
968 2332 1037 2360 arte
1062 2328 1161 2360 verba
1185 2328 1313 2367 mellea,

475 2381 590 2414 Cordis
612 2391 651 2413 ac
675 2381 747 2413 sinu
771 2383 913 2412 retentat
936 2381 1022 2412 intus
1045 2380 1122 2412 felle
1145 2379 1328 2411 machinas:

476 2433 539 2465 His
562 2433 767 2464 homunculis
790 2432 923 2465 resistat
947 2432 1148 2464 Christianus
1172 2431 1303 2470 arbiter,

475 2484 565 2517 Soita
587 2484 708 2526 legum,
731 2494 802 2515 mos
825 2487 860 2516 et
882 2483 960 2515 ordo
984 2483 1173 2526 patriaeque
1197 2481 1344 2523 regulae3

1710 122 1768 152 165

213 2594 275 2628 [xm]
301 2595 334 2621 10
355 2596 490 2622 lmuidieu
507 2595 532 2620 1¹
627 2595 660 2621 13
681 2594 783 2622 *exalto
801 2595 827 2620 P
881 2594 1036 2628 *triumphet
1054 2593 1078 2618 P
1174 2592 1205 2618 19
1227 2591 1320 2618 *refert
1336 2592 1362 2617 P

110 2636 124 2663 7
137 2639 232 2671 regiam
245 2647 312 2663 corr.
323 2637 348 2663 P

0 2665 2 2667 ’
47 2710 50 2712 Α
110 2680 348 2714 ιὸαιῡημν

211 2747 278 2782 [ιι]
296 2749 313 2774 6
331 2747 418 2774 Sedul.
433 2747 456 2781 Ι,
470 2749 504 2774 10
520 2756 637 2782 quorum
657 2748 829 2782 multiplices
853 2756 904 2774 nec
922 2748 1105 2774 numerantur
1123 2754 1197 2780 opes.

109 2807 230 2834 superna
248 2800 355 2834 patent.

427 2638 445 2663 8
456 2639 602 2664 Christiana
614 2647 646 2664 ne
659 2637 757 2671 Mut'm]
771 2638 863 2672 xpia-nc
875 2638 899 2663 1‘

433 2680 466 2706 1ss
482 2679 535 2705 *an
553 2689 608 2706 mos
626 2681 659 2706 sit
676 2682 745 2706 cordi
758 2681 771 2706 3

981 2637 1009 2662 ll
1025 2635 1167 2662 *modestos
1177 2635 1202 2660 P
1212 2636 1341 2660 modestus
1347 2635 1439 2669 ,Maius

1481 2592 1553 2626 [κη]
1576 2593 1593 2618 3
1611 2595 1724 2628 negociis
1737 2595 1762 2619 P

1526 2635 1559 2661 12
1570 2638 1728 2670 sucgerentis
1737 2638 1762 2662 P

1285 2746 1320 2771 20
1338 2745 1415 2772 Pon.
1427 2753 1447 2772 e.
1458 2754 1482 2780 9.
1497 2746 1551 2780 IV,
1568 2747 1607 2778 18,
1619 2747 1653 2773 24
1673 2755 1760 2780 regna
