2040 2996
669 123 716 151 DE
735 124 950 153 LEOBEGILDI
968 126 1218 155 BIBLIOTHECA.
1705 132 1763 162 135

410 216 436 234 ⁹⁰
487 209 550 241 Hic
573 213 684 243 textus
708 221 772 243 uno
795 211 928 243 milleno
954 213 1082 245 tramite
1105 214 1219 256 pollet,

487 261 642 304 Explicat
665 266 699 295 et
719 263 829 295 verbis
852 264 958 306 planis
980 275 1164 308 magnaque
1187 268 1322 299 revelat.

490 313 544 345 Sic
566 314 694 356 placide
717 315 816 347 currit
838 315 936 356 unda,
959 319 995 348 ut
1017 317 1084 348 alta
1106 317 1239 359 figuret:

489 366 542 398 Sic
565 367 631 399 alte
654 370 797 407 resonat,
820 367 964 400 breviter
985 370 1022 400 ut
1043 379 1144 411 parva
1165 370 1296 402 revisat.

487 419 635 452 Obscura
657 420 788 462 sapiens
811 422 949 452 centeno
972 431 1071 452 sensu
1094 422 1238 464 requirit,

409 477 434 495 ⁹⁵
486 470 613 513 Aperta
636 471 777 514 simplex
799 471 902 504 ambit
924 472 1091 515 mentique
1113 474 1270 506 recondit.

486 522 559 555 Hec
582 522 730 555 doctrina
752 526 870 567 potens
894 524 998 556 centri
1022 524 1195 567 splendore
1220 530 1379 564 coruscat,

487 574 638 617 'surgens
661 575 713 607 cui
736 575 824 607 cedit
844 575 903 608 illa
927 586 989 618 que
1012 579 1127 618 torque
1151 579 1313 610 tumescit.

486 626 621 659 Milleno
645 627 745 671 pollet
767 627 862 666 dono,
887 628 942 671 qui
964 629 1034 660 zelo
1057 629 1134 662 fidei

487 678 586 710 Clara
608 679 674 722 poli
699 680 823 722 releget
845 683 954 712 castus
978 680 1148 723 iustusque
1170 682 1325 724 piusque3

397 737 434 757 1⁰⁰
485 730 538 762 Ad
562 731 705 774 quisquis
729 731 845 771 hirsus,
870 742 966 764 cecus
990 732 1052 764 hec
1074 736 1185 766 mente
1208 735 1352 774 resolvit,

485 782 619 815 Milleno
642 786 727 815 tetro
749 783 894 816 fuscatur
917 794 1017 816 sensu
1040 787 1192 816 retortus.

485 834 558 868 Lex
579 834 657 869 fidei
679 835 768 868 fideli
791 835 891 868 currit
914 846 1109 879 semperque
1133 836 1249 877 fidelis,

485 886 593 922 Quum
614 897 771 930 perverse
794 887 860 920 viat
882 898 1056 931 perversus
1080 889 1175 921 corde
1199 889 1342 922 rebellis.

485 938 571 970 Unio
593 942 630 971 ut
653 939 774 972 conclis
798 939 901 972 claret
924 939 1106 982 candetque
1129 940 1294 983 nibetque,

395 997 431 1016 10⁵
486 989 606 1032 Sicque
629 990 710 1022 deus
734 990 859 1023 Oristus
882 991 986 1034 pollet
1008 992 1069 1024 sub
1093 993 1204 1025 littera
1226 996 1346 1025 tectus:

484 1042 562 1084 Ipse
583 1042 723 1075 iacintus
745 1043 839 1075 adest
861 1043 985 1076 undose
1007 1044 1099 1076 nobis
1123 1055 1306 1087 aquescens

485 1094 637 1127 Obscena
659 1098 792 1137 tergens
815 1095 979 1128 renobans
1002 1096 1114 1128 albore
1138 1096 1313 1135 redemtos,

484 1146 605 1188 Igneus
628 1146 680 1178 hic
703 1146 853 1179 dominus
874 1147 1004 1190 fulgens
1027 1147 1242 1180 carbunculus
1266 1148 1369 1188 ardet,

483 1198 571 1230 Dum
594 1201 711 1241 purgat
732 1197 852 1241 probra
874 1199 1012 1231 flammis
1036 1202 1068 1231 et
1091 1199 1221 1232 numine
1245 1200 1361 1237 vibrat,

389 1257 426 1275 ¹¹⁰
483 1249 671 1293 Eternoque
695 1250 800 1282 virore
824 1250 939 1292 vigens
963 1251 1017 1283 vel
1040 1255 1128 1284 certe
1151 1251 1354 1294 zmaragdus,

484 1301 589 1338 Quem
612 1302 783 1335 duodenus
805 1303 883 1335 ordo
906 1303 1051 1347 lapidum
1074 1314 1132 1346 per
1156 1305 1245 1336 secla
1268 1304 1411 1337 decorat.

483 1354 653 1398 Quemque
676 1358 856 1399 quaterque
880 1356 951 1389 seni
975 1357 1121 1389 seniores
1144 1357 1231 1389 flexu
1254 1360 1412 1389 venerant

482 1406 610 1450 Poplite
632 1407 679 1440 sic
702 1406 802 1440 curbo
825 1407 1054 1451 dominumque
1077 1419 1262 1451 agnumque
1285 1408 1457 1450 deumque.

481 1459 555 1492 Hec
578 1459 633 1492 lex
656 1462 779 1499 eterna,
803 1470 935 1503 semper
957 1459 1034 1493 dum
1059 1461 1148 1493 secla
1170 1461 1318 1500 recurrit,

393 1518 429 1537 ¹¹⁵
481 1511 617 1544 Naviter
638 1522 757 1544 sonans
778 1511 867 1544 nullo
890 1512 950 1544 sub
973 1513 1114 1545 termino
1139 1513 1258 1545 clausa.

482 1563 571 1596 Dum
594 1563 644 1596 sol
667 1563 741 1596 luce
763 1574 822 1596 sua
845 1564 951 1596 celum
974 1564 1027 1597 vel
1049 1567 1134 1611 tetra
1157 1567 1299 1605 serenat,

483 1615 592 1648 Cintia
613 1615 690 1647 dum
712 1618 824 1648 noctes
849 1616 948 1648 comit
969 1619 1004 1648 et
1025 1619 1110 1648 tetra
1132 1616 1271 1659 refugat,

483 1666 660 1710 stelligera
681 1667 786 1700 centri
809 1667 899 1700 varia
922 1666 1000 1700 dum
1024 1667 1132 1700 sidera
1154 1668 1294 1708 vibrant,

481 1719 568 1751 Dum
591 1722 708 1752 ventus
731 1719 835 1752 nubes
857 1719 984 1759 format,
1007 1719 1084 1752 dum
1106 1719 1195 1752 unda
1216 1723 1358 1760 resonat,

390 1777 428 1797 12⁰
479 1769 632 1814 Dumque
655 1771 723 1814 poli
744 1774 839 1814 porta
861 1781 981 1813 magna
1003 1772 1123 1804 virtute
1147 1771 1308 1812 retondat,

482 1822 633 1856 Fulmina
655 1822 732 1855 dum
754 1823 889 1855 rutilant
912 1823 989 1855 forti
1012 1823 1154 1856 iaculata
1176 1824 1311 1863 lacertu,

481 1873 634 1917 Dumque
657 1874 740 1906 viret
762 1874 871 1915 tellus,
893 1874 988 1907 floret
1011 1874 1087 1907 dum
1111 1875 1202 1908 silbis
1225 1876 1343 1919 opacis,

480 1925 629 1959 Dumosa
650 1926 857 1970 retinentque
880 1926 966 1959 feras
989 1937 1047 1970 per
1069 1927 1171 1959 lustra
1194 1927 1343 1967 reclines,

481 1978 568 2011 Dum
592 1988 708 2012 cervus
731 1978 850 2011 lebitcr
871 1979 958 2011 saltu
980 1979 1032 2011 vel
1055 1990 1154 2011 cornu
1176 1980 1314 2012 resultat

391 2035 428 2055 12²⁵
479 2028 524 2060 Et
545 2029 656 2061 torbus
678 2027 776 2062 dente
799 2033 924 2072 pugnat
946 2032 1112 2072 porcaster
1134 2030 1255 2062 obesus

479 2080 523 2112 Et
545 2084 679 2124 reptans
701 2081 802 2114 fluida
825 2082 986 2124 percurrit
1009 2082 1142 2114 flumina
1164 2082 1276 2125 piscis,

480 2131 568 2164 Dum
591 2132 740 2165 volucres
762 2133 878 2176 pennis
901 2133 986 2165 saltu
1008 2144 1067 2176 per
1090 2133 1202 2165 inania
1225 2133 1362 2166 tendunt

0 2185 3 2190 '
481 2183 525 2216 Et
547 2187 651 2217 rustro
675 2184 790 2228 pipant
812 2184 924 2218 dulces
947 2195 1005 2228 per
1027 2188 1159 2228 gutture
1183 2188 1304 2226 cantos,

0 2191 13 2289 ζ
480 2235 567 2268 Dum
589 2235 738 2269 homines
762 2236 875 2269 vibunt
896 2237 1027 2277 mundo,
1051 2237 1127 2269 dum
1150 2240 1254 2269 morte
1278 2237 1436 2276 recidunt,

219 2360 255 2387 94
270 2360 394 2388 'contem
406 2362 430 2388 0
513 2360 562 2387 103
579 2360 678 2394 *Quam
693 2362 716 2388 C'
729 2371 809 2395 quum
831 2367 854 2388 et
875 2372 943 2396 quur
958 2363 1065 2396 formae
1082 2363 1154 2395 apud
1171 2363 1303 2395 Hispanos
1326 2363 1449 2396 legitimae
1470 2365 1519 2393 cfr.
1537 2364 1630 2397 Hagen
1654 2364 1702 2389 th.
1717 2365 1754 2389 M.

118 2403 249 2436 XXXIV,
262 2404 311 2431 501
322 2405 455 2431 Baehrens
459 2414 488 2438 p.
499 2406 516 2430 l.
525 2414 558 2430 m.
569 2405 628 2437 III,
639 2405 692 2431 208
702 2414 740 2438 ep.
752 2406 789 2431 ad
801 2406 858 2432 Gal.
869 2406 908 2432 ed.
921 2407 1035 2431 Cernen.
1042 2415 1070 2438 p.
1082 2405 1114 2431 12
1123 2410 1197 2438 aeque
1207 2406 1244 2431 ita
1254 2406 1354 2438 scripsit
1367 2406 1525 2438 Theodulsus
1534 2408 1583 2437 cfr.
1593 2407 1754 2432 bibliothecae

117 2447 191 2472 codd.
197 2452 267 2480 poet.
280 2447 374 2474 Kame.
383 2448 408 2479 I,
419 2447 470 2474 532
481 2457 542 2481 sqq.¹
555 2449 770 2482 eaedenusormae
781 2449 952 2475 restituendae
961 2450 993 2475 ib.
1005 2458 1025 2475 c.
1035 2449 1116 2474 LXX
1122 2449 1148 2480 V,
1162 2449 1174 2474 1
1186 2453 1208 2474 et
1218 2448 1251 2474 63
1261 2448 1390 2481 LXXIX,
1403 2448 1418 2474 ‘1
1427 2459 1455 2482 p.
1463 2449 1514 2475 573
1525 2459 1576 2483 eqq.
1648 2449 1698 2475 110
1709 2449 1756 2476 *ιιι

117 2493 187 2515 certa
200 2490 223 2516 C
306 2489 357 2516 112
373 2490 495 2517 *venerat
510 2491 534 2517 C
616 2490 666 2517 125
683 2490 792 2525 *porcus
810 2496 849 2518 tor
862 2493 885 2518 0

220 2566 255 2594 90
270 2565 302 2594 de
320 2567 452 2594 aemilia
471 2567 520 2600 cfr.
541 2566 676 2600 Thoodulf.
694 2568 710 2595 1.
726 2576 746 2595 c.
766 2569 817 2595 163
833 2576 870 2602 sq.
890 2568 1043 2595 Verborum
1065 2569 1150 2601 atque
1172 2576 1258 2594 unum
1282 2576 1338 2594 non
1363 2569 1474 2595 mutans
1497 2567 1610 2595 tramite
1633 2568 1730 2595 callem
1751 2568 1755 2602 Ι

118 2617 158 2644 sic
182 2617 276 2652 plures
298 2627 370 2645 unus
391 2627 434 2646 res
454 2618 525 2646 bene
543 2627 631 2646 sermo
649 2620 737 2646 tonat.
826 2620 876 2646 100
890 2620 965 2653 yloss.
982 2619 1105 2652 Amplon.
1122 2618 1159 2644 ed.
1174 2618 1266 2645 Ochler
1283 2619 1367 2645 Iahns
1385 2619 1475 2646 Jahrb.
1493 2619 1578 2653 suppl.
1599 2619 1686 2652 XIII,
1705 2619 1756 2646 337

117 2667 196 2703 hirsi]
215 2668 324 2696 hirsuti.
417 2670 468 2697 108
485 2670 532 2703 dr.
550 2671 656 2705 Euyen.
679 2671 758 2698 Τοῖά.
776 2671 792 2698 Ζ.
809 2679 830 2698 c.
845 2679 872 2704 p.
885 2671 927 2698 40.
1018 2671 1065 2697 111
1086 2669 1181 2696 nidor.
1200 2673 1273 2704 etym.
1295 2670 1374 2697 XVI
1389 2679 1447 2704 cap.
1467 2671 1482 2697 7
1505 2679 1607 2706 genera.
1629 2671 1688 2697 eius
1711 2671 1754 2704 (sc.

117 2721 269 2756 smaragdi)
288 2721 441 2749 duodecim.
521 2723 571 2750 125
589 2723 717 2750 Aldhdm.
734 2722 766 2750 de
783 2722 861 2749 VIII
872 2722 943 2749 vitiis
959 2722 1010 2749 334
1029 2722 1099 2749 Dum
1117 2721 1212 2748 stratis
1230 2722 1364 2748 recubans
1382 2723 1524 2757 porcaster
1536 2723 1636 2759 pausat
1649 2722 1754 2750 obesus.

119 2772 169 2802 128
187 2772 312 2802 Amano.
330 2773 403 2800 haud.
421 2773 484 2809 viv-9.
504 2775 537 2802 15
554 2775 689 2805 Garrulae
706 2784 779 2813 quae
796 2775 892 2805 rostris
910 2777 1072 2805 resonantes
1089 2775 1200 2804 cantica
1218 2774 1325 2812 pipant.
