2138 3106
0 2135 9 2212 *ru-ew
0 2091 8 2121 ,η-

903 227 1110 256 ΕΡΙΤΑΡΗΙΑ.
1778 235 1839 265 333

951 356 1071 389 XCVI.
1739 371 1764 388 α.
1783 364 1838 388 867.

867 419 1158 458 EPYTAFIVM.

265 494 361 525 Anno
384 493 568 524 dominicae
592 493 822 524 incarnationis
845 492 1178 526 DOOOLXVII·sub
1202 495 1255 527 die
1279 496 1343 528 XV
1366 497 1441 530 Kal,
1464 498 1549 540 Aug.
1575 498 1758 541 (Herricus>
1795 492 1797 494 ¹

778 544 933 576 diaconus
957 546 1048 577 exuit
1071 546 1245 579 hominem.

551 613 595 644 Et
619 614 699 645 cinis
723 613 827 656 ipsius
851 614 975 645 tumulo
999 615 1175 656 requiescit
1197 615 1230 647 iu
1254 616 1331 647 isto:

596 664 649 696 Da
672 665 724 696 eui
749 668 954 708 perpetuam,
979 666 1218 708 cunctipotens,
1242 668 1400 709 requiem.

943 879 1081 913 XCVII.

890 943 905 979 I
945 943 976 979 T
1016 943 1046 979 E
1085 943 1133 980 M.

553 1017 653 1049 Cuius
676 1018 709 1049 in
734 1017 795 1049 hoc
819 1018 946 1049 tumulo
970 1029 1089 1061 corpus
1113 1019 1290 1061 requiescit
1313 1019 1492 1059 humatum,

595 1069 655 1101 Oui
679 1069 824 1101 clemens
847 1069 948 1101 vitam
973 1070 1028 1102 det
1051 1070 1201 1102 dominus
1226 1081 1389 1114 superam.

593 1120 622 1152 Ο
646 1121 739 1160 deus,
763 1124 932 1153 aeternam
956 1122 1007 1153 cui
1031 1122 1140 1154 tribue
1163 1123 1320 1165 requiem.

973 1338 1047 1371 IIC.
1734 1351 1759 1367 a.
1778 1344 1835 1368 868.

321 1405 417 1437 Anno
442 1406 561 1438 Christi
585 1407 829 1455 incarnationis—
843 1406 1109 1439 DCCCLXVIII
1133 1407 1193 1439 sub
1215 1407 1268 1439 die
1292 1408 1325 1439 II
1350 1407 1398 1439 Id.
1423 1409 1508 1450 Aug.
1532 1409 1700 1450 ingressus

727 1461 779 1490 est
802 1458 846 1491 M.
870 1459 955 1491 viam
979 1459 1151 1491 universae
1175 1459 1292 1492 carnis.

550 1527 660 1570 Ipsius
684 1531 718 1559 et
741 1538 859 1570 corpus
883 1528 1018 1560 recubat
1041 1529 1160 1560 tellure
1183 1528 1244 1560 sub
1268 1529 1348 1560 ista:

593 1579 763 1620 Vivorum,
785 1579 925 1619 domine,
950 1580 1037 1623 quod
1061 1581 1195 1623 regione
1219 1581 1302 1613 loca.

952 1665 1072 1698 ITEM.
1136 1667 1139 1672 ’

551 1725 594 1757 Et
615 1730 728 1758 manet
751 1726 911 1758 obductus
935 1729 1101 1770 petrarum
1126 1726 1210 1758 mole
1233 1726 1292 1758 sub
1316 1727 1395 1759 ista:

592 1777 716 1810 Lucem
740 1778 794 1810 cui
817 1778 898 1810 cede
922 1778 1098 1817 lucifluam,
1122 1778 1264 1810 domine.

950 1863 1072 1896 ITEM.

550 1924 593 1956 Et
615 1925 745 1956 cumulo
767 1924 912 1968 lapidum
936 1924 1070 1956 recubat
1093 1924 1144 1956 hic
1167 1927 1273 1956 tectus
1297 1924 1329 1956 in
1356 1935 1453 1956 urna:

593 1976 664 2016 Oui,
688 1987 817 2019 perpes,
841 1976 989 2008 dextram
1013 1976 1153 2019 porrige,
1177 1977 1254 2008 vita.
1279 1979 1379 2008 tuam.

982 2199 1037 2232 IC.

864 2263 1150 2300 EPYTAFIVM.

550 2329 728 2380 Sarcofago
751 2337 888 2370 recubat
909 2338 978 2369 sinc
1002 2337 1109 2380 pulsu,
1133 2337 1274 2377 Christe,
1299 2336 1359 2368 sub
1382 2337 1446 2368 isto

591 2389 706 2422 vitali:
731 2389 877 2432 requiem
901 2389 943 2422 da
966 2389 1018 2421 cui
1042 2391 1244 2432 perpetuam.

949 2474 1069 2507 ITEM.

550 2535 594 2567 Et
616 2536 702 2568 iacet
725 2536 776 2568 hie
803 2535 907 2568 sterili
931 2536 1098 2568 coniectus
1123 2546 1256 2578 corpore
1279 2538 1402 2567 terrae:

594 2587 694 2627 Cede,
718 2588 810 2627 deus,
835 2591 1000 2631 sceptrum
1026 2588 1077 2620 cui
1100 2590 1273 2631 penetrare
1297 2591 1399 2619 tuum.

287 2733 402 2768 [xcvl.]
420 2735 542 2761 Hei-ricus
559 2734 619 2767 (cfr.
631 2735 706 2766 infra
723 2743 827 2760 carmen
847 2735 879 2766 0)
898 2743 945 2759 ome
961 2734 997 2759 B:
1015 2742 1077 2759 nam
1094 2733 1157 2759 haec
1174 2734 1360 2766 epiqrammata
1378 2742 1409 2758 ex
1428 2732 1557 2766 lapislibua
1574 2734 1686 2759 cmzlecta
1703 2734 1834 2766 formulae

183 2779 261 2803 noluit
278 2787 331 2804 cue

289 2819 361 2854 [110]
381 2822 466 2846 camis
483 2821 511 2846 ἰπ
530 2822 547 2846 l.
565 2830 588 2846 r.
607 2819 635 2846 B

289 2862 350 2897 110]
371 2863 383 2889 l
405 2865 452 2889 into
469 2864 497 2889 in
516 2864 539 2904 1.,
551 2873 574 2890 r.
593 2864 618 2889 Β
