2060 3074
1811 0 1813 2 .
1825 6 1828 10 Γ
1839 0 2060 41 WWW

242 252 243 255 Ἰ
288 217 349 246 404
730 213 896 240 CARMINA
917 213 962 239 DE
983 212 1164 239 LUDOVICO
1186 213 1218 239 ΙΙ.
1238 212 1482 240 IMPERATORE.

1094 394 1120 427 Ι.

547 466 574 495 1.
596 462 730 502 Audite,
754 473 867 495 omnes
891 463 971 495 fines
995 466 1091 503 terre,
1115 452 1118 455 ¹
1180 473 1288 494 errore
1313 473 1387 494 cum
1409 462 1553 499 tristitia,

634 516 731 558 quale
756 515 863 547 scelus
887 515 956 547 fuid
978 515 1100 547 factum
1194 514 1386 546 Benevento
1411 514 1541 546 civitas:

634 567 841 599 Lhuduicum
865 567 1158 609 compreenderunt
1246 569 1359 598 sancto
1382 566 1435 609 pio
1459 566 1622 608 Augusto.

539 655 569 686 2.
592 652 818 686 Beneventani
843 663 878 685 se
901 653 1086 685 adunarunt
1173 652 1214 684 ad
1237 663 1335 684 unum
1359 651 1540 692 consilium,

634 705 804 737 Adelferio
827 705 1023 748 loquebatur
1111 708 1144 737 et
1167 705 1320 736 dicebant
1342 704 1496 747 principi:

634 757 673 788 ‘si
696 768 755 789 nos
779 767 853 789 eum
878 757 986 789 vivum
1010 756 1208 795 dimitemus,
1297 759 1384 789 certe
1408 766 1468 788 nos
1491 756 1680 799 peribimus·

539 844 567 874 3.
590 842 686 875 celus
710 853 865 885 magnum
887 843 1095 886 praeparavit
1182 843 1215 875 in
1239 843 1336 874 istam
1359 842 1565 885 provintiam,

634 905 769 937 regnum
793 898 940 927 nostrum
962 895 1058 927 nobis
1082 895 1175 935 tollit,
1263 905 1321 926 nos
1346 894 1445 926 habet
1468 905 1526 937 pro
1549 894 1697 929 nihilum,

632 947 743 990 plures
767 947 853 979 mala
875 947 969 979 nobis
992 947 1084 979 fecit:
1174 950 1299 979 rectum
1324 949 1373 979 est
1395 950 1431 978 ut
1453 946 1594 978 moriad.'

538 1035 567 1064 4.
590 1031 821 1075 Beposuerunt
843 1037 955 1065 sancto
977 1034 1032 1077 pio
1121 1033 1161 1065 de
1185 1044 1242 1065 suo
1266 1033 1408 1076 palatio:

630 1084 800 1118 Adelferio
825 1085 915 1117 illum
940 1085 1082 1118 ducebat
1168 1096 1272 1128 usque
1298 1085 1339 1116 ad
1362 1085 1550 1128 pretorium.

630 1137 684 1169 ille
708 1147 785 1170 vero
809 1137 894 1180 gade
918 1137 1022 1169 visum
1110 1141 1275 1179 tamquam
1298 1137 1340 1169 ad
1362 1137 1551 1169 martirium.

537 1225 566 1254 5.
588 1222 749 1255 Exierunt
773 1223 852 1255 sado
876 1227 909 1256 et
933 1223 1067 1256 saducto
1155 1223 1346 1256 inoviabant
1368 1223 1521 1266 imperio:

632 1278 686 1307 ete
709 1276 779 1318 ipse
804 1279 916 1308 sancte
939 1276 1012 1319 pius
1100 1276 1276 1318 incipiebat
1299 1275 1424 1308 dicere:

630 1329 805 1370 ‘tamquam
829 1327 871 1359 ad
894 1320 1055 1360 latronem
1079 1327 1214 1360 venistis
1303 1338 1375 1360 cum
1399 1327 1516 1369 gladiis
1541 1331 1574 1359 et
1597 1327 1748 1359 fustibus,

536 1415 566 1444 6.
589 1412 673 1445 Fuid
696 1415 759 1446 iam
782 1425 922 1457 namque
946 1417 1085 1457 tempus,
1110 1425 1167 1446 vos
1255 1414 1408 1446 allevavit
1430 1414 1463 1445 in
1487 1413 1652 1447 omnibus:

629 1465 722 1498 modo
746 1476 823 1498 vero
849 1467 1037 1498 surrexistis
1126 1466 1298 1498 adversum
1322 1476 1374 1497 me
1399 1465 1585 1497 eonsilium:

631 1518 742 1550 nescio
766 1529 824 1561 pro
849 1517 926 1560 quid
950 1528 1080 1550 causam
1169 1518 1267 1550 vultis
1291 1528 1342 1549 me
1367 1517 1527 1550 occidere.

536 1605 564 1636 7.
587 1602 766 1637 Generacio
790 1605 931 1637 crudelis
1019 1605 1095 1637 veni
1119 1604 1313 1644 interficere,

632 1657 836 1699 ecclesieque
861 1657 981 1689 sanctis
1005 1656 1057 1688 dei
1145 1657 1240 1689 venio
1264 1656 1411 1698 diligere,

629 1709 788 1750 sanguine
811 1709 886 1741 veni
909 1708 1084 1747 vindicare,
1173 1709 1383 1753 quodpsuper
1405 1711 1524 1740 terram
1548 1707 1638 1740 fusus
1662 1707 1733 1740 est!

534 1786 563 1827 8.
585 1793 726 1826 Kalidus
750 1795 804 1826 ille
828 1798 984 1827 temtator
1070 1797 1174 1827 ratum
1198 1795 1304 1837 adque
1327 1795 1458 1826 nomine

629 1857 781 1879 coronam
805 1847 932 1890 imperii
956 1847 1018 1879 sibi
1041 1847 1074 1879 in
1097 1850 1196 1890 caput
1283 1842 1382 1889 ponet
1405 1850 1438 1879 et
1461 1846 1590 1878 dicebat
1612 1846 1746 1888 populo:

627 1900 714 1931 ‘ecce
739 1909 850 1931 sumus
873 1899 1060 1942 imperator,
1148 1909 1278 1942 possum
1303 1899 1396 1930 vobis
1420 1897 1556 1940 regere.’

378 2026 418 2060 [L]
447 2027 470 2061 1,
485 2027 497 2054 1
517 2037 553 2053 απ
571 2037 655 2054 ori-ore
675 2029 788 2061 (horrore
801 2029 934 2062 Mur-at.)‘.l
1020 2029 1044 2060 2,
1058 2029 1075 2055 3
1092 2038 1151 2055 eum
1170 2029 1272 2062 *qlossa
1289 2034 1324 2055 est
1411 2029 1436 2061 4,
1449 2029 1465 2055 3
1483 2038 1519 2054 an
1536 2028 1727 2062 *gannim-nn?
1812 2029 1837 2062 5,
1851 2029 1865 2055 1
1885 2037 1921 2054 cm

274 2073 415 2100 *Exierunt
432 2080 457 2101 et
475 2076 596 2109 Saugdan
614 2077 754 2102 obviabant
772 2078 900 2110 imperio?
995 2077 1020 2109 5,
1033 2076 1050 2102 2
1072 2086 1108 2102 an
1125 2077 1167 2103 *et
1189 2077 1243 2103 en?
1321 2070 1460 2110 incipiebiit
1483 2076 1507 2100 V
1631 2076 1656 2108 6,
1670 2075 1683 2102 1
1708 2085 1795 2102 vernn
1812 2081 1922 2110 propter

273 2120 475 2152 monosyllabum
493 2124 551 2145 ame
570 2128 704 2147 caesuram
713 2121 824 2153 positum
838 2122 906 2146 male
919 2121 994 2146 habet
1010 2130 1090 2154 neque
1108 2121 1284 2147 attrectandue
1296 2125 1332 2146 eet
1393 2120 1418 2153 6,
1429 2119 1446 2145 3
1464 2129 1499 2144 αη
1518 2119 1655 2153 *quidnam
1666 2120 1678 2144 ⁴!
1763 2119 1787 2151 8,
1802 2119 1815 2146 1
1834 2124 1920 2146 ratum

274 2161 366 2195 adque]
385 2171 421 2187 an
439 2161 649 2196 *Saugdanque‘ss
666 2162 713 2195 cfr.
733 2163 757 2196 5,
773 2163 785 2189 l
893 2163 917 2196 8,
930 2163 946 2189 2
965 2165 1063 2197 imperii
1083 2164 1184 2197 *glossa
1202 2169 1238 2190 est
1308 2167 1384 2197 ponet
1403 2162 1436 2196 et]
1455 2172 1492 2188 an
1509 2163 1643 2196 *ponenstl

376 2247 418 2281 [1.]
451 2247 597 2282 Rhymmus
618 2248 725 2275 caman-i
749 2251 854 2283 coeptus
876 2252 913 2276 est
931 2252 993 2282 post
1017 2258 1041 2275 a.
1065 2248 1090 2276 d.
1119 2249 1185 2276 XV.
1211 2249 1274 2276 Kal.
1299 2248 1354 2275 Oct.
1378 2248 1442 2280 871;
1465 2248 1497 2275 dc
1519 2248 1598 2274 rebus
1621 2248 1651 2274 in
1677 2256 1706 2275 eo
1727 2249 1848 2275 narratis
1867 2248 1920 2282 cfr.

275 2297 460 2325 Muehlbaclwr
478 2299 543 2332 Rea.
562 2299 612 2326 467
622 2308 658 2334 sq.
730 2301 753 2332 1,
769 2301 781 2327 1
802 2301 904 2328 Audite
923 2309 1017 2328 omnes
1035 2301 1179 2330 multorum
1196 2300 1281 2327 onmis
1298 2300 1356 2326 aevi
1373 2299 1553 2334 rhythmorum
1571 2299 1680 2326 initium
1697 2302 1740 2334 est,
1760 2308 1813 2334 quo
1829 2299 1918 2327 imita·

273 2349 372 2376 bamur
391 2350 528 2377 Psalmum
545 2351 591 2383 42;
615 2351 662 2384 cfr.
687 2351 775 2378 Ulixis
794 2351 931 2379 chevalier
953 2352 1137 2386 Repertorium
1162 2351 1373 2387 hymnoloyicum
1392 2351 1413 2378 I
1420 2360 1486 2386 pay.
1504 2352 1536 2378 91
1547 2359 1592 2384 sq„
1611 2351 1642 2377 in
1658 2350 1716 2385 ipso
1734 2350 1824 2378 codice
1839 2350 1920 2378 Vero-

272 2402 348 2428 nansi
368 2402 390 2434 f.
412 2403 445 2429 2⁶
471 2403 578 2437 lequur:
603 2402 720 2430 Versum
743 2404 777 2431 de
801 2405 897 2432 natale
921 2405 1036 2432 domini.
1077 2405 1180 2432 Audite
1208 2413 1303 2440 omnes
1332 2411 1441 2430 versum
1469 2412 1565 2430 verum
1588 2411 1721 2437 magnum
1745 2402 1792 2437 (N.
1817 2403 1851 2430 A.
1875 2403 1922 2430 IV

269 2460 330 2486 pay.
351 2454 419 2488 152).
507 2454 531 2487 2,
544 2455 561 2481 2
579 2455 714 2488 Adelserio
731 2455 754 2481 is
771 2458 815 2489 est,
833 2455 864 2483 de
882 2465 936 2490 quo
958 2456 1101 2491 Oataloyus
1118 2464 1207 2490 reyum
1225 2455 1347 2490 Lanqob.
1367 2457 1391 2481 et
1403 2455 1465 2482 Ital.
1485 2453 1563 2488 apud
1576 2454 1775 2481 Bethmammm
1791 2457 1815 2480 ee
1834 2454 1918 2482 Waitc

267 2512 329 2538 paq.
349 2505 406 2538 502,
419 2506 468 2532 41.-
487 2506 567 2534 Anno
585 2508 680 2534 autem
697 2507 776 2542 regui
795 2508 837 2535 sui
852 2508 952 2535 XVIII.
972 2508 1095 2543 perrexit
1115 2507 1279 2541 (Dialovicrw
1291 2507 1345 2541 II.)
1364 2507 1555 2534 Beneventum
1573 2507 1603 2533 et
1620 2505 1770 2541 occupavit
1789 2514 1851 2533 eam
1868 2514 1916 2534 seu

271 2556 355 2582 etiam
374 2557 583 2591 comprehendit
596 2558 745 2586 Seldanum
764 2567 858 2594 regem
877 2568 1050 2595 paganorum
1064 2551 1095 2587 et.v
1105 2559 1238 2595 princeps
1251 2559 1465 2586 christianorum
1478 2557 1582 2585 Dalferi
1601 2559 1630 2585 et
1642 2557 1773 2585 Adelchis
1785 2557 1835 2592 qui
1854 2566 1916 2585 eam

272 2608 459 2642 possidebant.
545 2610 569 2642 3,
584 2611 596 2638 1
617 2610 697 2638 Celus
711 2619 764 2645 pro
777 2611 871 2639 Scelus
886 2614 998 2645 propter
1016 2611 1166 2639 abecedarii
1178 2612 1312 2638 rationem.
1399 2611 1424 2643 4,
1438 2611 1454 2637 2
1473 2609 1626 2645 pretorium
1643 2609 1693 2642 cfr.
1706 2609 1806 2636 Mam.
1818 2610 1860 2642 27,
1873 2610 1916 2638 27.

271 2660 322 2691 5‚1
344 2660 458 2686 Omnino
482 2669 538 2687 mm
558 2665 642 2695 potest
663 2663 786 2690 dubitari
813 2680 842 2682 —
862 2672 946 2698 mque
965 2664 1072 2699 pridem
1095 2660 1227 2691 dubitizm't
1250 2663 1426 2691 eratomssus
1444 2679 1485 2697 -—,
1507 2663 1576 2697 quin
1596 2662 1793 2690 Saracenorum
1813 2662 1917 2690 suttona·

271 2712 366 2738 mentio
382 2712 431 2738 sub
449 2713 580 2746 corruptis
597 2714 680 2741 verln's
697 2715 790 2748 laneat,-
808 2715 858 2749 cfr.
878 2717 902 2748 8,
917 2717 940 2744 1.
971 2716 1010 2743 Et
1021 2717 1073 2743 sive
1086 2724 1175 2743 verum
1194 2716 1224 2743 id
1234 2716 1290 2749 fuit
1307 2716 1359 2742 sire
1375 2715 1455 2742 inani
1471 2722 1577 2742 rumore
1594 2714 1741 2748 confictum,
1757 2714 1820 2741 iam
1837 2717 1931 2742 tmu:⁴

271 2763 428 2796 temporis
447 2764 561 2791 Kalidus
580 2765 627 2792 ille
645 2769 800 2802 temptator
818 2768 1014 2795 Beneventanis
1028 2769 1205 2803 pm'ncimlms,
1224 2777 1242 2795 α
1260 2769 1356 2802 quibus
1374 2771 1466 2802 captus
1490 2767 1639 2800 tenebatur,
1654 2767 1819 2801 mmsis&
1831 2769 1914 2800 puta-

270 2814 356 2847 batur,
375 2818 406 2840 ut
424 2815 607 2849 imperatorem
625 2819 876 2853 cmnprehemlerem,
896 2828 949 2854 quo
967 2820 1038 2853 facto
1057 2820 1113 2854 ipse
1128 2820 1202 2853 ficret
1221 2820 1378 2854 imqwratm·;
1396 2821 1445 2852 cfr.
1462 2818 1649 2845 Muehlbacher
1662 2819 1678 2846 1.
1691 2827 1713 2845 c.
1726 2820 1749 2844 d
1762 2819 1915 2845 Duemmler

272 2866 360 2892 Gesch.
381 2867 406 2893 d.
425 2868 498 2900 ostfr.
520 2869 632 2895 ueiens-¹
657 2871 751 2898 11272
770 2872 835 2900 tuln.
856 2873 880 2898 6.
986 2873 1010 2904 5,
1024 2874 1040 2899 3
1059 2873 1157 2899 Matth.
1175 2874 1216 2905 26,
1229 2874 1269 2899 55.
1897 2872 1927 2910 *τ
