2060 3074
758 121 869 148 VITAE
888 122 913 149 S.
933 122 1102 149 GERMANI
1122 123 1230 150 LIBER.
1244 124 1278 151 ΙΙ.
1779 129 1841 159 453

557 208 584 239 0
608 208 708 239 nostri
733 208 860 240 validae
885 209 1043 251 pontificis
1067 221 1192 243 cruces„

561 260 640 296 Quis
665 270 728 291 non
752 260 917 292 sufficiunt
941 262 1052 298 verba,
1078 273 1191 294 manus
1216 273 1354 305 quoque.

559 311 686 343 Nedum
711 312 828 354 cuique
852 312 1003 344 ferendas

557 364 633 395 Uno
658 363 791 395 foedere
815 363 966 397 dixerim.

557 449 617 481 His
642 450 739 492 figam
767 450 924 481 calamum
951 454 983 481 te
1008 454 1116 482 tamen
1141 452 1283 493 auspice.

559 501 622 532 Pro
646 512 709 543 quo
734 505 849 532 cuneta.
873 501 1002 543 quidem
1026 503 1157 544 pertulit
1181 513 1295 544 aspera

557 553 627 584 Nee
653 553 702 584 bis
726 563 786 584 nec
811 554 914 584 semel
939 554 1004 589 ilie,

558 603 623 636 Sed
648 615 743 647 quam
773 605 839 636 vita
863 606 1029 637 morosior.

708 872 882 909 INCIPIT
910 874 1052 910 LIBER
1081 875 1332 911 SECVNDVS.

598 947 743 979 Moribus
767 952 801 979 et
824 949 947 980 meritis
972 953 1138 991 spectatus
1164 950 1299 981 Amator
1322 952 1447 992 opimis.
1586 961 1708 985 Emesam
1757 963 1838 986 sancti

557 998 678 1031 Vivere
703 1001 753 1031 eui
780 999 929 1032 Christus
953 1001 1013 1032 fuit
1037 1006 1068 1032 et
1094 1012 1162 1032 sors
1187 1002 1299 1033 ultima
1323 1002 1455 1033 lucrum.
1584 1004 1742 1028 Anmmriset
1752 1005 1838 1029 electio

555 1050 720 1082 Virtutum
744 1052 860 1094 plenus
885 1053 989 1084 titulis
1011 1053 1191 1096 plenusque
1214 1053 1339 1085 dierum
1585 1047 1708 1071 Genuam*
1734 1047 1760 1071 in
1787 1048 1837 1079 “7²²'‘

558 1101 701 1144 Ceperat
725 1103 894 1135 emeritam
919 1104 1072 1136 sudorum
1097 1105 1242 1147 praemia
1266 1106 1405 1148 palmam
1643 1093 1781 1121 neopatum.

506 1167 518 1185 z.
557 1153 735 1186 Candentis
760 1156 871 1198 speeie
895 1156 1078 1188 transfusus
1104 1158 1136 1188 in
1160 1161 1247 1189 astra
1270 1158 1450 1189 columbae.

493 1426 517 1445 10

492 2205 517 2224 ²5

557 1205 640 1238 Tum
663 1217 741 1238 vero
764 1208 903 1250 populos
928 1209 959 1239 in
984 1219 1127 1240 consona
1151 1213 1226 1240 vota
1250 1213 1382 1241 mentes

557 1258 735 1300 Aspiceres
758 1259 902 1301 spirante
926 1259 1003 1293 deo:
1027 1271 1166 1303 namque
1191 1262 1322 1303 agmina
1346 1262 1421 1293 cleri

557 1308 729 1342 Nobilibus
754 1315 902 1343 conserta
927 1315 1037 1345 ruunt:
1062 1313 1154 1355 plebs
1180 1313 1300 1344 rustica
1323 1313 1411 1355 plebi

559 1362 711 1394 Concinit
733 1363 894 1395 urbanae:
921 1375 978 1406 par
1001 1368 1051 1395 est
1075 1365 1239 1396 sententia
1262 1365 1395 1404 eunetis,

554 1413 627 1445 Vox
653 1414 768 1446 eadem
795 1414 975 1458 studiisque
999 1416 1115 1448 ardent
1137 1417 1361 1448 communibus
1386 1427 1497 1448 omnes

557 1466 720 1499 Germano
743 1467 872 1499 titulum
897 1467 1073 1500 decernere
1098 1469 1312 1512 pontificatus,

557 1518 653 1550 Hunc
677 1519 772 1550 claris
796 1520 931 1553 meritis.
956 1520 1040 1552 hunc
1064 1521 1233 1553 nobilitate
1256 1521 1440 1563 legendum,

557 1570 719 1613 Dogmate
744 1572 967 1614 praecipuum,
990 1583 1151 1614 generoso
1177 1578 1309 1615 pectore
1334 1574 1482 1616 primum.

556 1622 762 1665 Principibus
786 1627 897 1655 notum
923 1628 956 1656 et
979 1635 1042 1656 non
1066 1624 1155 1656 null‘a
1179 1629 1270 1667 parte
1294 1625 1480 1657 verendum.

511 1694 516 1704 ι
556 1673 695 1707 Cautum
720 1676 864 1707 consiliis
888 1676 962 1708 divo
985 1675 1025 1708 de
1048 1677 1138 1709 fonte
1162 1677 1284 1719 petitis.

556 1726 661 1758 Multa
683 1727 741 1758 viri
767 1731 889 1760 castam
915 1728 1080 1759 cumulant
1103 1729 1275 1770 praeconia
1299 1728 1442 1761 laudem:

557 1777 727 1810 Materiem
751 1780 868 1811 merita
892 1779 957 1811 alta
980 1779 1101 1812 dabant
1124 1791 1246 1822 perque
1271 1791 1327 1812 ora
1350 1781 1513 1812 volentum

555 1829 677 1862 Libera
701 1835 816 1872 sponte
840 1831 943 1863 fluunt
966 1833 1124 1864 sermonis
1148 1833 1268 1864 famina
1292 1833 1370 1864 veri.

557 1880 683 1924 Cuique
707 1881 794 1914 aliud
818 1893 881 1914 non
906 1887 956 1914 ost
979 1894 1039 1915 nec
1063 1887 1209 1926 praestat
1233 1885 1326 1926 copia
1350 1883 1448 1919 fandi,

554 1933 754 1965 Germanum
780 1935 966 1976 ingeminat,
992 1935 1190 1967 Germanum
1215 1935 1256 1967 ad
1281 1935 1387 1967 sidera
1410 1936 1520 1969 iactat,

556 1984 692 2028 Quaque
715 1986 802 2017 feras
826 1987 938 2018 oeulos
963 1997 1090 2029 quaque
1115 1997 1227 2019 aurem
1251 1986 1369 2018 ducere
1393 1990 1544 2029 temptes.

557 2037 676 2070 Omnia
700 2038 914 2071 Germanum:
939 2043 1029 2071 tanta
1053 2044 1102 2072 est
1126 2040 1298 2072 concordia
1322 2051 1448 2072 vocum.

599 2089 704 2122 Multa
727 2091 878 2123 renitenti
903 2095 1004 2134 sequ'e
1028 2092 1177 2123 abiurare
1202 2092 1327 2134 paranti
1580 2095 1655 2128 Quod
1682 2097 1773 2121 bellum
1802 2097 1834 2121 0⁷2

557 2140 662 2173 Civile
686 2142 861 2174 instituunt
884 2144 1012 2186 primati
1038 2143 1157 2175 inferre
1180 2143 1333 2182 duellum,
1579 2138 1627 2162 ''¹7‘'
1649 2139 1769 2188 indieinn·
1789 2148 1835 2172 ΡΟ-

558 2192 695 2235 Statque
719 2194 836 2225 animis
862 2195 992 2237 incepta
1017 2195 1107 2237 sequi
1132 2206 1191 2226 nec
1215 2194 1334 2226 ducere
1359 2204 1521 2236 quoquam
1661 2186 1749 2208 '‘mal‘'

558 2244 729 2287 Proposita
751 2245 792 2278 de
817 2250 902 2278 sorte
927 2246 1053 2288 pedem.
1100 2246 1184 2283 Quid
1208 2247 1293 2277 vieta
1314 2249 1472 2288 potestas,

557 2295 642 2332 Quid
668 2301 781 2329 contra
804 2299 861 2329 niti
886 2298 1077 2341 populorum
1102 2299 1188 2330 milia
1212 2298 1325 2340 possit,

557 2347 641 2384 Quin
666 2359 854 2391 moremque
878 2354 971 2391 gerat
995 2360 1175 2392 superaque
1200 2348 1239 2380 ab
1264 2348 1342 2380 sede
1366 2347 1546 2390 profectam

555 2398 714 2431 Instantis
738 2401 822 2432 norit
846 2411 975 2432 causam
999 2401 1145 2443 prodisse
1170 2401 1300 2442 negoti?

296 2510 401 2536 Scholia
424 2524 455 2529 -—
480 2510 511 2537 41
533 2511 642 2544 validae}
662 2513 740 2538 durae
793 2511 892 2545 cruces}
911 2513 1060 2546 augustiae,
1085 2521 1149 2543 quus
1167 2521 1211 2544 pro
1229 2512 1275 2536 deo
1294 2512 1341 2537 sibi
1362 2512 1494 2544 ingerebat
1598 2511 1631 2536 42
1649 2510 1717 2543 quis]
1738 2511 1833 2544 quibus

191 2551 228 2578 43
253 2554 326 2584 Quae
352 2554 401 2579 diei
430 2563 479 2579 nou
506 2559 624 2587 possunt,
651 2560 747 2587 quanto
775 2557 855 2588 inagis
883 2556 941 2580 ferri
1045 2554 1079 2580 45
1107 2554 1164 2586 His]
1194 2555 1232 2579 his
1256 2555 1376 2580 crucibus
1475 2554 1486 2586 ll
1511 2554 1528 2579 8
1555 2553 1681 2586 conserta]
1710 2555 1834 2586 permixta

194 2594 225 2621 17
245 2596 386 2629 Materiam]
405 2597 489 2622 landis
593 2597 627 2623 22
645 2598 812 2631 Germanum]
832 2603 951 2624 resonant
1054 2597 1088 2623 28
1107 2606 1253 2630 moremque
1270 2596 1353 2630 gerat]
1372 2598 1527 2630 obtemperet

295 2681 329 2708 46
346 2683 445 2716 τηροίη
465 2683 489 2708 Ρ
585 2683 596 2715 ΙΙ
618 2685 777 2709 EXPLICIT
796 2684 820 2708 P
924 2683 955 2709 14
975 2684 1045 2709 nulla
1063 2693 1113 2708 nnn
1133 2683 1258 2708 Barmiux
1362 2682 1395 2708 ‘29
1414 2682 1508 2716 negotii
1527 2683 1553 2708 P

294 2767 306 2800 n
326 2767 344 2794 2
362 2766 477 2801 Philipp.
499 2769 522 2799 ι,
535 2769 575 2794 21.
