2040 2996
211 99 251 129 96

478 188 515 207 1135

210 398 233 419 C.
249 397 300 418 XV.

484 446 521 464 170

485 705 521 724 175

484 966 521 984 180

486 1225 522 1243 185

489 1486 526 1504 190

216 1593 239 1613 G.
254 1592 318 1613 XVI.

489 1745 526 1763 195

321 2163 388 2188 Acta
406 2163 437 2188 B.
457 2163 510 2188 Iul.

218 2216 271 2233 una
289 2215 351 2232 voce
375 2206 502 2231 canebant
520 2205 632 2230 dicentes
652 2203 761 2237 (psalm.
781 2202 838 2236 118,
857 2202 912 2235 71):
940 2202 1052 2229 ‘Bonum
1074 2203 1150 2234 mihi,
1175 2203 1236 2235 quia
1253 2201 1393 2227 humiliasti
1411 2209 1463 2232 me,
1491 2204 1521 2226 ut
1538 2200 1661 2226 discerem
1678 2199 1872 2225 iustificationes

217 2250 291 2275 tuas'.
326 2251 355 2274 In
374 2258 483 2282 quorum
500 2253 608 2282 aspectu
626 2257 719 2273 novam
738 2248 955 2281 pulchritudinem
973 2248 1056 2273 omnis
1073 2251 1144 2273 aetas
1163 2247 1310 2277 mirabatur,
1329 2253 1438 2278 qnorum
1457 2248 1555 2269 mentes
1573 2244 1606 2269 ad
1623 2244 1712 2269 fletum
1731 2251 1870 2268 conversas

218 2294 298 2326 pietas
311 2293 458 2318 inclinabat.
487 2292 652 2317 clamabatur
669 2292 703 2316 ab
721 2291 791 2316 omni
809 2294 891 2316 aetate
909 2290 1045 2315 inconfuse
1063 2282 1100 2321 (in
1113 2290 1221 2314 confuso
1235 2288 1262 2313 Ε
1271 2288 1360 2319 recte):
1379 2288 1428 2313 viri
1445 2287 1590 2312 clamabant
1608 2285 1638 2312 ‘0
1656 2287 1787 2312 iniusticia
1800 2300 1830 2304 —
1845 2289 1872 2311 et

218 2345 264 2361 nos
283 2336 348 2361 filios
366 2335 526 2367 habemus?'‚
549 2335 670 2360 mulieres
693 2335 783 2360 solutis
807 2334 922 2359 crinibus
940 2333 1087 2358 clamabant
1106 2332 1136 2357 ‘0
1153 2333 1265 2365 gemitus
1284 2332 1395 2357 amarior
1413 2331 1472 2356 selle
1491 2345 1524 2348 —
1543 2334 1573 2355 ut
1590 2330 1652 2363 quid
1670 2330 1729 2355 talis
1747 2330 1871 2355 inventus

218 2379 278 2411 igne
296 2381 439 2404 crematur?
474 2379 496 2404 O
515 2381 626 2411 potestas
644 2386 716 2409 ceca,
740 2385 806 2410 quae
830 2385 878 2402 nec
896 2377 962 2401 vivis
980 2376 1061 2409 parcit
1083 2383 1131 2401 nec
1149 2379 1263 2400 mortuos
1281 2374 1368 2400 audit⁷.
1404 2375 1479 2399 Tunc
1497 2374 1522 2398 S.
1538 2374 1558 2398 I.
1577 2373 1711 2398 silentium
1729 2376 1819 2406 petens
1837 2372 1873 2397 nit

218 2422 250 2446 ad
269 2422 406 2454 populum:
435 2421 481 2447 ‘Ne
499 2421 655 2454 prohibeatis
673 2421 740 2446 fleri:
768 2421 844 2445 sinite
861 2429 908 2445 nos
926 2419 1111 2452 splendidiores
1129 2418 1184 2443 fieri
1202 2426 1266 2443 auro
1285 2417 1442 2450 per-ignem,
1461 2417 1510 2441 hoc
1532 2416 1652 2447 scientes,
1671 2416 1733 2448 quia
1750 2415 1872 2440 videbitis

787 93 951 121 AUDRADI
969 92 1096 120 MODICI
1115 91 1291 120 CARMINA.

572 181 763 213 Psallebant
786 180 917 212 domino
941 179 1094 211 concordi
1118 188 1198 210 voce
1223 187 1376 210 canorem

573 232 720 265 Davidis.
750 232 896 269 Quorum
919 231 1020 263 facies
1044 230 1216 272 splendore
1241 229 1374 261 micanti

573 284 742 316 Mutantur
765 284 939 325 vultusque
963 283 1039 314 novi
1061 282 1222 313 mirantur
1245 281 1286 313 ab
1311 281 1399 312 omni

575 335 816 367 Oircumstante
840 335 924 371 viro;
947 334 1135 376 gemituque
1159 335 1331 364 moventur
1354 342 1464 364 amaro

575 387 618 419 Et
641 387 783 419 lacrimis
806 387 923 419 flentes
947 386 1112 418 addebant
1135 385 1214 416 talia
1237 387 1365 427 patres:

579 439 632 470 ‘Et
655 450 726 479 nos,
751 449 769 471 o
793 439 915 477 miseri,
941 441 1035 470 natos
1059 437 1215 480 genuisse
1238 436 1405 468 videmur?
1429 453 1471 458 —

578 490 728 527 Qualiter
750 491 887 522 istorum
910 490 1064 522 iuvenum
1087 492 1238 532 spectare
1261 488 1410 520 valemus

575 543 749 585 Indignam
773 546 919 581 mortem,
944 552 1081 584 quorum
1104 552 1171 573 non
1188 541 1329 573 crimina
1352 540 1503 572 soimus't'

575 595 717 626 Pectora
738 597 908 626 matronae
933 593 1073 625 tundunt
1097 593 1302 634 miscentque
1325 591 1429 623 dolori

581 646 751 689 Singultus
774 646 892 677 nimios
916 649 950 677 et
971 646 1075 687 ruptis
1100 644 1240 676 crinibus
1262 644 1337 675 illos

576 699 696 741 Sepius
720 701 892 740 aspectant
916 701 949 729 et
971 697 1103 728 tandem
1127 696 1225 728 corde
1248 705 1436 738 repressum

576 750 724 782 Vocibus
749 750 799 781 his
823 749 971 792 pandunt
995 749 1128 781 excelsa
1151 759 1232 780 voce
1256 758 1434 780 merorem:

578 802 755 844 ‘Cogimur‚
780 802 810 834 ei
833 802 938 840 nobis,
962 801 1102 833 miserae
1127 811 1210 843 quae
1235 810 1369 832 cernere
1391 802 1514 831 matres

577 854 707 886 Aetatis
731 858 865 886 tenerae
887 857 1037 885 natorum
1061 853 1114 884 vel
1136 852 1331 894 genitarum,

577 906 742 938 Innocuos
765 906 902 937 iuvenes
925 905 983 937 tali
1007 905 1067 936 sub
1091 908 1179 936 sorte
1203 905 1323 948 perire.

579 957 665 994 Quid
688 961 820 990 nostrae
844 957 951 989 suboli
974 957 1092 999 poterit
1115 956 1303 998 contingere
1327 955 1498 998 posthaec,

579 1009 650 1042 Hos
674 1010 821 1041 homines
844 1009 947 1040 iustos
972 1008 1108 1040 caelesti
1133 1008 1206 1040 luce
1231 1018 1385 1060 coruscqs

580 1062 615 1094 Si
639 1062 732 1094 siccis
756 1061 856 1093 oculis
881 1061 1001 1092 inmitti
1026 1070 1162 1092 cernere
1184 1060 1323 1091 flammis

579 1114 745 1145 Praesulis
769 1113 875 1144 insani
897 1113 988 1144 iussu
1012 1115 1185 1154 grassante
1209 1110 1399 1153 queamus?

579 1165 650 1197 Nec
673 1165 780 1196 minus
805 1167 838 1196 et
861 1164 954 1206 pueri
977 1164 1056 1195 flent
1079 1163 1303 1206 innuptaeque
1327 1163 1458 1205 puellae

581 1217 624 1248 Et
647 1216 759 1259 gracili
785 1216 875 1247 luctu
898 1218 1049 1247 reserant
1071 1215 1133 1247 hac
1156 1225 1238 1246 voce
1262 1214 1424 1246 dolorem:

580 1269 637 1300 ‘Ut
659 1268 736 1311 quid
760 1268 896 1310 pulchra
919 1267 1014 1299 nimis
1039 1266 1175 1299 caelesti
1199 1266 1373 1309 splendida
1395 1266 1468 1298 lucc

580 1322 654 1363 Igni
677 1321 872 1362 dampnatur
894 1320 984 1351 nullo
1008 1322 1166 1362 parcente
1191 1319 1366 1350 iuventus?

581 1373 698 1412 Caeca,
722 1372 862 1410 tiranne,
885 1371 944 1403 tibi
966 1381 1144 1413 numquam
1167 1380 1325 1402 concessa
1348 1373 1498 1413 potestas

581 1426 674 1458 Haec
697 1426 791 1465 foret,
816 1436 834 1457 0
859 1436 1009 1468 praeses:
1035 1425 1092 1467 qui
1115 1425 1198 1457 vivis
1223 1435 1358 1466 parcere
1382 1434 1448 1455 non
1470 1424 1528 1463 vis,

585 1477 650 1510 Sed
674 1488 780 1519 neque
805 1477 975 1509 defunctos
1000 1476 1104 1515 audis,
1130 1477 1335 1515 saevissime,
1359 1485 1497 1518 quorum

585 1529 805 1572 Splendentes
829 1529 929 1560 vitam
953 1529 1053 1560 facies
1077 1529 1148 1560 sine
1172 1528 1307 1560 crimine
1330 1526 1535 1560 monstrant’.

581 1582 673 1613 Tunc
697 1584 849 1613 constans
871 1581 980 1612 animo
1004 1580 1151 1612 Iulianus
1174 1580 1321 1622 postulat
1344 1590 1469 1618 omnes,

583 1634 629 1665 Ut
652 1635 784 1665 cessent
807 1632 950 1664 lacrimis
973 1634 1162 1674 ponantque
1186 1631 1320 1663 silentia
1343 1631 1455 1662 dictis:

584 1685 779 1717 Conticuere
802 1694 916 1716 omnes
940 1686 973 1717 et
995 1686 1146 1726 spectant
1169 1683 1257 1715 dicta
1280 1683 1439 1725 rogantis·

584 1737 710 1779 Martyr
732 1747 814 1778 quos
838 1736 960 1768 domini
985 1736 1074 1767 claro
1098 1735 1144 1767 sic
1168 1735 1284 1767 edocet
1307 1745 1380 1767 ore:

582 1789 745 1829 ‘Oernitis‚
769 1799 788 1820 o
811 1788 939 1827 fratres,
964 1788 1058 1830 ignes
1081 1794 1270 1830 poenasque
1294 1790 1445 1829 paratas?
1471 1805 1511 1809 —

582 1840 656 1873 Non
680 1851 740 1872 nos
763 1839 920 1882 impediat
942 1843 1053 1871 vester
1075 1839 1197 1871 clamor
1220 1839 1455 1880 lacrimaeque:

583 1893 669 1929 Quin
692 1892 803 1934 potius
826 1892 924 1924 liceat
947 1894 1075 1922 tantum
1098 1893 1267 1922 certamen
1289 1890 1391 1921 adire.

582 1944 667 1976 Nam
689 1944 773 1975 sicut
796 1944 914 1975 fornax
938 1953 1063 1982 aurum,
1089 1952 1162 1974 cum
1185 1941 1325 1973 traditur
1347 1941 1406 1980 illi,

582 1996 700 2028 Purius
725 2006 892 2038 exponens
917 1997 1030 2037 aptum
1053 1994 1131 2026 facit
1155 2005 1229 2026 esse
1254 2003 1395 2026 coronae

586 2047 687 2090 Regis
712 2050 745 2079 et
767 2047 900 2079 insertis
924 2047 1037 2078 rutilat
1061 2045 1247 2078 diademate
1271 2044 1409 2088 gemmis
1433 2062 1472 2068 —-

585 2099 684 2131 Haud
708 2109 804 2131 secus
829 2102 861 2131 et
884 2109 943 2130 nos
967 2098 1049 2130 haec
1072 2097 1212 2130 reddent
1235 2096 1388 2129 incendia
1409 2095 1581 2139 pulchros;

218 2473 265 2490 nos
283 2465 380 2490 creduli
398 2468 423 2489 et
440 2465 565 2490 increduli
583 2465 642 2497 igne
661 2467 819 2496 consumpto,
839 2464 906 2488 sicut
924 2463 1015 2488 videtis
1033 2470 1103 2487 nunc
1120 2465 1182 2487 ante
1200 2461 1294 2495 ignem,
1314 2460 1416 2486 illesos.'

325 2567 373 2593 165
391 2567 498 2593 *canora
511 2567 536 2592 P

323 2636 373 2662 165
384 2634 472 2661 Amat.
486 2635 543 2668 III,
554 2635 603 2661 311
614 2643 681 2661 voce
690 2643 799 2662 canora.

219 2696 241 2714 v.
254 2688 313 2714 329.
386 2687 434 2713 182
447 2686 554 2712 maod.
566 2686 604 2712 ed.
618 2686 646 2713 V.
655 2696 684 2720 1).
697 2687 756 2718 293,
766 2687 800 2713 44
814 2686 872 2713 Nec
884 2685 963 2712 siccis
976 2685 1071 2712 oculis.

222 2738 271 2765 194
289 2739 358 2764 Aen.
371 2738 410 2771 II,
431 2739 444 2764 l
465 2738 629 2765 Conticuere
648 2746 750 2765 omnes.

639 2567 686 2592 181
707 2568 844 2592 choruscos
858 2566 888 2591 P‘

888 2634 937 2660 172
946 2633 992 2666 cfr.
1002 2633 1067 2660 Aen.
1086 2632 1133 2666 VI,
1145 2632 1195 2659 163
1204 2631 1322 2666 indigna
1331 2633 1418 2658 morte
1427 2631 1611 2665 peremptum.
1699 2630 1747 2656 181
1757 2629 1806 2662 cfr.
1816 2628 1842 2655 d.
1849 2629 1871 2662 f.

1142 2684 1193 2711 184
1205 2692 1224 2710 e.
1234 2692 1258 2718 9,
1271 2683 1316 2710 Ge.
1328 2683 1379 2717 IV,
1392 2683 1443 2709 476
1457 2682 1535 2717 pueri
1547 2682 1740 2716 innuptaeque
1752 2682 1872 2716 puellae.

858 2738 907 2765 199
925 2745 977 2771 sqq.
996 2736 1043 2769 cfr.
1058 2736 1092 2762 Α,
1108 2735 1159 2763 SS.
1178 2736 1195 2763 l.
1213 2743 1232 2762 c.
1253 2736 1277 2768 8,
1297 2735 1330 2762 36
1344 2743 1373 2768 p.
1392 2735 1443 2762 582
1460 2737 1484 2760 et
1502 2733 1581 2760 Aldu,
1601 2733 1627 2760 d.
1647 2733 1664 2759 l.
1684 2741 1706 2759 v.
1726 2733 1776 2760 153
1794 2741 1832 2767 sq.
