2060 3074
223 147 284 175 444
879 140 1015 167 Hernici
1035 139 1210 166 OARMINA.

588 228 722 259 Fixerat
746 228 827 259 haec
853 227 980 258 iuvenis
1004 226 1110 258 laudis
1134 229 1282 268 captator
1306 229 1339 257 et
1363 236 1474 262 aurae,

587 279 660 315 Qua
684 279 797 310 faciles
822 279 918 309 animi
944 278 1099 320 pascique
1124 278 1260 320 capique
1285 281 1448 310 suescunt.

630 331 728 361 Urbis
753 341 841 361 amor
864 334 995 361 nostrae
1021 330 1168 371 sacrique
1194 330 1335 361 refector
1358 330 1452 360 ovilis
1617 339 1690 370 Quod
1705 342 1807 362 nam-tua
1821 347 1870 370 per

512 395 548 413 ιη
589 382 723 413 Praesul
747 382 885 413 Amator
908 385 988 417 erat,
1013 382 1129 413 merito
1154 381 1347 423 cognomine
1370 385 1507 415 mactus,
1611 383 1639 406 id
1659 381 1778 414 temporit:
1791 381 1869 413 flore-

588 434 711 466 I)0ctor
735 434 937 476 magnificus,
964 434 1151 469 meritorum
1176 434 1248 465 luce
1273 444 1436 465 coruscus.
1653 425 1695 449 ⁶⁰¹
1714 424 1829 448 ‘4⁷⁷¹“'⁰⁷·

590 487 765 527 Signorum
790 487 893 518 titulis
918 487 1015 528 longe
1040 486 1171 528 lateque
1196 486 1346 517 celebris.

587 538 732 570 Noverat
755 539 806 570 hic
832 539 952 581 rapidis
977 541 1119 570 moetam
1145 538 1326 580 praefigere
1350 538 1498 569 flammis.

588 590 732 622 Noverat
757 591 914 622 adversas
939 590 1039 622 verbo
1064 590 1239 621 detrudere
1265 593 1386 632 pestes.

512 656 549 673 1³0
587 643 730 673 Auribus
755 643 931 674 obstructis
956 642 1078 673 aditum
1102 641 1318 683 praetendere
1342 641 1439 679 vocis,

588 694 739 725 Officium
764 694 879 726 vinctis
902 697 1079 735 praecepto
1103 692 1241 724 reddere
1266 693 1395 734 linguis,

589 746 666 777 Post
690 747 786 778 funus
810 746 930 778 functis
954 756 1048 776 usum
1074 745 1252 776 concedere
1276 744 1372 776 lucis:

588 798 706 830 Omnia
730 798 784 840 qui
808 801 945 840 poterat,
971 801 1084 829 sancto
1109 796 1197 828 dedit
1220 797 1328 828 onmia
1352 807 1457 839 posse.

632 850 753 882 Sancte
778 850 888 892 gregis
912 852 1009 885 tutorq
1034 849 1087 891 qui
1112 849 1181 880 iure
1207 849 1332 879 vocaris
1358 849 1495 880 Amator
1633 855 1797 888 Apostropha
1817 855 1853 879 ad

510 916 546 934 185
584 903 657 934 Non
682 903 751 934 auri
775 906 832 934 aut
855 901 976 936 mundiq
1002 912 1112 933 verum
1137 905 1225 932 trans
1250 901 1358 932 omnia
1383 900 1514 933 Christi.
1687 903 1802 923 sanetum

587 955 636 985 Ne
661 954 759 986 michi
784 964 942 986 succense
967 953 1007 984 de
1032 956 1065 984 te
1088 963 1252 995 perpauca
1275 952 1431 994 loquenti.
1666 943 1820 967 Amatorem.

589 1006 765 1037 Gestorum
789 1006 886 1037 michi
911 1005 1006 1037 dulce
1030 1005 1112 1036 foret
1135 1008 1345 1036 monumenta
1369 1008 1497 1036 tuorum

587 1058 629 1089 Et
653 1059 739 1090 vitae
762 1061 866 1089 totum
891 1057 1015 1100 plectro
1040 1067 1230 1099 percurrere
1254 1060 1390 1089 textum.

589 1110 652 1142 Sed
678 1114 810 1142 revocat
834 1110 953 1151 sumpti
977 1110 1080 1140 series
1104 1109 1262 1151 perlonga
1286 1108 1407 1139 laboris

511 1175 547 1194 190
586 1163 654 1193 Nec
680 1162 755 1194 sinit
778 1173 797 1193 a
821 1165 936 1203 coepto
960 1171 1121 1203 quoquam
1146 1160 1321 1191 deflectere
1345 1159 1436 1192 calle.

589 1214 631 1246 Et
655 1218 686 1246 te
711 1213 944 1256 grandiloquos
968 1213 1086 1244 vellem
1112 1213 1255 1244 nutrisse
1278 1215 1401 1254 poetas,

587 1266 649 1302 Qui
674 1266 731 1298 tibi
756 1265 932 1297 multicana
955 1268 1089 1308 possent
1112 1265 1235 1307 garrire
1260 1274 1409 1296 camena:

588 1319 730 1350 Vatibus
753 1322 789 1350 ut
813 1328 933 1353 careas,
959 1320 1119 1349 rectorum
1145 1320 1195 1348 est
1219 1317 1315 1358 culpa
1338 1320 1475 1348 tuorum.

588 1371 650 1403 His
675 1371 763 1402 aliud
787 1370 936 1402 dabimus
960 1373 1155 1412 tempusque
1180 1370 1351 1411 locumque
1375 1368 1532 1410 quei-elis:

514 1436 551 1455 195
590 1424 639 1455 Tu
663 1427 774 1455 tamen
799 1424 924 1454 interea
947 1423 1175 1465 praesentibus
1198 1426 1301 1462 utere,
1325 1427 1444 1465 pastor,

588 1475 764 1517 Obsequiis
789 1478 832 1515 et,
857 1476 883 1507 si
908 1485 972 1517 qua
995 1486 1067 1507 meo
1091 1475 1252 1517 condigna
1275 1475 1380 1506 relatu

587 1528 639 1559 Ad
664 1528 766 1559 nostri
789 1530 941 1570 poterunt
964 1527 1139 1570 praeconia
1163 1537 1293 1558 currere
1317 1527 1429 1569 patris.

588 1579 758 1611 Laudibus
782 1579 838 1611 illa
860 1580 924 1610 tuis
949 1578 1107 1611 accedere
1130 1590 1228 1622 posse
1252 1582 1381 1621 putato:

588 1632 638 1663 Tu
661 1635 765 1674 pater,
789 1632 843 1663 ille
867 1635 942 1663 tuus
967 1641 1025 1673 per
1049 1630 1213 1662 Christum
1237 1631 1378 1673 denique
1401 1633 1508 1662 natus.

512 1698 551 1716 200
589 1684 695 1716 Crede
718 1684 831 1715 michi:
856 1693 994 1725 magnae
1019 1686 1190 1726 reputatur
1213 1683 1316 1725 portio
1341 1682 1456 1719 laudis,

589 1736 669 1767 Cum
694 1736 796 1778 patris
821 1736 853 1767 in
878 1735 994 1767 faciem
1018 1736 1084 1767 nati
1109 1735 1261 1766 laudatur
1285 1734 1402 1776 imago.

588 1788 750 1820 Nar-randi
773 1790 925 1830 coeptum
948 1790 1079 1829 repetat
1103 1787 1168 1819 iam
1192 1786 1286 1818 Musa
1309 1789 1467 1818 tenorem.

632 1840 768 1871 Insanos
792 1840 872 1871 ritus
897 1842 929 1870 et
952 1839 1051 1870 noxia
1074 1838 1198 1870 ludicra
1222 1838 1326 1870 sancti
1621 1846 1652 1871 If!
1674 1846 1778 1872 sancum
1794 1846 1872 1871 Ama-

589 1892 700 1934 Aegre
724 1892 787 1923 fert
809 1892 936 1923 animus
959 1902 1020 1923 nec
1045 1891 1171 1922 distulit
1195 1891 1249 1922 ille
1274 1890 1432 1932 superbos
1638 1893 1677 1914 tor
1698 1890 1854 1914 Gru-mmmm

513 1958 550 1977 20⁵
588 1945 743 1987 Inceptus
766 1944 835 1975 miti
859 1944 923 1975 iam
947 1947 1015 1975 tum
1040 1953 1250 1986 compescere
1273 1942 1353 1983 fatu,
1616 1933 1722 1958 Invitatis
1750 1933 1872 1964 “r⁹'“⁹'5‘·

588 1997 723 2028 Talibus
747 2006 923 2039 aggressus
948 1998 1080 2039 captato
1104 1998 1252 2037 tempore
1276 1995 1402 2026 verbis:

588 2049 680 2080 'Cum
704 2052 736 2080 te
760 2048 927 2080 frenandis
952 2047 1101 2079 Romana
1124 2047 1281 2078 industria
1303 2048 1399 2079 terris

588 2100 747 2132 Praetulit
771 2104 804 2131 et
827 2100 952 2142 patriae
976 2102 1167 2141 patremque
1191 2098 1372 2141 ducemque
1396 2097 1548 2130 tuendae.

589 2152 734 2184 Credidit
758 2162 833 2184 esse
858 2152 962 2183 virum
986 2162 1047 2183 nec
1071 2161 1123 2182 res
1148 2155 1215 2182 tum
1241 2151 1363 2182 credita
1387 2161 1463 2183 vero

513 2218 552 2237 210
589 2205 737 2237 Abstitit.
783 2205 868 2236 Esse
892 2204 996 2236 virum
1020 2207 1052 2235 te
1076 2203 1217 2246 denique
1242 2204 1346 2235 multa
1369 2207 1533 2235 coartant:

588 2257 669 2289 Cum
693 2257 807 2289 titulus
834 2256 1004 2299 (generis),
1029 2259 1096 2287 tum
1120 2256 1230 2298 magni
1255 2255 1383 2287 culmen
1407 2256 1540 2288 honoris

587 2309 640 2346 Et,
665 2309 751 2351 quod
774 2313 948 2351 utrumque
972 2309 1066 2350 regit,
1092 2307 1209 2340 divinis
1234 2308 1473 2340 accumulatum

588 2362 734 2404 Ingeniis
758 2365 872 2404 pectus
895 2371 1054 2403 mensque
1079 2361 1184 2392 omnis
1209 2360 1340 2391 conscia
1363 2360 1454 2393 recti.

588 2413 664 2445 Sola
687 2413 780 2445 virile
804 2413 903 2445 decus
928 2403 1044 2444 levitas
1068 2411 1244 2454 foedatque
1267 2411 1435 2454 fugatque,

512 2478 549 2497 215
589 2465 676 2504 Sola,
700 2466 842 2508 inquam,
867 2465 992 2497 levitas.
1039 2463 1159 2496 Insano
1182 2463 1331 2506 proxima
1354 2463 1447 2495 testis

586 2517 806 2560 Abstirpanda
830 2518 897 2548 suis
922 2528 962 2549 en
986 2527 1058 2548 cum
1082 2516 1245 2548 radicibus
1269 2516 1366 2548 arbos

324 2630 428 2655 Scholia
449 2644 479 2648 ——
502 2630 551 2655 180
569 2639 658 2655 zcuma
676 2631 709 2656 ab
730 2631 891 2655 inferioribus
911 2630 958 2661 (sic
976 2630 1012 2658 P,-
1029 2638 1078 2662 quo
1096 2630 1231 2661 pertineat,
1250 2628 1344 2661 nescio)
1452 2628 1500 2654 197
1524 2627 1610 2661 patris]
1631 2629 1751 2654 Germani
1771 2628 1869 2653 scilicet

219 2672 271 2698 ‘203
292 2674 396 2698 {nsanos
415 2672 488 2706 ritus]
509 2674 587 2698 malas
606 2674 804 2699 eonsuetudines
858 2672 943 2705 noxia]
964 2673 1055 2698 nociva
1107 2671 1218 2705 ludicra]
1236 2673 1291 2698 ioca
1344 2671 1437 2704 sancti]
1457 2672 1591 2697 Amatoris.
1611 2685 1642 2689 -
1663 2673 1721 2697 Duo
1739 2672 1868 2697 adiectiva

220 2716 311 2741 ‘noxia'
331 2722 354 2740 cr
375 2717 498 2747 ⁴lndicra’,
518 2717 561 2741 scd
582 2726 660 2741 unum
680 2718 803 2750 accipitur
822 2726 866 2749 pro
885 2717 936 2741 fixo
1041 2715 1092 2741 212
1111 2715 1259 2748 utrumque]
1281 2716 1439 2741 nobilitatem
1458 2719 1483 2739 et
1501 2719 1653 2747 potestatem

321 2801 370 2828 211
391 2804 491 2835 generis
511 2802 644 2836 Boschius]
665 2812 711 2828 a‘m.
735 2803 760 2828 P
