<?xml version="1.0" encoding="UTF-8"?>
<!DOCTYPE html PUBLIC "-//W3C//DTD XHTML 1.0 Transitional//EN"
    "http://www.w3.org/TR/xhtml1/DTD/xhtml1-transitional.dtd">
<html xmlns="http://www.w3.org/1999/xhtml" xml:lang="en" lang="en">
 <head>
  <title>
</title>
<meta http-equiv="Content-Type" content="text/html;charset=utf-8" />
  <meta name='ocr-system' content='tesseract 3.04.00' />
  <meta name='ocr-capabilities' content='ocr_page ocr_carea ocr_par ocr_line ocrx_word'/>
</head>
<body>
  <div class='ocr_page' id='page_1' title='image "./monumentagerma03geseuoft/monumentagerma03geseuoft_0371.png"; bbox 0 0 2138 3106; ppageno 0'>
   <div class='ocr_carea' id='block_1_1' title="bbox 506 454 532 473">
    <p class='ocr_par' dir='ltr' id='par_1_1' title="bbox 506 454 532 473">
     <span class='ocr_line' id='line_1_1' title="bbox 506 454 532 473; baseline -0.038 0"><span class='ocrx_word' id='word_1_1' title='bbox 506 454 532 473; x_wconf 91' lang='grc'><strong>10</strong></span> 
     </span>
    </p>
   </div>
   <div class='ocr_carea' id='block_1_2' title="bbox 504 716 529 735">
    <p class='ocr_par' dir='ltr' id='par_1_2' title="bbox 504 716 529 735">
     <span class='ocr_line' id='line_1_2' title="bbox 504 716 529 735; baseline 0 0"><span class='ocrx_word' id='word_1_2' title='bbox 504 716 529 735; x_wconf 75' lang='lat'><strong>15</strong></span> 
     </span>
    </p>
   </div>
   <div class='ocr_carea' id='block_1_3' title="bbox 502 976 528 995">
    <p class='ocr_par' dir='ltr' id='par_1_3' title="bbox 502 976 528 995">
     <span class='ocr_line' id='line_1_3' title="bbox 502 976 528 995; baseline -0.038 0"><span class='ocrx_word' id='word_1_3' title='bbox 502 976 528 995; x_wconf 79' lang='lat'><strong>2⁰</strong></span> 
     </span>
    </p>
   </div>
   <div class='ocr_carea' id='block_1_4' title="bbox 500 1235 526 1254">
    <p class='ocr_par' dir='ltr' id='par_1_4' title="bbox 500 1235 526 1254">
     <span class='ocr_line' id='line_1_4' title="bbox 500 1235 526 1254; baseline 0 0"><span class='ocrx_word' id='word_1_4' title='bbox 500 1235 526 1254; x_wconf 71' lang='lat'><strong>25</strong></span> 
     </span>
    </p>
   </div>
   <div class='ocr_carea' id='block_1_5' title="bbox 495 2226 520 2245">
    <p class='ocr_par' dir='ltr' id='par_1_5' title="bbox 495 2226 520 2245">
     <span class='ocr_line' id='line_1_5' title="bbox 495 2226 520 2245; baseline -0.04 0"><span class='ocrx_word' id='word_1_5' title='bbox 495 2226 520 2245; x_wconf 89' lang='lat'><strong>10</strong></span> 
     </span>
    </p>
   </div>
   <div class='ocr_carea' id='block_1_6' title="bbox 815 199 1249 229">
    <p class='ocr_par' dir='ltr' id='par_1_6' title="bbox 815 199 1249 229">
     <span class='ocr_line' id='line_1_6' title="bbox 815 199 1249 229; baseline 0.007 -3"><span class='ocrx_word' id='word_1_6' title='bbox 815 199 948 227; x_wconf 86' lang='lat' dir='ltr'><strong>TITULI.</strong></span> <span class='ocrx_word' id='word_1_7' title='bbox 985 200 1249 229; x_wconf 77' lang='lat' dir='ltr'>SALUTATORIA.</span> 
     </span>
    </p>
   </div>
   <div class='ocr_carea' id='block_1_7' title="bbox 563 285 1534 1473">
    <p class='ocr_par' dir='ltr' id='par_1_7' title="bbox 569 285 1534 591">
     <span class='ocr_line' id='line_1_7' title="bbox 570 285 1433 332; baseline 0.006 -15"><span class='ocrx_word' id='word_1_8' title='bbox 570 285 647 318; x_wconf 88' lang='lat' dir='ltr'><strong>Iure</strong></span> <span class='ocrx_word' id='word_1_9' title='bbox 671 289 856 326; x_wconf 80' lang='lat' dir='ltr'>metrorum,</span> <span class='ocrx_word' id='word_1_10' title='bbox 879 287 1097 320; x_wconf 77' lang='lat' dir='ltr'><strong>famosissime</strong></span> <span class='ocrx_word' id='word_1_11' title='bbox 1121 291 1154 320; x_wconf 89' lang='lat' dir='ltr'><strong>et</strong></span> <span class='ocrx_word' id='word_1_12' title='bbox 1176 289 1297 332; x_wconf 87' lang='lat' dir='ltr'><strong>inclyte</strong></span> <span class='ocrx_word' id='word_1_13' title='bbox 1321 290 1433 322; x_wconf 84' lang='lat' dir='ltr'><strong>frater.</strong></span> 
     </span>
     <span class='ocr_line' id='line_1_8' title="bbox 571 337 1498 384; baseline 0.005 -15"><span class='ocrx_word' id='word_1_14' title='bbox 571 337 666 379; x_wconf 78' lang='lat' dir='ltr'><strong>Nam,</strong></span> <span class='ocrx_word' id='word_1_15' title='bbox 690 338 768 370; x_wconf 90' lang='lat' dir='ltr'><strong>mihi</strong></span> <span class='ocrx_word' id='word_1_16' title='bbox 792 339 820 370; x_wconf 90' lang='lat' dir='ltr'><strong>si</strong></span> <span class='ocrx_word' id='word_1_17' title='bbox 843 342 982 382; x_wconf 72' lang='lat' dir='ltr'><strong>tempuS,</strong></span> <span class='ocrx_word' id='word_1_18' title='bbox 1005 340 1120 379; x_wconf 82' lang='lat' dir='ltr'><strong>fateor,</strong></span> <span class='ocrx_word' id='word_1_19' title='bbox 1144 351 1347 384; x_wconf 87' lang='lat' dir='ltr'><strong>vacuumque</strong></span> <span class='ocrx_word' id='word_1_20' title='bbox 1371 343 1498 380; x_wconf 77' lang='lat' dir='ltr'><strong>fuisset,</strong></span> 
     </span>
     <span class='ocr_line' id='line_1_9' title="bbox 571 390 1534 436; baseline 0.006 -15"><span class='ocrx_word' id='word_1_21' title='bbox 571 390 710 432; x_wconf 86' lang='lat' dir='ltr'>Fingere</span> <span class='ocrx_word' id='word_1_22' title='bbox 732 393 954 433; x_wconf 85' lang='lat' dir='ltr'><strong>temptassem,</strong></span> <span class='ocrx_word' id='word_1_23' title='bbox 978 392 1037 423; x_wconf 87' lang='lat' dir='ltr'><strong>tibi</strong></span> <span class='ocrx_word' id='word_1_24' title='bbox 1060 392 1144 434; x_wconf 89' lang='lat' dir='ltr'><strong>quod</strong></span> <span class='ocrx_word' id='word_1_25' title='bbox 1167 404 1224 436; x_wconf 89' lang='lat' dir='ltr'><strong>pro</strong></span> <span class='ocrx_word' id='word_1_26' title='bbox 1249 404 1384 426; x_wconf 87' lang='lat' dir='ltr'><strong>munere</strong></span> <span class='ocrx_word' id='word_1_27' title='bbox 1408 397 1534 426; x_wconf 81' lang='lat' dir='ltr'><strong>tantum</strong></span> 
     </span>
     <span class='ocr_line' id='line_1_10' title="bbox 569 442 1296 485; baseline 0.006 -12"><span class='ocrx_word' id='word_1_28' title='bbox 569 442 731 474; x_wconf 87' lang='lat' dir='ltr'><strong>Misissem</strong></span> <span class='ocrx_word' id='word_1_29' title='bbox 755 453 887 474; x_wconf 83' lang='lat' dir='ltr'><strong>carmen</strong></span> <span class='ocrx_word' id='word_1_30' title='bbox 911 443 1081 485; x_wconf 78' lang='lat' dir='ltr'><strong>speciatim</strong></span> <span class='ocrx_word' id='word_1_31' title='bbox 1105 445 1296 481; x_wconf 80' lang='lat' dir='ltr'><strong>versificale,</strong></span> 
     </span>
     <span class='ocr_line' id='line_1_11' title="bbox 570 494 1357 538; baseline 0.004 -11"><span class='ocrx_word' id='word_1_32' title='bbox 570 494 752 527; x_wconf 84' lang='lat' dir='ltr'><strong>Gentaculo</strong></span> <span class='ocrx_word' id='word_1_33' title='bbox 775 495 815 527; x_wconf 89' lang='lat' dir='ltr'><strong>de</strong></span> <span class='ocrx_word' id='word_1_34' title='bbox 839 506 901 538; x_wconf 90' lang='lat' dir='ltr'><strong>quo</strong></span> <span class='ocrx_word' id='word_1_35' title='bbox 924 496 1083 528; x_wconf 81' lang='lat' dir='ltr'><strong>valuisses</strong></span> <span class='ocrx_word' id='word_1_36' title='bbox 1107 496 1219 529; x_wconf 89' lang='lat' dir='ltr'><strong>ludere</strong></span> <span class='ocrx_word' id='word_1_37' title='bbox 1244 497 1357 537; x_wconf 74' lang='lat' dir='ltr'><strong>fracto,</strong></span> 
     </span>
     <span class='ocr_line' id='line_1_12' title="bbox 569 547 1276 591; baseline 0.004 -13"><span class='ocrx_word' id='word_1_38' title='bbox 569 547 696 579; x_wconf 84' lang='lat' dir='ltr'><strong>Inflatis</strong></span> <span class='ocrx_word' id='word_1_39' title='bbox 720 547 819 579; x_wconf 85' lang='lat' dir='ltr'><strong>etiam</strong></span> <span class='ocrx_word' id='word_1_40' title='bbox 842 547 932 579; x_wconf 84' lang='lat' dir='ltr'><strong>fibris</strong></span> <span class='ocrx_word' id='word_1_41' title='bbox 956 551 1088 580; x_wconf 80' lang='lat' dir='ltr'><strong>cantare</strong></span> <span class='ocrx_word' id='word_1_42' title='bbox 1112 551 1276 591; x_wconf 75' lang='lat' dir='ltr'><strong>saturque,</strong></span> 
     </span>
    </p>

    <p class='ocr_par' dir='ltr' id='par_1_8' title="bbox 569 598 1453 693">
     <span class='ocr_line' id='line_1_13' title="bbox 569 598 1453 644; baseline 0.002 -13"><span class='ocrx_word' id='word_1_43' title='bbox 569 598 746 642; x_wconf 81' lang='lat' dir='ltr'><strong>Usquequo</strong></span> <span class='ocrx_word' id='word_1_44' title='bbox 770 599 946 642; x_wconf 83' lang='lat' dir='ltr'><strong>depressus</strong></span> <span class='ocrx_word' id='word_1_45' title='bbox 970 610 1082 631; x_wconf 87' lang='lat' dir='ltr'><strong>somno</strong></span> <span class='ocrx_word' id='word_1_46' title='bbox 1106 600 1283 643; x_wconf 87' lang='lat' dir='ltr'><strong>Bachoque</strong></span> <span class='ocrx_word' id='word_1_47' title='bbox 1307 602 1453 644; x_wconf 81' lang='lat' dir='ltr'><strong>sepultus</strong></span> 
     </span>
     <span class='ocr_line' id='line_1_14' title="bbox 569 650 1373 693; baseline 0.004 -11"><span class='ocrx_word' id='word_1_48' title='bbox 569 650 700 683; x_wconf 86' lang='lat' dir='ltr'><strong>Pernox</strong></span> <span class='ocrx_word' id='word_1_49' title='bbox 725 651 757 683; x_wconf 91' lang='lat' dir='ltr'><strong>in</strong></span> <span class='ocrx_word' id='word_1_50' title='bbox 782 651 908 693; x_wconf 86' lang='lat' dir='ltr'><strong>gremio</strong></span> <span class='ocrx_word' id='word_1_51' title='bbox 933 651 1010 683; x_wconf 89' lang='lat' dir='ltr'><strong>lecti</strong></span> <span class='ocrx_word' id='word_1_52' title='bbox 1033 652 1201 684; x_wconf 80' lang='lat' dir='ltr'><strong>stertendo</strong></span> <span class='ocrx_word' id='word_1_53' title='bbox 1226 653 1373 686; x_wconf 81' lang='lat' dir='ltr'><strong>cubares.</strong></span> 
     </span>
    </p>

    <p class='ocr_par' dir='ltr' id='par_1_9' title="bbox 567 703 1472 798">
     <span class='ocr_line' id='line_1_15' title="bbox 567 703 1472 746; baseline 0.001 -11"><span class='ocrx_word' id='word_1_54' title='bbox 567 703 603 735; x_wconf 86' lang='lat' dir='ltr'><strong>Si</strong></span> <span class='ocrx_word' id='word_1_55' title='bbox 626 703 686 735; x_wconf 89' lang='lat' dir='ltr'><strong>tibi</strong></span> <span class='ocrx_word' id='word_1_56' title='bbox 709 714 860 746; x_wconf 86' lang='lat' dir='ltr'><strong>nuncque</strong></span> <span class='ocrx_word' id='word_1_57' title='bbox 883 703 974 743; x_wconf 89' lang='lat' dir='ltr'><strong>libet,</strong></span> <span class='ocrx_word' id='word_1_58' title='bbox 998 703 1125 743; x_wconf 86' lang='lat' dir='ltr'><strong>faciam,</strong></span> <span class='ocrx_word' id='word_1_59' title='bbox 1149 704 1234 746; x_wconf 94' lang='lat' dir='ltr'><strong>quod</strong></span> <span class='ocrx_word' id='word_1_60' title='bbox 1257 705 1356 736; x_wconf 85' lang='lat' dir='ltr'><strong>iussio</strong></span> <span class='ocrx_word' id='word_1_61' title='bbox 1379 705 1472 736; x_wconf 82' lang='lat' dir='ltr'><strong>iussit</strong></span> 
     </span>
     <span class='ocr_line' id='line_1_16' title="bbox 568 754 1384 798; baseline 0.002 -12"><span class='ocrx_word' id='word_1_62' title='bbox 568 754 665 787; x_wconf 85' lang='lat' dir='ltr'><strong>Alma</strong></span> <span class='ocrx_word' id='word_1_63' title='bbox 688 758 753 795; x_wconf 83' lang='lat' dir='ltr'><strong>tua,</strong></span> <span class='ocrx_word' id='word_1_64' title='bbox 778 755 886 795; x_wconf 84' lang='lat' dir='ltr'><strong>frater,</strong></span> <span class='ocrx_word' id='word_1_65' title='bbox 910 756 1012 787; x_wconf 86' lang='lat' dir='ltr'><strong>veluti</strong></span> <span class='ocrx_word' id='word_1_66' title='bbox 1035 755 1113 787; x_wconf 88' lang='lat' dir='ltr'><strong>mihi</strong></span> <span class='ocrx_word' id='word_1_67' title='bbox 1135 766 1232 798; x_wconf 84' lang='lat' dir='ltr'><strong>posse</strong></span> <span class='ocrx_word' id='word_1_68' title='bbox 1257 756 1384 789; x_wconf 89' lang='lat' dir='ltr'><strong>videtur</strong></span> 
     </span>
    </p>

    <p class='ocr_par' dir='ltr' id='par_1_10' title="bbox 568 806 1421 850">
     <span class='ocr_line' id='line_1_17' title="bbox 568 806 1421 850; baseline 0.002 -12"><span class='ocrx_word' id='word_1_69' title='bbox 568 807 619 838; x_wconf 88' lang='lat' dir='ltr'><strong>Ac</strong></span> <span class='ocrx_word' id='word_1_70' title='bbox 643 806 770 839; x_wconf 82' lang='lat' dir='ltr'><strong>dederit</strong></span> <span class='ocrx_word' id='word_1_71' title='bbox 793 818 935 845; x_wconf 82' lang='lat' dir='ltr'><strong>sensum,</strong></span> <span class='ocrx_word' id='word_1_72' title='bbox 960 811 1068 840; x_wconf 83' lang='lat' dir='ltr'><strong>servat</strong></span> <span class='ocrx_word' id='word_1_73' title='bbox 1092 808 1146 850; x_wconf 93' lang='lat' dir='ltr'><strong>qui</strong></span> <span class='ocrx_word' id='word_1_74' title='bbox 1170 811 1288 840; x_wconf 81' lang='lat' dir='ltr'><strong>cuncta</strong></span> <span class='ocrx_word' id='word_1_75' title='bbox 1312 811 1421 840; x_wconf 84' lang='lat' dir='ltr'><strong>creata</strong></span> 
     </span>
    </p>

    <p class='ocr_par' dir='ltr' id='par_1_11' title="bbox 565 859 1521 1110">
     <span class='ocr_line' id='line_1_18' title="bbox 567 859 1406 902; baseline 0.001 -11"><span class='ocrx_word' id='word_1_76' title='bbox 567 859 610 891; x_wconf 83' lang='lat' dir='ltr'><strong>Et</strong></span> <span class='ocrx_word' id='word_1_77' title='bbox 633 862 758 891; x_wconf 81' lang='lat' dir='ltr'>reserat</span> <span class='ocrx_word' id='word_1_78' title='bbox 781 859 893 891; x_wconf 81' lang='lat' dir='ltr'><strong>clausa</strong></span> <span class='ocrx_word' id='word_1_79' title='bbox 915 860 1101 902; x_wconf 78' lang='lat' dir='ltr'><strong>pariterque</strong></span> <span class='ocrx_word' id='word_1_80' title='bbox 1126 860 1233 892; x_wconf 87' lang='lat' dir='ltr'><strong>soluta</strong></span> <span class='ocrx_word' id='word_1_81' title='bbox 1256 860 1406 893; x_wconf 80' lang='lat' dir='ltr'><strong>recludit.</strong></span> 
     </span>
     <span class='ocr_line' id='line_1_19' title="bbox 567 911 1521 954; baseline 0.001 -11"><span class='ocrx_word' id='word_1_82' title='bbox 567 911 690 954; x_wconf 79' lang='lat' dir='ltr'><strong>Incipe,</strong></span> <span class='ocrx_word' id='word_1_83' title='bbox 715 922 864 954; x_wconf 81' lang='lat' dir='ltr'><strong>quaeque</strong></span> <span class='ocrx_word' id='word_1_84' title='bbox 887 911 978 951; x_wconf 85' lang='lat' dir='ltr'><strong>velis,</strong></span> <span class='ocrx_word' id='word_1_85' title='bbox 1002 922 1151 949; x_wconf 81' lang='lat' dir='ltr'><strong>narrare;</strong></span> <span class='ocrx_word' id='word_1_86' title='bbox 1175 923 1237 954; x_wconf 86' lang='lat' dir='ltr'><strong>ego</strong></span> <span class='ocrx_word' id='word_1_87' title='bbox 1261 923 1380 954; x_wconf 80' lang='lat' dir='ltr'><strong>segnes</strong></span> <span class='ocrx_word' id='word_1_88' title='bbox 1404 912 1521 944; x_wconf 82' lang='lat' dir='ltr'><strong>adesse</strong></span> 
     </span>
     <span class='ocr_line' id='line_1_20' title="bbox 565 963 1422 1007; baseline 0.001 -12"><span class='ocrx_word' id='word_1_89' title='bbox 565 963 635 995; x_wconf 86' lang='lat' dir='ltr'><strong>Nec</strong></span> <span class='ocrx_word' id='word_1_90' title='bbox 659 963 766 1007; x_wconf 86' lang='lat' dir='ltr'><strong>cupio,</strong></span> <span class='ocrx_word' id='word_1_91' title='bbox 789 964 899 1006; x_wconf 89' lang='lat' dir='ltr'><strong>potius</strong></span> <span class='ocrx_word' id='word_1_92' title='bbox 923 964 981 996; x_wconf 87' lang='lat' dir='ltr'><strong>sed</strong></span> <span class='ocrx_word' id='word_1_93' title='bbox 1005 964 1124 996; x_wconf 85' lang='lat' dir='ltr'><strong>cursim</strong></span> <span class='ocrx_word' id='word_1_94' title='bbox 1149 964 1286 1007; x_wconf 90' lang='lat' dir='ltr'><strong>implere</strong></span> <span class='ocrx_word' id='word_1_95' title='bbox 1310 965 1422 1007; x_wconf 82' lang='lat' dir='ltr'><strong>petita,</strong></span> 
     </span>
     <span class='ocr_line' id='line_1_21' title="bbox 568 1014 1438 1058; baseline 0.001 -11"><span class='ocrx_word' id='word_1_96' title='bbox 568 1015 666 1047; x_wconf 83' lang='lat' dir='ltr'><strong>quta</strong></span> <span class='ocrx_word' id='word_1_97' title='bbox 689 1014 774 1057; x_wconf 91' lang='lat' dir='ltr'><strong>quod</strong></span> <span class='ocrx_word' id='word_1_98' title='bbox 798 1015 906 1055; x_wconf 86' lang='lat' dir='ltr'><strong>didici,</strong></span> <span class='ocrx_word' id='word_1_99' title='bbox 932 1026 1047 1048; x_wconf 87' lang='lat' dir='ltr'><strong>maneo</strong></span> <span class='ocrx_word' id='word_1_100' title='bbox 1072 1027 1132 1048; x_wconf 86' lang='lat' dir='ltr'><strong>nec</strong></span> <span class='ocrx_word' id='word_1_101' title='bbox 1155 1026 1220 1048; x_wconf 91' lang='lat' dir='ltr'><strong>non</strong></span> <span class='ocrx_word' id='word_1_102' title='bbox 1245 1016 1438 1058; x_wconf 90' lang='lat' dir='ltr'><strong>sciolusque.</strong></span> 
     </span>
     <span class='ocr_line' id='line_1_22' title="bbox 568 1065 1343 1110; baseline 0.001 -12"><span class='ocrx_word' id='word_1_103' title='bbox 568 1065 653 1098; x_wconf 85' lang='lat' dir='ltr'><strong>Illud</strong></span> <span class='ocrx_word' id='word_1_104' title='bbox 678 1066 705 1098; x_wconf 87' lang='lat' dir='ltr'><strong>si</strong></span> <span class='ocrx_word' id='word_1_105' title='bbox 729 1066 851 1107; x_wconf 87' lang='lat' dir='ltr'><strong>renuis,</strong></span> <span class='ocrx_word' id='word_1_106' title='bbox 876 1067 1000 1098; x_wconf 81' lang='lat' dir='ltr'><strong>celsum</strong></span> <span class='ocrx_word' id='word_1_107' title='bbox 1025 1067 1176 1110; x_wconf 84' lang='lat' dir='ltr'><strong>perquire</strong></span> <span class='ocrx_word' id='word_1_108' title='bbox 1200 1070 1343 1110; x_wconf 75' lang='lat' dir='ltr'><strong>poetam,</strong></span> 
     </span>
    </p>

    <p class='ocr_par' dir='ltr' id='par_1_12' title="bbox 567 1117 1414 1161">
     <span class='ocr_line' id='line_1_23' title="bbox 567 1117 1414 1161; baseline 0.002 -12"><span class='ocrx_word' id='word_1_109' title='bbox 567 1117 639 1155; x_wconf 90' lang='lat' dir='ltr'><strong>Quo</strong></span> <span class='ocrx_word' id='word_1_110' title='bbox 662 1118 740 1150; x_wconf 80' lang='lat' dir='ltr'><strong>satis</strong></span> <span class='ocrx_word' id='word_1_111' title='bbox 763 1117 922 1157; x_wconf 75' lang='lat' dir='ltr'><strong>invenias,</strong></span> <span class='ocrx_word' id='word_1_112' title='bbox 946 1118 1032 1161; x_wconf 90' lang='lat' dir='ltr'><strong>quod</strong></span> <span class='ocrx_word' id='word_1_113' title='bbox 1055 1118 1173 1150; x_wconf 85' lang='lat' dir='ltr'><strong>nobilis</strong></span> <span class='ocrx_word' id='word_1_114' title='bbox 1198 1119 1303 1161; x_wconf 84' lang='lat' dir='ltr'><strong>exigit</strong></span> <span class='ocrx_word' id='word_1_115' title='bbox 1325 1129 1414 1152; x_wconf 86' lang='lat' dir='ltr'><strong>usus.</strong></span> 
     </span>
    </p>

    <p class='ocr_par' dir='ltr' id='par_1_13' title="bbox 568 1169 1364 1213">
     <span class='ocr_line' id='line_1_24' title="bbox 568 1169 1364 1213; baseline 0 -11"><span class='ocrx_word' id='word_1_116' title='bbox 568 1169 611 1202; x_wconf 79' lang='lat' dir='ltr'><strong>Et</strong></span> <span class='ocrx_word' id='word_1_117' title='bbox 633 1170 693 1202; x_wconf 83' lang='lat' dir='ltr'><strong>tibi</strong></span> <span class='ocrx_word' id='word_1_118' title='bbox 716 1180 783 1213; x_wconf 85' lang='lat' dir='ltr'><strong>pax</strong></span> <span class='ocrx_word' id='word_1_119' title='bbox 806 1174 917 1202; x_wconf 89' lang='lat' dir='ltr'><strong>nostro</strong></span> <span class='ocrx_word' id='word_1_120' title='bbox 942 1171 1053 1203; x_wconf 81' lang='lat' dir='ltr'><strong>veniat</strong></span> <span class='ocrx_word' id='word_1_121' title='bbox 1077 1170 1224 1203; x_wconf 82' lang='lat' dir='ltr'><strong>sistendo</strong></span> <span class='ocrx_word' id='word_1_122' title='bbox 1247 1171 1364 1203; x_wconf 88' lang='lat' dir='ltr'><strong>locello</strong></span> 
     </span>
    </p>

    <p class='ocr_par' dir='ltr' id='par_1_14' title="bbox 563 1222 1371 1266">
     <span class='ocr_line' id='line_1_25' title="bbox 563 1222 1371 1266; baseline 0.001 -12"><span class='ocrx_word' id='word_1_123' title='bbox 563 1222 647 1254; x_wconf 85' lang='lat' dir='ltr'><strong>Aevi</strong></span> <span class='ocrx_word' id='word_1_124' title='bbox 671 1222 841 1261; x_wconf 87' lang='lat' dir='ltr'><strong>curricula,</strong></span> <span class='ocrx_word' id='word_1_125' title='bbox 866 1223 981 1265; x_wconf 88' lang='lat' dir='ltr'><strong>rogito,</strong></span> <span class='ocrx_word' id='word_1_126' title='bbox 1004 1233 1063 1266; x_wconf 91' lang='lat' dir='ltr'><strong>per</strong></span> <span class='ocrx_word' id='word_1_127' title='bbox 1086 1223 1188 1255; x_wconf 86' lang='lat' dir='ltr'><strong>multa</strong></span> <span class='ocrx_word' id='word_1_128' title='bbox 1213 1222 1371 1255; x_wconf 87' lang='lat' dir='ltr'><strong>cadentis.</strong></span> 
     </span>
    </p>

    <p class='ocr_par' dir='ltr' id='par_1_15' title="bbox 563 1274 1403 1369">
     <span class='ocr_line' id='line_1_26' title="bbox 563 1274 1403 1317; baseline -0.001 -11"><span class='ocrx_word' id='word_1_129' title='bbox 563 1274 633 1306; x_wconf 87' lang='lat' dir='ltr'><strong>Nec</strong></span> <span class='ocrx_word' id='word_1_130' title='bbox 657 1277 690 1306; x_wconf 85' lang='lat' dir='ltr'><strong>te</strong></span> <span class='ocrx_word' id='word_1_131' title='bbox 714 1274 874 1317; x_wconf 88' lang='lat' dir='ltr'><strong>subripiat</strong></span> <span class='ocrx_word' id='word_1_132' title='bbox 896 1274 1027 1306; x_wconf 89' lang='lat' dir='ltr'><strong>demum</strong></span> <span class='ocrx_word' id='word_1_133' title='bbox 1051 1274 1219 1307; x_wconf 81' lang='lat' dir='ltr'><strong>suadendo</strong></span> <span class='ocrx_word' id='word_1_134' title='bbox 1243 1274 1403 1316; x_wconf 83' lang='lat' dir='ltr'><strong>malignus</strong></span> 
     </span>
     <span class='ocr_line' id='line_1_27' title="bbox 563 1325 1390 1369; baseline 0.001 -13"><span class='ocrx_word' id='word_1_135' title='bbox 563 1325 700 1364; x_wconf 69' lang='lat' dir='ltr'><strong>Damon,</strong></span> <span class='ocrx_word' id='word_1_136' title='bbox 724 1329 757 1357; x_wconf 87' lang='lat' dir='ltr'><strong>te</strong></span> <span class='ocrx_word' id='word_1_137' title='bbox 780 1325 902 1358; x_wconf 87' lang='lat' dir='ltr'><strong>dudum</strong></span> <span class='ocrx_word' id='word_1_138' title='bbox 925 1326 1026 1358; x_wconf 83' lang='lat' dir='ltr'><strong>voluit</strong></span> <span class='ocrx_word' id='word_1_139' title='bbox 1049 1326 1103 1368; x_wconf 90' lang='lat' dir='ltr'><strong>qui</strong></span> <span class='ocrx_word' id='word_1_140' title='bbox 1127 1325 1263 1369; x_wconf 86' lang='lat' dir='ltr'><strong>perdere</strong></span> <span class='ocrx_word' id='word_1_141' title='bbox 1287 1329 1390 1357; x_wconf 89' lang='lat' dir='ltr'><strong>totum</strong></span> 
     </span>
    </p>

    <p class='ocr_par' dir='ltr' id='par_1_16' title="bbox 564 1377 1371 1473">
     <span class='ocr_line' id='line_1_28' title="bbox 564 1377 1346 1417; baseline -0.001 -8"><span class='ocrx_word' id='word_1_142' title='bbox 564 1377 615 1409; x_wconf 83' lang='lat' dir='ltr'><strong>Ex</strong></span> <span class='ocrx_word' id='word_1_143' title='bbox 638 1381 717 1417; x_wconf 85' lang='lat' dir='ltr'><strong>toto,</strong></span> <span class='ocrx_word' id='word_1_144' title='bbox 741 1377 804 1409; x_wconf 90' lang='lat' dir='ltr'><strong>nisi</strong></span> <span class='ocrx_word' id='word_1_145' title='bbox 826 1381 859 1410; x_wconf 88' lang='lat' dir='ltr'><strong>te</strong></span> <span class='ocrx_word' id='word_1_146' title='bbox 883 1381 1025 1410; x_wconf 82' lang='lat' dir='ltr'><strong>tutasset</strong></span> <span class='ocrx_word' id='word_1_147' title='bbox 1047 1377 1185 1410; x_wconf 85' lang='lat' dir='ltr'><strong>dextera</strong></span> <span class='ocrx_word' id='word_1_148' title='bbox 1209 1377 1346 1409; x_wconf 83' lang='lat' dir='ltr'><strong>Christi:</strong></span> 
     </span>
     <span class='ocr_line' id='line_1_29' title="bbox 564 1429 1371 1473; baseline 0 -12"><span class='ocrx_word' id='word_1_149' title='bbox 564 1429 719 1472; x_wconf 80' lang='lat' dir='ltr'><strong>Protegat</strong></span> <span class='ocrx_word' id='word_1_150' title='bbox 742 1429 867 1462; x_wconf 82' lang='lat' dir='ltr'><strong>exaltet</strong></span> <span class='ocrx_word' id='word_1_151' title='bbox 890 1440 973 1472; x_wconf 85' lang='lat' dir='ltr'><strong>quae</strong></span> <span class='ocrx_word' id='word_1_152' title='bbox 996 1434 1028 1462; x_wconf 89' lang='lat' dir='ltr'><strong>te</strong></span> <span class='ocrx_word' id='word_1_153' title='bbox 1052 1441 1111 1473; x_wconf 91' lang='lat' dir='ltr'><strong>per</strong></span> <span class='ocrx_word' id='word_1_154' title='bbox 1135 1429 1245 1461; x_wconf 83' lang='lat' dir='ltr'><strong>secula</strong></span> <span class='ocrx_word' id='word_1_155' title='bbox 1266 1432 1371 1461; x_wconf 84' lang='lat' dir='ltr'><strong>tensa.</strong></span> 
     </span>
    </p>
   </div>
   <div class='ocr_carea' id='block_1_8' title="bbox 818 1522 1037 1525">
    <p class='ocr_par' dir='ltr' id='par_1_17' title="bbox 818 1522 1037 1525">
     <span class='ocr_line' id='line_1_30' title="bbox 818 1522 1037 1525; baseline 0 0"><span class='ocrx_word' id='word_1_156' title='bbox 818 1522 1037 1525; x_wconf 95' lang='lat' dir='ltr'><strong> </strong></span> 
     </span>
    </p>
   </div>
   <div class='ocr_carea' id='block_1_9' title="bbox 1053 1522 1227 1527">
    <p class='ocr_par' dir='ltr' id='par_1_18' title="bbox 1053 1522 1227 1527">
     <span class='ocr_line' id='line_1_31' title="bbox 1053 1522 1227 1527; baseline 0 0"><span class='ocrx_word' id='word_1_157' title='bbox 1053 1522 1227 1527; x_wconf 95' lang='lat' dir='ltr'><strong> </strong></span> 
     </span>
    </p>
   </div>
   <div class='ocr_carea' id='block_1_10' title="bbox 737 1609 1308 1716">
    <p class='ocr_par' dir='ltr' id='par_1_19' title="bbox 737 1609 1308 1716">
     <span class='ocr_line' id='line_1_32' title="bbox 949 1609 1099 1642; baseline -0.007 -1"><span class='ocrx_word' id='word_1_158' title='bbox 949 1609 1099 1642; x_wconf 87' lang='lat' dir='ltr'>CXLIX.</span> 
     </span>
     <span class='ocr_line' id='line_1_33' title="bbox 737 1646 1308 1716; baseline 0 -8"><span class='ocrx_word' id='word_1_159' title='bbox 737 1671 803 1708; x_wconf 88' lang='lat' dir='ltr'><strong>AD</strong></span> <span class='ocrx_word' id='word_1_160' title='bbox 831 1671 1063 1716; x_wconf 85' lang='lat' dir='ltr'><strong>QVENDAM</strong></span> <span class='ocrx_word' id='word_1_161' title='bbox 1090 1646 1308 1709; x_wconf 67' lang='lat' dir='ltr'>JNP&#39;VBEM.</span> 
     </span>
    </p>
   </div>
   <div class='ocr_carea' id='block_1_11' title="bbox 559 1745 1482 2465">
    <p class='ocr_par' dir='ltr' id='par_1_20' title="bbox 562 1745 1377 1841">
     <span class='ocr_line' id='line_1_34' title="bbox 562 1745 1377 1785; baseline 0.001 -7"><span class='ocrx_word' id='word_1_162' title='bbox 562 1745 672 1785; x_wconf 79' lang='lat' dir='ltr'><strong>Miror,</strong></span> <span class='ocrx_word' id='word_1_163' title='bbox 695 1757 753 1779; x_wconf 89' lang='lat' dir='ltr'><strong>cur</strong></span> <span class='ocrx_word' id='word_1_164' title='bbox 775 1747 878 1780; x_wconf 84' lang='lat' dir='ltr'><strong>mavis</strong></span> <span class='ocrx_word' id='word_1_165' title='bbox 902 1748 1036 1779; x_wconf 89' lang='lat' dir='ltr'><strong>nimium</strong></span> <span class='ocrx_word' id='word_1_166' title='bbox 1061 1747 1208 1780; x_wconf 81' lang='lat' dir='ltr'><strong>habitare</strong></span> <span class='ocrx_word' id='word_1_167' title='bbox 1233 1750 1377 1780; x_wconf 86' lang='lat' dir='ltr'><strong>secretus</strong></span> 
     </span>
     <span class='ocr_line' id='line_1_35' title="bbox 604 1797 1336 1841; baseline 0.001 -11"><span class='ocrx_word' id='word_1_168' title='bbox 604 1797 697 1830; x_wconf 87' lang='lat' dir='ltr'><strong>Aede</strong></span> <span class='ocrx_word' id='word_1_169' title='bbox 721 1799 753 1831; x_wconf 89' lang='lat' dir='ltr'><strong>in</strong></span> <span class='ocrx_word' id='word_1_170' title='bbox 776 1798 952 1838; x_wconf 81' lang='lat' dir='ltr'><strong>sordidula,</strong></span> <span class='ocrx_word' id='word_1_171' title='bbox 976 1809 1072 1841; x_wconf 83' lang='lat' dir='ltr'><strong>quam</strong></span> <span class='ocrx_word' id='word_1_172' title='bbox 1095 1799 1242 1831; x_wconf 85' lang='lat' dir='ltr'><strong>residere</strong></span> <span class='ocrx_word' id='word_1_173' title='bbox 1264 1800 1336 1831; x_wconf 88' lang='lat' dir='ltr'><strong>loco</strong></span> 
     </span>
    </p>

    <p class='ocr_par' dir='ltr' id='par_1_21' title="bbox 563 1849 1482 1945">
     <span class='ocr_line' id='line_1_36' title="bbox 563 1849 1482 1893; baseline 0 -11"><span class='ocrx_word' id='word_1_174' title='bbox 563 1849 765 1893; x_wconf 88' lang='lat' dir='ltr'><strong>Conspicuus</strong></span> <span class='ocrx_word' id='word_1_175' title='bbox 789 1851 911 1889; x_wconf 80' lang='lat' dir='ltr'><strong>multis,</strong></span> <span class='ocrx_word' id='word_1_176' title='bbox 936 1850 1079 1883; x_wconf 87' lang='lat' dir='ltr'><strong>studium</strong></span> <span class='ocrx_word' id='word_1_177' title='bbox 1103 1861 1167 1893; x_wconf 93' lang='lat' dir='ltr'><strong>quo</strong></span> <span class='ocrx_word' id='word_1_178' title='bbox 1191 1861 1326 1882; x_wconf 85' lang='lat' dir='ltr'><strong>cernere</strong></span> <span class='ocrx_word' id='word_1_179' title='bbox 1349 1851 1482 1893; x_wconf 73' lang='lat' dir='ltr'><strong>possint,</strong></span> 
     </span>
     <span class='ocr_line' id='line_1_37' title="bbox 605 1901 1337 1945; baseline 0.001 -12"><span class='ocrx_word' id='word_1_180' title='bbox 605 1901 633 1932; x_wconf 94' lang='grc' dir='ltr'><strong>Ο</strong></span> <span class='ocrx_word' id='word_1_181' title='bbox 657 1901 754 1942; x_wconf 87' lang='lat' dir='ltr'><strong>bone,</strong></span> <span class='ocrx_word' id='word_1_182' title='bbox 778 1902 863 1944; x_wconf 84' lang='lat' dir='ltr'><strong>quod</strong></span> <span class='ocrx_word' id='word_1_183' title='bbox 887 1903 1020 1945; x_wconf 80' lang='lat' dir='ltr'><strong>peragis</strong></span> <span class='ocrx_word' id='word_1_184' title='bbox 1044 1902 1175 1942; x_wconf 86' lang='lat' dir='ltr'><strong>cotidie,</strong></span> <span class='ocrx_word' id='word_1_185' title='bbox 1199 1903 1337 1935; x_wconf 89' lang='lat' dir='ltr'><strong>iuvenis.</strong></span> 
     </span>
    </p>

    <p class='ocr_par' dir='ltr' id='par_1_22' title="bbox 561 1951 1420 2050">
     <span class='ocr_line' id='line_1_38' title="bbox 561 1951 1381 1997; baseline 0.002 -13"><span class='ocrx_word' id='word_1_186' title='bbox 561 1951 732 1996; x_wconf 86' lang='lat' dir='ltr'><strong>Conspicis</strong></span> <span class='ocrx_word' id='word_1_187' title='bbox 755 1953 808 1985; x_wconf 83' lang='lat' dir='ltr'><strong>hic</strong></span> <span class='ocrx_word' id='word_1_188' title='bbox 832 1954 954 1985; x_wconf 89' lang='lat' dir='ltr'><strong>etenim</strong></span> <span class='ocrx_word' id='word_1_189' title='bbox 976 1954 1070 1996; x_wconf 87' lang='lat' dir='ltr'><strong>plura</strong></span> <span class='ocrx_word' id='word_1_190' title='bbox 1094 1953 1273 1997; x_wconf 76' lang='lat' dir='ltr'><strong>pendentia</strong></span> <span class='ocrx_word' id='word_1_191' title='bbox 1294 1954 1381 1986; x_wconf 83' lang='lat' dir='ltr'><strong>mala</strong></span> 
     </span>
     <span class='ocr_line' id='line_1_39' title="bbox 602 2006 1420 2050; baseline 0.001 -13"><span class='ocrx_word' id='word_1_192' title='bbox 602 2006 711 2049; x_wconf 84' lang='lat' dir='ltr'><strong>Atque</strong></span> <span class='ocrx_word' id='word_1_193' title='bbox 734 2006 875 2039; x_wconf 78' lang='lat' dir='ltr'><strong>frutecta</strong></span> <span class='ocrx_word' id='word_1_194' title='bbox 898 2008 973 2047; x_wconf 87' lang='lat' dir='ltr'><strong>alia,</strong></span> <span class='ocrx_word' id='word_1_195' title='bbox 997 2018 1081 2050; x_wconf 80' lang='lat' dir='ltr'><strong>quae</strong></span> <span class='ocrx_word' id='word_1_196' title='bbox 1105 2007 1164 2039; x_wconf 89' lang='lat' dir='ltr'><strong>tibi</strong></span> <span class='ocrx_word' id='word_1_197' title='bbox 1188 2011 1263 2039; x_wconf 87' lang='lat' dir='ltr'><strong>sunt</strong></span> <span class='ocrx_word' id='word_1_198' title='bbox 1286 2007 1420 2050; x_wconf 80' lang='lat' dir='ltr'><strong>placita;</strong></span> 
     </span>
    </p>

    <p class='ocr_par' dir='ltr' id='par_1_23' title="bbox 560 2057 1454 2154">
     <span class='ocr_line' id='line_1_40' title="bbox 560 2057 1454 2102; baseline 0 -13"><span class='ocrx_word' id='word_1_199' title='bbox 560 2057 759 2101; x_wconf 85' lang='lat' dir='ltr'><strong>Pampineis,</strong></span> <span class='ocrx_word' id='word_1_200' title='bbox 785 2059 812 2091; x_wconf 88' lang='lat' dir='ltr'><strong>si</strong></span> <span class='ocrx_word' id='word_1_201' title='bbox 836 2059 894 2099; x_wconf 80' lang='lat' dir='ltr'><strong>vis,</strong></span> <span class='ocrx_word' id='word_1_202' title='bbox 918 2060 1041 2102; x_wconf 86' lang='lat' dir='ltr'><strong>poteris</strong></span> <span class='ocrx_word' id='word_1_203' title='bbox 1065 2059 1214 2091; x_wconf 84' lang='lat' dir='ltr'><strong>habitare</strong></span> <span class='ocrx_word' id='word_1_204' title='bbox 1238 2059 1298 2090; x_wconf 88' lang='lat' dir='ltr'><strong>sub</strong></span> <span class='ocrx_word' id='word_1_205' title='bbox 1322 2059 1454 2097; x_wconf 79' lang='lat' dir='ltr'><strong>umbris,</strong></span> 
     </span>
     <span class='ocr_line' id='line_1_41' title="bbox 604 2109 1235 2154; baseline 0.002 -12"><span class='ocrx_word' id='word_1_206' title='bbox 604 2109 656 2142; x_wconf 82' lang='lat' dir='ltr'><strong>Ex</strong></span> <span class='ocrx_word' id='word_1_207' title='bbox 680 2120 780 2143; x_wconf 89' lang='lat' dir='ltr'><strong>cornu</strong></span> <span class='ocrx_word' id='word_1_208' title='bbox 804 2111 890 2143; x_wconf 84' lang='lat' dir='ltr'><strong>mala</strong></span> <span class='ocrx_word' id='word_1_209' title='bbox 914 2111 1036 2143; x_wconf 87' lang='lat' dir='ltr'><strong>vellere</strong></span> <span class='ocrx_word' id='word_1_210' title='bbox 1060 2121 1235 2154; x_wconf 78' lang='lat' dir='ltr'><strong>purpurea.</strong></span> 
     </span>
    </p>

    <p class='ocr_par' dir='ltr' id='par_1_24' title="bbox 560 2161 1401 2258">
     <span class='ocr_line' id='line_1_42' title="bbox 560 2161 1401 2206; baseline 0.001 -13"><span class='ocrx_word' id='word_1_211' title='bbox 560 2161 735 2194; x_wconf 85' lang='lat' dir='ltr'><strong>Codiculos</strong></span> <span class='ocrx_word' id='word_1_212' title='bbox 760 2166 892 2205; x_wconf 87' lang='lat' dir='ltr'><strong>propter</strong></span> <span class='ocrx_word' id='word_1_213' title='bbox 915 2163 1117 2206; x_wconf 86' lang='lat' dir='ltr'><strong>reponendos</strong></span> <span class='ocrx_word' id='word_1_214' title='bbox 1141 2166 1239 2205; x_wconf 81' lang='lat' dir='ltr'><strong>atque</strong></span> <span class='ocrx_word' id='word_1_215' title='bbox 1263 2162 1401 2195; x_wconf 80' lang='lat' dir='ltr'><strong>tabellas</strong></span> 
     </span>
     <span class='ocr_line' id='line_1_43' title="bbox 605 2213 1363 2258; baseline 0 -12"><span class='ocrx_word' id='word_1_216' title='bbox 605 2213 679 2246; x_wconf 86' lang='lat' dir='ltr'><strong>Stat</strong></span> <span class='ocrx_word' id='word_1_217' title='bbox 702 2215 870 2258; x_wconf 73' lang='lat' dir='ltr'><strong>vobisque,</strong></span> <span class='ocrx_word' id='word_1_218' title='bbox 894 2215 973 2255; x_wconf 79' lang='lat' dir='ltr'><strong>scio,</strong></span> <span class='ocrx_word' id='word_1_219' title='bbox 997 2215 1081 2258; x_wconf 92' lang='lat' dir='ltr'><strong>quod</strong></span> <span class='ocrx_word' id='word_1_220' title='bbox 1105 2216 1227 2258; x_wconf 86' lang='lat' dir='ltr'><strong>repetis</strong></span> <span class='ocrx_word' id='word_1_221' title='bbox 1251 2215 1363 2247; x_wconf 80' lang='lat' dir='ltr'><strong>satius.</strong></span> 
     </span>
    </p>

    <p class='ocr_par' dir='ltr' id='par_1_25' title="bbox 559 2264 1350 2355">
     <span class='ocr_line' id='line_1_44' title="bbox 559 2264 1350 2312; baseline 0.003 -15"><span class='ocrx_word' id='word_1_222' title='bbox 559 2264 667 2298; x_wconf 87' lang='lat' dir='ltr'><strong>Unum</strong></span> <span class='ocrx_word' id='word_1_223' title='bbox 693 2270 729 2312; x_wconf 24' lang='lat' dir='ltr'><strong>te*</strong></span> <span class='ocrx_word' id='word_1_224' title='bbox 747 2277 879 2299; x_wconf 86' lang='lat' dir='ltr'><strong>moneo:</strong></span> <span class='ocrx_word' id='word_1_225' title='bbox 905 2277 1036 2310; x_wconf 86' lang='lat' dir='ltr'><strong>semper</strong></span> <span class='ocrx_word' id='word_1_226' title='bbox 1060 2271 1186 2299; x_wconf 86' lang='lat' dir='ltr'><strong>certare</strong></span> <span class='ocrx_word' id='word_1_227' title='bbox 1211 2267 1350 2305; x_wconf 77' lang='lat' dir='ltr'><strong>studeto,</strong></span> 
     </span>
     <span class='ocr_line' id='line_1_45' title="bbox 602 2317 1223 2355; baseline 0.002 -5"><span class='ocrx_word' id='word_1_228' title='bbox 602 2317 674 2355; x_wconf 88' lang='lat' dir='ltr'><strong>Quo</strong></span> <span class='ocrx_word' id='word_1_229' title='bbox 699 2319 809 2351; x_wconf 84' lang='lat' dir='ltr'><strong>valeas</strong></span> <span class='ocrx_word' id='word_1_230' title='bbox 833 2320 911 2351; x_wconf 80' lang='lat' dir='ltr'><strong>fisus</strong></span> <span class='ocrx_word' id='word_1_231' title='bbox 934 2319 1047 2351; x_wconf 88' lang='lat' dir='ltr'><strong>ludere</strong></span> <span class='ocrx_word' id='word_1_232' title='bbox 1071 2320 1223 2352; x_wconf 83' lang='lat' dir='ltr'><strong>litterulis</strong></span> 
     </span>
    </p>

    <p class='ocr_par' dir='ltr' id='par_1_26' title="bbox 561 2369 1394 2465">
     <span class='ocr_line' id='line_1_46' title="bbox 561 2369 1394 2414; baseline 0 -12"><span class='ocrx_word' id='word_1_233' title='bbox 561 2369 642 2402; x_wconf 87' lang='lat' dir='ltr'><strong>Cum</strong></span> <span class='ocrx_word' id='word_1_234' title='bbox 667 2371 773 2408; x_wconf 72' lang='lat' dir='ltr'><strong>sociis,</strong></span> <span class='ocrx_word' id='word_1_235' title='bbox 798 2375 905 2403; x_wconf 85' lang='lat' dir='ltr'><strong>tecum</strong></span> <span class='ocrx_word' id='word_1_236' title='bbox 929 2371 984 2414; x_wconf 92' lang='lat' dir='ltr'><strong>qui</strong></span> <span class='ocrx_word' id='word_1_237' title='bbox 1007 2371 1136 2403; x_wconf 87' lang='lat' dir='ltr'><strong>discunt</strong></span> <span class='ocrx_word' id='word_1_238' title='bbox 1159 2374 1254 2403; x_wconf 90' lang='lat' dir='ltr'><strong>nocte</strong></span> <span class='ocrx_word' id='word_1_239' title='bbox 1277 2370 1394 2413; x_wconf 87' lang='lat' dir='ltr'><strong>dieque</strong></span> 
     </span>
     <span class='ocr_line' id='line_1_47' title="bbox 602 2422 1382 2465; baseline 0.001 -11"><span class='ocrx_word' id='word_1_240' title='bbox 602 2422 716 2455; x_wconf 85' lang='lat' dir='ltr'><strong>Artem</strong></span> <span class='ocrx_word' id='word_1_241' title='bbox 741 2423 1000 2465; x_wconf 83' lang='lat' dir='ltr'><strong>grammaticam:</strong></span> <span class='ocrx_word' id='word_1_242' title='bbox 1025 2423 1134 2465; x_wconf 87' lang='lat' dir='ltr'><strong>sicque</strong></span> <span class='ocrx_word' id='word_1_243' title='bbox 1158 2423 1264 2454; x_wconf 84' lang='lat' dir='ltr'><strong>valeto</strong></span> <span class='ocrx_word' id='word_1_244' title='bbox 1287 2423 1382 2455; x_wconf 88' lang='lat' dir='ltr'><strong>bene.</strong></span> 
     </span>
    </p>
   </div>
   <div class='ocr_carea' id='block_1_12' title="bbox 460 2504 1735 2515">
    <p class='ocr_par' dir='ltr' id='par_1_27' title="bbox 460 2504 1735 2515">
     <span class='ocr_line' id='line_1_48' title="bbox 460 2504 1735 2515; baseline 0 0"><span class='ocrx_word' id='word_1_245' title='bbox 460 2504 1735 2515; x_wconf 95' lang='lat' dir='ltr'><strong> </strong></span> 
     </span>
    </p>
   </div>
   <div class='ocr_carea' id='block_1_13' title="bbox 298 2566 1398 2602">
    <p class='ocr_par' dir='ltr' id='par_1_28' title="bbox 298 2566 1398 2602">
     <span class='ocr_line' id='line_1_49' title="bbox 298 2566 1398 2602; baseline 0 -9"><span class='ocrx_word' id='word_1_246' title='bbox 298 2566 330 2592; x_wconf 84' lang='grc'><strong>19</strong></span> <span class='ocrx_word' id='word_1_247' title='bbox 348 2576 439 2601; x_wconf 80' lang='lat' dir='ltr'><strong>segnes</strong></span> <span class='ocrx_word' id='word_1_248' title='bbox 458 2567 493 2593; x_wconf 79' lang='lat' dir='ltr'><strong>B.-</strong></span> <span class='ocrx_word' id='word_1_249' title='bbox 510 2569 579 2600; x_wconf 74' lang='lat' dir='ltr'><strong>quod</strong></span> <span class='ocrx_word' id='word_1_250' title='bbox 596 2570 723 2602; x_wconf 44' lang='lat' dir='ltr'><strong>corr-&amp;ere</strong></span> <span class='ocrx_word' id='word_1_251' title='bbox 740 2579 793 2595; x_wconf 79' lang='lat' dir='ltr'><strong>non</strong></span> <span class='ocrx_word' id='word_1_252' title='bbox 812 2571 925 2595; x_wconf 72' lang='lat' dir='ltr'><strong>ausi&#39;mm</strong></span> <span class='ocrx_word' id='word_1_253' title='bbox 943 2571 992 2602; x_wconf 79' lang='lat' dir='ltr'><strong>cfr.</strong></span> <span class='ocrx_word' id='word_1_254' title='bbox 1011 2570 1110 2595; x_wconf 73' lang='lat' dir='ltr'><strong>Traube</strong></span> <span class='ocrx_word' id='word_1_255' title='bbox 1123 2569 1216 2594; x_wconf 78' lang='lat' dir='ltr'><strong>Karol.</strong></span> <span class='ocrx_word' id='word_1_256' title='bbox 1232 2568 1313 2593; x_wconf 75' lang='lat' dir='ltr'><strong>Diem.</strong></span> <span class='ocrx_word' id='word_1_257' title='bbox 1325 2577 1351 2600; x_wconf 84' lang='lat' dir='ltr'><strong>p.</strong></span> <span class='ocrx_word' id='word_1_258' title='bbox 1365 2567 1398 2593; x_wconf 85' lang='lat'><strong>90</strong></span> 
     </span>
    </p>
   </div>
   <div class='ocr_carea' id='block_1_14' title="bbox 194 2609 402 2636">
    <p class='ocr_par' dir='ltr' id='par_1_29' title="bbox 194 2609 402 2636">
     <span class='ocr_line' id='line_1_50' title="bbox 194 2609 402 2636; baseline 0.005 -1"><span class='ocrx_word' id='word_1_259' title='bbox 194 2609 228 2635; x_wconf 82' lang='grc'><strong>29</strong></span> <span class='ocrx_word' id='word_1_260' title='bbox 246 2609 359 2636; x_wconf 73' lang='lat' dir='ltr'><strong>*exultet</strong></span> <span class='ocrx_word' id='word_1_261' title='bbox 376 2610 402 2636; x_wconf 85' lang='lat' dir='ltr'><em>B</em></span> 
     </span>
    </p>
   </div>
   <div class='ocr_carea' id='block_1_15' title="bbox 297 2652 1457 2688">
    <p class='ocr_par' dir='ltr' id='par_1_30' title="bbox 297 2652 1457 2688">
     <span class='ocr_line' id='line_1_51' title="bbox 297 2652 1457 2688; baseline -0.002 -8"><span class='ocrx_word' id='word_1_262' title='bbox 297 2652 429 2687; x_wconf 55' lang='lat' dir='ltr'><strong>[CXLIX]</strong></span> <span class='ocrx_word' id='word_1_263' title='bbox 448 2654 464 2680; x_wconf 79' lang='grc'><strong>2</strong></span> <span class='ocrx_word' id='word_1_264' title='bbox 482 2655 597 2681; x_wconf 73' lang='lat' dir='ltr'><strong>resedere</strong></span> <span class='ocrx_word' id='word_1_265' title='bbox 615 2654 641 2680; x_wconf 90' lang='lat' dir='ltr'><em>B</em></span> <span class='ocrx_word' id='word_1_266' title='bbox 744 2655 761 2682; x_wconf 84' lang='lat'>5</span> <span class='ocrx_word' id='word_1_267' title='bbox 779 2656 820 2681; x_wconf 82' lang='lat' dir='ltr'><strong>hic</strong></span> <span class='ocrx_word' id='word_1_268' title='bbox 834 2659 925 2688; x_wconf 69' lang='lat' dir='ltr'><strong>postea</strong></span> <span class='ocrx_word' id='word_1_269' title='bbox 944 2655 1005 2681; x_wconf 77' lang='lat' dir='ltr'><strong>add.</strong></span> <span class='ocrx_word' id='word_1_270' title='bbox 1024 2655 1049 2680; x_wconf 92' lang='lat' dir='ltr'><em>B</em></span> <span class='ocrx_word' id='word_1_271' title='bbox 1153 2654 1186 2680; x_wconf 80' lang='lat'><strong>12</strong></span> <span class='ocrx_word' id='word_1_272' title='bbox 1203 2654 1327 2680; x_wconf 70' lang='lat' dir='ltr'><strong>litterulas</strong></span> <span class='ocrx_word' id='word_1_273' title='bbox 1346 2662 1413 2678; x_wconf 82' lang='lat' dir='ltr'><strong>corr.</strong></span> <span class='ocrx_word' id='word_1_274' title='bbox 1432 2653 1457 2678; x_wconf 85' lang='lat' dir='ltr'><em>B</em></span> 
     </span>
    </p>
   </div>
   <div class='ocr_carea' id='block_1_16' title="bbox 1793 207 1853 236">
    <p class='ocr_par' dir='ltr' id='par_1_31' title="bbox 1793 207 1853 236">
     <span class='ocr_line' id='line_1_52' title="bbox 1793 207 1853 236; baseline 0 0"><span class='ocrx_word' id='word_1_275' title='bbox 1793 207 1853 236; x_wconf 84' lang='lat'><strong>355</strong></span> 
     </span>
    </p>
   </div>
   <div class='ocr_carea' id='block_1_17' title="bbox 1467 2566 1840 2601">
    <p class='ocr_par' dir='ltr' id='par_1_32' title="bbox 1467 2566 1840 2601">
     <span class='ocr_line' id='line_1_53' title="bbox 1467 2566 1840 2601; baseline 0 -9"><span class='ocrx_word' id='word_1_276' title='bbox 1467 2567 1502 2593; x_wconf 77' lang='lat'><strong>23</strong></span> <span class='ocrx_word' id='word_1_277' title='bbox 1513 2567 1598 2601; x_wconf 71' lang='lat' dir='ltr'><strong>*quod</strong></span> <span class='ocrx_word' id='word_1_278' title='bbox 1611 2567 1635 2592; x_wconf 86' lang='lat' dir='ltr'><em>B</em></span> <span class='ocrx_word' id='word_1_279' title='bbox 1670 2566 1802 2593; x_wconf 75' lang='lat' dir='ltr'><strong>*inuenies</strong></span> <span class='ocrx_word' id='word_1_280' title='bbox 1816 2566 1840 2592; x_wconf 88' lang='lat' dir='ltr'><em>B</em></span> 
     </span>
    </p>
   </div>
   <div class='ocr_carea' id='block_1_18' title="bbox 296 2737 1838 2772">
    <p class='ocr_par' dir='ltr' id='par_1_33' title="bbox 296 2737 1838 2772">
     <span class='ocr_line' id='line_1_54' title="bbox 296 2737 1838 2772; baseline 0.001 -8"><span class='ocrx_word' id='word_1_281' title='bbox 296 2738 313 2763; x_wconf 84' lang='grc'><strong>9</strong></span> <span class='ocrx_word' id='word_1_282' title='bbox 333 2738 381 2770; x_wconf 76' lang='lat' dir='ltr'><strong>cfr.</strong></span> <span class='ocrx_word' id='word_1_283' title='bbox 402 2737 575 2771; x_wconf 87' lang='lat' dir='ltr'><strong>CXXXIX,</strong></span> <span class='ocrx_word' id='word_1_284' title='bbox 589 2740 606 2765; x_wconf 84' lang='lat'><strong>5</strong></span> <span class='ocrx_word' id='word_1_285' title='bbox 728 2740 758 2766; x_wconf 84' lang='lat'><strong>11</strong></span> <span class='ocrx_word' id='word_1_286' title='bbox 782 2739 831 2772; x_wconf 78' lang='lat' dir='ltr'><strong>cfr.</strong></span> <span class='ocrx_word' id='word_1_287' title='bbox 856 2739 928 2772; x_wconf 80' lang='lat' dir='ltr'><strong>CIV,</strong></span> <span class='ocrx_word' id='word_1_288' title='bbox 942 2740 966 2767; x_wconf 85' lang='lat'><strong>3.</strong></span> <span class='ocrx_word' id='word_1_289' title='bbox 1090 2740 1122 2766; x_wconf 83' lang='lat'><strong>12</strong></span> <span class='ocrx_word' id='word_1_290' title='bbox 1144 2740 1191 2771; x_wconf 73' lang='lat' dir='ltr'><strong>cfr.</strong></span> <span class='ocrx_word' id='word_1_291' title='bbox 1215 2739 1272 2765; x_wconf 76' lang='lat' dir='ltr'><strong>Ecl.</strong></span> <span class='ocrx_word' id='word_1_292' title='bbox 1292 2738 1337 2771; x_wconf 91' lang='lat' dir='ltr'><strong>VI,</strong></span> <span class='ocrx_word' id='word_1_293' title='bbox 1352 2739 1390 2765; x_wconf 81' lang='lat'><strong>15.</strong></span> <span class='ocrx_word' id='word_1_294' title='bbox 1515 2739 1546 2765; x_wconf 84' lang='lat'><strong>13</strong></span> <span class='ocrx_word' id='word_1_295' title='bbox 1569 2739 1619 2771; x_wconf 77' lang='lat' dir='ltr'><strong>cfr.</strong></span> <span class='ocrx_word' id='word_1_296' title='bbox 1638 2738 1705 2765; x_wconf 79' lang='lat' dir='ltr'><strong>Aen.</strong></span> <span class='ocrx_word' id='word_1_297' title='bbox 1724 2737 1765 2771; x_wconf 93' lang='lat' dir='ltr'><strong>II,</strong></span> <span class='ocrx_word' id='word_1_298' title='bbox 1779 2739 1838 2765; x_wconf 76' lang='lat'>265.</span> 
     </span>
    </p>
   </div>
   <div class='ocr_carea' id='block_1_19' title="bbox 194 2789 527 2824">
    <p class='ocr_par' dir='ltr' id='par_1_34' title="bbox 194 2789 527 2824">
     <span class='ocr_line' id='line_1_55' title="bbox 194 2789 527 2824; baseline 0.009 -9"><span class='ocrx_word' id='word_1_299' title='bbox 194 2789 228 2816; x_wconf 77' lang='lat'><strong>16</strong></span> <span class='ocrx_word' id='word_1_300' title='bbox 243 2789 294 2822; x_wconf 77' lang='lat' dir='ltr'><strong>cfr.</strong></span> <span class='ocrx_word' id='word_1_301' title='bbox 313 2789 491 2824; x_wconf 84' lang='lat' dir='ltr'><strong>CXXXIX,</strong></span> <span class='ocrx_word' id='word_1_302' title='bbox 502 2792 527 2818; x_wconf 72' lang='lat'><strong>4.</strong></span> 
     </span>
    </p>
   </div>
   <div class='ocr_carea' id='block_1_20' title="bbox 636 2789 1738 2824">
    <p class='ocr_par' dir='ltr' id='par_1_35' title="bbox 636 2789 1738 2824">
     <span class='ocr_line' id='line_1_56' title="bbox 636 2789 1738 2824; baseline -0.002 -6"><span class='ocrx_word' id='word_1_303' title='bbox 636 2792 668 2818; x_wconf 80' lang='lat'><strong>18</strong></span> <span class='ocrx_word' id='word_1_304' title='bbox 686 2792 733 2824; x_wconf 77' lang='lat' dir='ltr'><strong>cfr.</strong></span> <span class='ocrx_word' id='word_1_305' title='bbox 754 2791 827 2824; x_wconf 85' lang='lat' dir='ltr'><strong>CVI,</strong></span> <span class='ocrx_word' id='word_1_306' title='bbox 838 2792 863 2818; x_wconf 74' lang='lat'><strong>2.</strong></span> <span class='ocrx_word' id='word_1_307' title='bbox 967 2792 1001 2818; x_wconf 80' lang='lat'><strong>25</strong></span> <span class='ocrx_word' id='word_1_308' title='bbox 1017 2792 1067 2824; x_wconf 73' lang='lat' dir='ltr'><strong>cfr.</strong></span> <span class='ocrx_word' id='word_1_309' title='bbox 1088 2790 1203 2817; x_wconf 80' lang='lat' dir='ltr'><strong>CXXX</strong></span> <span class='ocrx_word' id='word_1_310' title='bbox 1210 2790 1272 2824; x_wconf 85' lang='lat' dir='ltr'><strong>VII,</strong></span> <span class='ocrx_word' id='word_1_311' title='bbox 1285 2791 1327 2817; x_wconf 86' lang='lat'><strong>30.</strong></span> <span class='ocrx_word' id='word_1_312' title='bbox 1430 2790 1464 2816; x_wconf 80' lang='lat'><strong>29</strong></span> <span class='ocrx_word' id='word_1_313' title='bbox 1481 2790 1530 2822; x_wconf 81' lang='lat' dir='ltr'><strong>cfr.</strong></span> <span class='ocrx_word' id='word_1_314' title='bbox 1549 2789 1686 2823; x_wconf 85' lang='lat' dir='ltr'><strong>CXXIV,</strong></span> <span class='ocrx_word' id='word_1_315' title='bbox 1697 2791 1738 2817; x_wconf 79' lang='lat'><strong>25.</strong></span> 
     </span>
    </p>
   </div>
   <div class='ocr_carea' id='block_1_21' title="bbox 297 2841 1098 2884">
    <p class='ocr_par' dir='ltr' id='par_1_36' title="bbox 297 2841 1098 2884">
     <span class='ocr_line' id='line_1_57' title="bbox 297 2841 1098 2884; baseline 0.002 -16"><span class='ocrx_word' id='word_1_316' title='bbox 297 2841 436 2876; x_wconf 64' lang='lat' dir='ltr'><strong>[cmx]</strong></span> <span class='ocrx_word' id='word_1_317' title='bbox 453 2843 501 2875; x_wconf 81' lang='lat' dir='ltr'><strong>cfr.</strong></span> <span class='ocrx_word' id='word_1_318' title='bbox 519 2851 541 2869; x_wconf 82' lang='lat' dir='ltr'><strong>c.</strong></span> <span class='ocrx_word' id='word_1_319' title='bbox 560 2842 696 2884; x_wconf 74' lang='lat' dir='ltr'><strong>CXXIV.</strong></span> <span class='ocrx_word' id='word_1_320' title='bbox 801 2843 816 2870; x_wconf 80' lang='lat'>7</span> <span class='ocrx_word' id='word_1_321' title='bbox 833 2843 881 2875; x_wconf 80' lang='lat' dir='ltr'><strong>cfr.</strong></span> <span class='ocrx_word' id='word_1_322' title='bbox 902 2843 959 2870; x_wconf 78' lang='lat' dir='ltr'><strong>Ecl.</strong></span> <span class='ocrx_word' id='word_1_323' title='bbox 979 2842 1042 2876; x_wconf 80' lang='lat' dir='ltr'><strong>VII,</strong></span> <span class='ocrx_word' id='word_1_324' title='bbox 1055 2844 1098 2871; x_wconf 76' lang='lat'><strong>58.</strong></span> 
     </span>
    </p>
   </div>
   <div class='ocr_carea' id='block_1_22' title="bbox 1582 2889 1633 2916">
    <p class='ocr_par' dir='ltr' id='par_1_37' title="bbox 1582 2889 1633 2916">
     <span class='ocr_line' id='line_1_58' title="bbox 1582 2889 1633 2916; baseline 0.02 -1"><span class='ocrx_word' id='word_1_325' title='bbox 1582 2889 1633 2916; x_wconf 76' lang='lat'><strong>45*</strong></span> 
     </span>
    </p>
   </div>
  </div>
 </body>
</html>
