2092 3094
227 181 289 211 270
823 178 989 206 OARMINA
1009 178 1272 205 CENTULENSIA.

536 273 652 304 Omnia
675 273 732 305 sed
757 285 914 316 spernens
938 274 1075 305 nihilum
1094 273 1292 316 quandoque
1316 273 1424 305 futura

535 325 668 357 Gaudes
691 327 818 358 aeterni
843 330 977 368 gestans
1002 326 1142 368 insignia
1166 326 1268 367 regni.

498 390 508 406 r,
536 377 628 409 Haec
653 381 737 417 sunt,
763 377 902 413 Christe,
928 379 992 410 tuis
1016 388 1100 419 quae
1125 377 1226 409 donas
1250 378 1396 420 praemia
1420 378 1550 415 sanctis,

537 429 582 460 Ut
605 433 637 460 te
662 430 843 472 percipiant
866 430 920 472 qui
945 434 976 461 te
1002 440 1099 472 super
1123 430 1231 461 omnia
1254 432 1421 471 quaerunt.
1513 466 1526 481 a

329 486 358 514 δ’.
385 482 454 513 Iam
477 481 566 512 venio
588 481 631 513 ast
652 481 736 513 viros
758 482 898 513 illustres
918 482 1125 519 Centulenses,
1149 481 1214 513 nisi
1229 481 1284 521 qui
1295 480 1430 522 fuerunt
1445 475 1579 513 abbate-³.
1611 482 1714 521 Atque
1730 482 1875 523 Ansiyisz'

226 534 373 564 *memoria
396 534 431 564 in
454 533 572 565 (luobus
594 533 787 564 carminibus
810 534 952 565 occurrit.
998 533 1039 564 In
1065 533 1115 564 (Ἰ
1132 533 1264 574 legitur:

538 585 728 616 Munificum
752 589 903 627 patrem
927 585 1062 616 nimium
1086 585 1226 627 deposco
1251 585 1360 617 valere

535 637 766 679 Ansigisum
789 637 927 668 Kal-oli
952 637 1197 669 residentem
1221 637 1328 679 regis
1354 637 1393 668 in
1416 637 1527 672 aula,

536 689 626 731 Lege
651 693 820 731 poetarum
844 689 1028 721 redimitum
1053 690 1121 720 iure
1145 689 1300 732 magistri,

537 742 674 772 Iustitiis
698 745 829 784 pastum
853 741 970 773 divinis
994 752 1033 773 ac
1058 741 1137 773 satis
1162 742 1239 774 alte.

491 806 502 823 ε»
537 793 630 824 Post
653 797 827 825 vestrum
851 804 986 824 munus
1012 797 1120 825 vestra
1145 794 1280 825 caritate
1305 792 1468 835 profunda

537 845 579 876 In
603 846 784 877 manibus
811 849 1005 888 sumptum
1029 846 1099 877 sine
1123 845 1301 888 praeterito
1325 845 1504 876 famulatu:

536 897 643 938 Ipsius
667 898 780 939 coepi
805 897 938 939 specie
962 898 1128 929 referire
1154 897 1316 935 labella,

537 949 645 980 Aures
669 949 787 980 cotidie
812 949 934 980 Christi
958 949 1089 991 pulsare
1113 949 1240 988 beatas,

538 1001 699 1037 Quatinus
723 1002 903 1033 incolumes
930 1001 1064 1033 valeatis
1089 1004 1176 1033 stare
1201 1001 1357 1033 decenter

477 1066 501 1084 ιο
536 1053 697 1095 Tempore
722 1056 888 1095 protracto
912 1054 1035 1095 pariter
1058 1064 1129 1084 cum
1156 1064 1235 1095 pace
1261 1063 1378 1084 serena

536 1105 589 1136 Ad
613 1105 713 1137 decus
738 1105 877 1144 illorum,
901 1116 1036 1147 quorum
1061 1116 1136 1147 spes
1161 1106 1241 1137 estis
1264 1105 1396 1136 inormis

537 1157 574 1188 In
598 1157 660 1189 hae
684 1157 812 1188 mortali
835 1157 990 1199 fugitivos
1013 1161 1148 1200 propter
1171 1157 1312 1189 honores

540 1209 626 1249 Vita,
651 1209 805 1241 mortales
830 1209 954 1240 inhiant
977 1220 1058 1251 quos
1084 1220 1214 1252 semper
1237 1209 1368 1241 habere.

536 1260 666 1303 Expeto
690 1272 775 1292 nunc
800 1271 960 1293 memores
986 1261 1085 1293 vestri
1108 1261 1262 1293 memoris
1286 1271 1418 1303 quoque
1441 1261 1510 1292 sitis

478 1326 500 1344 ιε,
534 1313 604 1345 Nec
628 1313 734 1345 minus
759 1311 932 1353 illorun'r„
957 1313 1094 1355 quibus
1119 1314 1189 1344 alti
1212 1314 1251 1344 in
1275 1313 1376 1345 flore
1400 1313 1538 1344 fuistis
1560 1314 1613 1344 etc.

230 1365 269 1395 ln
293 1365 431 1396 cm‘mtnc
457 1364 574 1397 CXII:

537 1417 674 1456 Fistula,
699 1428 853 1449 conemur
876 1428 992 1460 parvos
1017 1418 1204 1460 confingere
1228 1428 1352 1457 versus,

538 1469 662 1505 Donec,
686 1480 797 1512 parva,
821 1470 908 1509 licet,
934 1470 1100 1501 valeamus
1125 1480 1286 1512 promere,
1310 1469 1413 1507 nobis,

537 1521 627 1557 Quos
651 1521 766 1553 humili
790 1522 1007 1564 archipatri
1031 1522 1130 1553 variis
1155 1521 1327 1553 virtutibus
1351 1521 1417 1553 alte

538 1572 678 1605 Callenti
702 1584 761 1605 nos
787 1574 945 1605 ruricolae
969 1574 1158 1616 residesque
1182 1577 1363 1612 manentes,

230 1625 262 1655 tn
286 1624 446 1664 codemque
468 1623 625 1666 inferius:

1282 1678 1390 1720 patri

538 1729 729 1770 Ansigiso
753 1729 907 1760 domino
932 1729 1146 1771 praeclaro
1170 1730 1451 1772 pontificique.

231 1779 274 1810 In
290 1780 388 1811 altero
404 1780 542 1812 carmine
558 1781 635 1822 (CI)
658 1780 811 1812 hominem
828 1780 954 1813 Contuli
969 1780 1131 1812 educatum
1146 1782 1352 1821 conspici-mus
1363 1781 1503 1813 abbatem
1519 1781 1682 1813 cuiusdam
1697 1779 1880 1812 monasterii

227 1831 346 1873 factum
368 1833 459 1871 atquc
483 1832 518 1863 in
541 1832 658 1864 Kar-oli
686 1831 776 1864 Calvi
802 1833 880 1864 aula
910 1832 1080 1873 deflentem,
1110 1833 1241 1865 cundem
1265 1828 1422 1865 in'altero
1446 1833 1509 1864 iam
1532 1833 1575 1864 ad
1596 1831 1880 1872 archiepiscopatus

228 1882 412 1923 dtynitatcm
431 1885 615 1923 provectum.
661 1883 832 1924 Utrumque
848 1885 965 1925 cyrcyte
989 1884 1126 1924 quadrat
1147 1885 1183 1916 in
1198 1885 1386 1926 Ansiyisum
1409 1885 1508 1922 illum,
1532 1894 1620 1924 quem
1643 1884 1758 1916 scimus
1775 1883 1879 1926 fuisse

222 1935 364 1974 primum
387 1935 571 1967 monachum
595 1936 839 1974 Centulcnscm²‚
862 1936 973 1968 deindo
995 1936 1135 1968 abbatem
1151 1937 1184 1969 S.
1203 1937 1373 1969 Michaelis
1395 1937 1431 1968 in
1446 1937 1572 1968 ccclesia
1586 1934 1880 1968 Bellovaoensium²

233 1986 404 2027 [carolique
424 1987 514 2019 Calvi
536 1988 575 2019 ab
598 1998 684 2019 anno
703 1987 773 2030 fere
795 1990 860 2019 867
882 1989 1012 2019 missum
1021 1988 1042 2027 ³,
1064 1990 1217 2028 postremo
1239 1988 1278 2020 ab
1301 1998 1387 2020 anno
1409 1990 1473 2020 874
1495 1987 1760 2027 archiepiscopum
1783 1987 1879 2019 Seno-

228 2039 383 2070 nensem4.
426 2039 543 2079 Quodsi
566 2041 731 2071 mt'nimum
754 2040 929 2080 respicitur,
953 2050 1079 2072 carmen
1097 2040 1147 2072 CI
1163 2040 1362 2082 referendum
1385 2042 1429 2072 est
1451 2040 1494 2071 ad
1514 2049 1636 2072 annum
1657 2040 1731 2077 367,
1754 2048 1878 2071 carmen

233 2090 335 2122 CXII
357 2090 400 2123 ad
421 2092 494 2123 871.

333 2143 361 2174 9.
396 2142 550 2175 Radberti
572 2143 739 2175 Paschasiz'
769 2143 924 2183 duplicem
952 2144 1137 2175 mentionem
1166 2143 1280 2186 sylloyc
1309 2143 1452 2176 continet.
1499 2143 1583 2175 Nam
1599 2145 1729 2183 praeter
1752 2142 1878 2174 titulum

227 2195 266 2234 (c.
291 2195 388 2233 XCI)
411 2206 431 2226 a
455 2194 624 2227 ‘Ratberto'
644 2194 768 2237 factum
797 2198 913 2235 spectat
943 2195 986 2228 ad
1007 2196 1098 2228 illum
1122 2196 1274 2228 carminis
1296 2195 1470 2227 LXXXV
1496 2204 1603 2227 versus
1626 2195 1676 2232 18,
1705 2204 1766 2234 quo
1787 2203 1879 2226 versu

229 2246 395 2278 monachus
417 2247 545 2287 quidam
569 2247 767 2279 Centulensis
791 2267 831 2271 —
855 2250 932 2280 certe
955 2258 1019 2280 non
1042 2247 1246 2280 Reinhardus
1269 2248 1305 2286 is,
1329 2248 1418 2279 cuius
1440 2247 1675 2287 subtunquntur
1697 2246 1814 2278 salutes
1837 2265 1878 2270 —

230 2298 446 2330 Hildebertum
468 2298 601 2338 fortasse
628 2299 843 2332 Corbeiensem
865 2300 1049 2332 monachum
1071 2299 1230 2332 admonet:

1084 2351 1217 2384 studeas
1241 2351 1371 2394 placare
1395 2354 1568 2394 patronum

641 2403 713 2440 Quo
738 2404 817 2436 mihi
839 2404 1030 2436 mellifluum
1054 2404 1186 2436 nomine
1209 2403 1413 2436 pascasium.

334 2523 359 2555 1)
380 2522 457 2556 Quod
475 2531 508 2549 cco
527 2523 617 2556 Odulfi
643 2524 727 2550 libello
750 2524 860 2558 scimus,
883 2532 960 2557 quem
982 2524 1129 2557 Hariulfus
1147 2525 1320 2558 aliquantum
1345 2526 1376 2550 ut
1402 2523 1497 2557 opinor
1515 2531 1687 2557 corrumpens
1705 2524 1829 2558 compilat
1847 2524 1878 2550 in

232 2573 283 2599 III
299 2579 342 2600 14:
369 2574 461 2607 (Anno
486 2576 548 2607 867)
573 2576 690 2603 Nicolao
715 2585 790 2611 papa
817 2577 960 2603 Romanae
987 2576 1120 2604 ecclesiae
1148 2576 1324 2611 praesidente
1350 2575 1463 2610 quidam
1488 2575 1555 2602 almi
1578 2575 1703 2602 Richarii
1726 2575 1878 2602 monachus

230 2625 311 2652 homo
331 2626 450 2660 prudens
469 2627 580 2654 nomine
600 2627 749 2662 Ansegisus
769 2628 885 2662 imperio
905 2628 1000 2655 Karoli
1018 2628 1210 2663 gloriosissimi
1233 2628 1306 2662 regis
1330 2627 1501 2654 missaticum
1526 2627 1593 2654 tulit
1611 2627 1666 2662 ipsi
1685 2637 1791 2655 summo
1810 2636 1878 2662 pon-

230 2677 298 2704 tifici
309 2698 315 2704 .
327 2698 349 2704 ..
371 2678 423 2710 Qui
442 2678 590 2713 Ansegisus
605 2701 609 2706 .
625 2701 630 2706 .
649 2689 666 2706 a.
685 2680 805 2714 quodam
824 2680 988 2715 impetravit
1007 2680 1132 2707 Romano
1153 2701 1177 2707 ..
1193 2701 1198 2706 .
1217 2679 1349 2714 reliquias
1368 2681 1527 2706 sanctorum
1545 2701 1550 2706 .
1565 2701 1570 2706 .
1585 2701 1590 2707 .
1604 2679 1661 2706 Has
1679 2679 1767 2714 igitur
1785 2688 1877 2706 secum

231 2729 350 2756 referens
364 2729 477 2756 divitias
491 2732 652 2758 monasterii
666 2732 771 2766 proprii
787 2732 886 2760 intulit
898 2732 1116 2767 gazophylaciis.
1148 2732 1270 2759 Examen
1285 2753 1290 2759 .
1305 2753 1311 2759 .
1330 2732 1528 2759 monachorum
1548 2753 1553 2759 .
1569 2753 1574 2758 .
1589 2753 1594 2758 .
1614 2731 1675 2758 Kal.
1690 2731 1753 2759 Dec.
1768 2731 1878 2758 easdem

231 2781 349 2815 excepit.
471 2782 497 2815 2)
517 2782 573 2815 Cfr.
596 2783 668 2810 Mal».
687 2784 781 2810 cmnul.
801 2785 904 2811 Renccl.
925 2785 975 2810 III
985 2793 1052 2818 pay.
1071 2788 1119 2811 188
1137 2786 1160 2811 et
1174 2784 1284 2818 passim,
1303 2784 1458 2810 Duemmler
1476 2784 1492 2809 l.
1511 2792 1532 2810 c.
1553 2783 1589 2810 ΙΙ
1594 2787 1649 2810 310.
1772 2784 1799 2811 3>
1821 2783 1877 2816 θίν’.

233 2833 322 2865 odulfi
343 2833 429 2859 locum
446 2841 528 2866 supra
549 2835 668 2869 citatum,
690 2836 843 2862 Duemmler
862 2837 878 2863 l.
897 2845 919 2863 e.
937 2836 1001 2864 ibid.
1021 2839 1046 2863 et
1063 2840 1122 2864 288.
1208 2837 1237 2870 4)
1256 2835 1381 2862 Schroers
1401 2835 1535 2862 Hincmar
1550 2843 1578 2869 p.
1598 2838 1654 2862 358.

2081 2609 2092 2695 ,ιι-ι..
2086 2594 2092 2599 .
2087 2578 2092 2584 .
