2060 3074
242 223 303 252 556
806 219 985 246 IOHANNIS
1005 218 1134 246 SCOTTI
1153 219 1330 247 CARMINA.

551 318 563 336 5
608 306 646 337 In
671 308 703 337 te
727 305 883 337 nobilium
906 308 1067 337 rectorum
1090 316 1185 338 nemo
1209 306 1363 337 remansit

650 356 851 398 Ingenuique
876 357 922 388 tui
945 367 1019 388 rura
1041 356 1184 399 Pelasga
1207 357 1325 389 colunt.

607 408 732 450 Vulgus
756 408 797 439 ab
821 408 976 439 extremis
1000 408 1189 440 distractum
1212 408 1359 451 partibus
1382 409 1479 449 orbis,

649 459 824 491 Servorum
847 460 931 491 servi
954 470 1038 491 nunc
1061 460 1120 492 tibi
1144 463 1217 491 sunt
1241 459 1371 491 domini.

607 511 903 553 Constantinopolis
925 511 1043 542 florens
1066 522 1151 543 nova
1173 511 1280 543 Roma
1302 514 1448 543 vocatur:

536 575 560 594 ιο
646 562 790 594 Moribus
814 566 846 594 et
869 563 984 603 muris,
1001 563 1107 595 Roma
1129 566 1267 605 vetusta,
1291 562 1389 595 cadis.

608 614 680 646 Hoc
703 617 837 646 cantans
860 615 965 656 prisco
989 615 1153 658 praedixit
1175 615 1317 647 carmine
1341 618 1448 647 vates:

652 666 768 698 ‘Roma
791 666 850 698 tibi
873 667 979 698 subito
1002 667 1144 698 motibus
1167 667 1227 698 ibit
1250 665 1361 700 amor’.

607 717 680 749 Non
703 718 730 749 si
752 721 784 749 te
807 718 897 750 Petri
921 718 1072 750 meritum
1095 719 1254 761 Paulique
1278 718 1415 759 foveret,

654 769 817 812 Tempore
840 770 904 801 iam
928 770 1038 812 longo,
1062 770 1178 811 Roma,
1201 770 1329 802 misella
1351 770 1446 802 fores.

537 833 560 852 15
606 820 801 851 Manziribus
826 820 974 852 subiecta
996 821 1105 852 iacens
1128 821 1299 853 maoularis
1321 821 1447 864 iniquis,

651 872 769 903 Inclita
794 882 878 914 quae
902 872 1009 904 fueras
1031 873 1200 904 nobilitate
1223 873 1338 905 nitens.

607 923 748 955 Transiit
770 924 941 966 imperium
964 924 1145 967 mansitque
1169 924 1322 967 superbia
1344 928 1463 966 tecum,

653 975 767 1008 Cultus
791 976 946 1008 avaritiae
970 979 1010 1008 te*
1026 977 1159 1008 nimium
1182 980 1323 1019 superat.

606 1029 722 1061 Nonne
747 1028 808 1061 deo
832 1029 1024 1072 perhibente
1048 1032 1156 1072 patet:
1181 1031 1250 1073 ‘pro
1275 1030 1407 1062 crimine
1433 1039 1550 1072 magno

535 1093 560 1113 20
648 1081 768 1113 Servus
791 1082 946 1113 avaritiae
970 1081 1058 1113 idola
1082 1079 1313 1114 corde'oolit’?

608 1132 777 1164 Truncasti
798 1133 889 1164 vivos
913 1133 1035 1165 crudeli
1058 1133 1191 1165 vulnere
1215 1136 1358 1169 sanotos2

651 1184 805 1217 Vendere
828 1196 912 1217 nune
935 1185 1051 1217 horum
1074 1188 1202 1217 mortua
1224 1185 1372 1217 membra
1395 1185 1490 1218 soles.

610 1236 676 1268 Sed
700 1236 777 1268 dum
801 1240 889 1269 terra
912 1247 1014 1269 vorax
1037 1238 1237 1269 animantum
1260 1237 1376 1269 roserit
1399 1247 1482 1277 ossa,

653 1289 703 1320 Tu
726 1289 848 1331 poteris
871 1289 970 1321 falsas
995 1289 1137 1321 vendere
1161 1289 1324 1332 reliquias.

343 1418 360 1443 5
378 1422 505 1443 rectorum
518 1417 574 1451 Μς]
593 1419 726 1444 doctorum
739 1417 767 1444 B
836 1418 853 1444 6
871 1419 1033 1452 Ingenuique
1050 1419 1090 1444 tui
1107 1417 1165 1451 Μς]
1183 1419 1373 1452 Ingeniumque
1390 1422 1464 1444 tuum
1478 1418 1503 1444 B
1554 1419 1658 1452 pelasea
1685 1418 1710 1443 Β
1797 1417 1814 1443 9
1832 1419 1898 1444 Con-

241 1462 407 1494 stantinopoli
426 1462 459 1486 M
462 1471 470 1486 .·
488 1463 555 1494 fo‘rt.
574 1466 640 1487 recte
727 1461 760 1488 10
787 1462 903 1488 Moribus
922 1461 971 1494 B;]
1000 1462 1107 1493 Mstibus
1125 1461 1223 1495 (finitae
1245 1463 1359 1488 Motibus
1376 1462 1398 1494 2³)
1417 1461 1451 1486 Μ
1542 1461 1574 1487 11
1597 1465 1706 1487 cantans
1724 1460 1770 1495 Μ]
1794 1464 1856 1487 ante
1873 1460 1899 1486 B

245 1504 277 1530 12
295 1514 343 1530 om.
355 1505 381 1529 Β
451 1504 484 1530 13
502 1506 560 1531 Non
577 1506 599 1530 si
612 1503 657 1538 M]
678 1506 733 1531 Iam
751 1506 778 1531 ni
790 1514 806 1534 ς
824 1507 888 1531 Nam
907 1506 957 1531 nisi
969 1505 994 1530 B
1012 1509 1036 1531 et
1053 1510 1143 1531 auctor
1160 1506 1298 1531 invectivae
1315 1506 1343 1531 in
1355 1505 1466 1531 Romam
1484 1505 1535 1538 (ed.
1547 1505 1698 1530 Duemmler
1716 1505 1784 1530 Gai.
1798 1504 1898 1530 Beren-

241 1549 312 1581 yarii
324 1557 387 1581 paq.
404 1547 465 1580 138)
489 1550 599 1582 afferens
617 1557 704 1574 versae
723 1548 755 1574 13
773 1557 823 1582 seq.
841 1549 892 1574 sic.-
915 1550 992 1581 Nam,
1014 1552 1044 1574 ut
1062 1549 1166 1581 quidam
1189 1549 1293 1582 sapiens
1315 1549 1392 1574 dixit:
1414 1549 1479 1574 Nam
1503 1548 1552 1574 nisi
1570 1551 1596 1574 te
1613 1549 1643 1574 Ρ.
1661 1556 1694 1573 m.
1712 1549 1741 1573 P.
1759 1549 1778 1574 f.
1794 1549 1826 1574 T.
1844 1548 1861 1574 i.
1879 1547 1896 1573 l.

243 1593 272 1617 R.
292 1601 325 1617 m.
344 1593 362 1617 f.
452 1590 484 1616 15
502 1591 581 1617 erasit
598 1591 623 1616 Β
711 1591 743 1617 16
765 1600 814 1618 om.
833 1592 858 1617 B
946 1590 978 1616 18
1003 1595 1030 1623 te
1048 1591 1082 1615 M
1166 1590 1199 1616 19
1221 1595 1290 1624 patet
1307 1590 1342 1624 B]
1365 1592 1431 1625 perit
1449 1591 1483 1616 M
1566 1590 1601 1616 23
1618 1591 1651 1617 Se
1668 1599 1734 1616 cor-r.
1755 1590 1784 1615 M
1842 1594 1899 1616 tera

243 1643 309 1660 corr.
322 1634 348 1659 B
366 1648 398 1652 -
416 1634 540 1667 mbiunyo
553 1635 696 1667 eaeemplum
714 1635 826 1660 eiusdem
844 1634 967 1660 coermim's
979 1643 996 1658 a
1008 1633 1140 1659 monachi-³
1158 1633 1389 1666 Rafiaponemibua
1400 1634 1584 1666 inter-polanam
1602 1633 1646 1667 (qs.
1659 1642 1742 1666 cupra
1757 1641 1821 1666 paq.
1833 1631 1898 1665 554)

693 1686 732 1719 (1)
750 1687 887 1712 Nobilibus
905 1686 1035 1718 quondam
1054 1686 1140 1711 fueras
1158 1689 1305 1711 constructa
1323 1686 1448 1719 patronis,
1808 1682 1814 1688 ”

692 1729 732 1762 (2)
786 1729 895 1755 Subdita
913 1736 984 1754 nunc
1002 1729 1083 1754 servis
1104 1729 1156 1754 heu
1173 1728 1249 1761 male,
1267 1729 1356 1761 Roma,
1374 1729 1436 1754 ruis.

693 1771 732 1804 (3)
750 1773 894 1798 Deseruere
911 1772 951 1797 tui
968 1775 1042 1797 tanto
1059 1775 1085 1797 te
1103 1775 1217 1804 tempore
1234 1780 1316 1805 reges,

693 1814 732 1847 (4)
784 1815 868 1841 Cessit
885 1819 911 1841 et
928 1815 960 1840 ad
978 1816 1075 1841 Grecos
1092 1823 1186 1840 nomen
1204 1815 1338 1848 bonosque
1355 1818 1426 1841 tuus.

627 1865 639 1883 5
693 1858 730 1890 (9)
750 1859 983 1892 Constantinopolis
1001 1859 1096 1884 florens
1115 1866 1185 1884 nova
1203 1855 1284 1884 Roma
1301 1862 1422 1891 vocatum

677 1901 732 1933 (10)
786 1903 903 1927 Moribus
921 1906 947 1928 et
963 1902 1052 1933 muris,
1071 1902 1155 1927 Roma
1172 1905 1284 1934 vetusta,
1304 1902 1382 1928 cadis.

675 1943 731 1977 (17)
749 1945 863 1970 Transiit
881 1946 1016 1978 imperium
1034 1945 1182 1977 mansitque
1200 1945 1323 1978 superbia
1340 1949 1434 1977 tecum,

678 1987 734 2020 (18)
788 1989 882 2022 Cultus
899 1989 1027 2014 avariciae
1044 1992 1070 2014 te
1088 1989 1197 2014 nimium
1215 1992 1327 2022 superat.

693 2030 731 2062 (7)
751 2032 852 2065 Vulgus
870 2032 905 2058 ab
922 2032 1044 2058 extremis
1061 2032 1212 2057 distractum
1231 2032 1348 2065 partibus
1366 2031 1445 2063 orbis,

617 2081 641 2099 10
695 2074 733 2106 (8)
787 2075 925 2100 Servorum
943 2075 1011 2101 servi
1030 2083 1101 2100 nune
1118 2075 1165 2100 tibi
1185 2078 1248 2100 sunt
1265 2075 1370 2100 domini.

693 2117 731 2150 (5)
751 2119 781 2143 In
799 2122 825 2144 te
843 2118 970 2143 nobilium
987 2121 1115 2143 rectorum
1133 2126 1209 2143 nemo
1227 2118 1350 2143 remansit

697 2160 734 2192 (6)
789 2162 952 2194 Ingenuique
970 2161 1009 2186 tui
1027 2169 1090 2187 rura.
1107 2161 1217 2194 Pelasga
1234 2161 1331 2186 colunt.

678 2203 734 2235 (21)
753 2205 890 2230 'Pruncasti
909 2205 983 2229 vivos
1001 2204 1100 2230 crudeli
1118 2204 1226 2229 vulnere
1243 2207 1360 2235 sanctos3

675 2245 731 2278 (22)
785 2247 902 2273 Vendere
920 2255 991 2272 nuno
1008 2247 1100 2272 borum
1118 2250 1219 2272 mortua
1236 2247 1352 2272 membra
1368 2247 1446 2272 soles.

618 2296 641 2315 15
678 2289 734 2322 (13)
752 2292 807 2316 Iam
826 2291 853 2315 ni
871 2294 897 2316 te
915 2290 1033 2316 meritum
1051 2291 1121 2316 Petri
1139 2290 1268 2322 Paulique
1287 2291 1392 2321 foveret,

679 2332 733 2365 (14)
786 2334 911 2366 Tempore
928 2333 980 2359 iam
998 2333 1091 2366 longo,
1103 2334 1192 2365 Roma,
1211 2333 1312 2359 misella
1329 2334 1410 2359 sores:

249 2384 344 2408 Versus
366 2384 398 2408 de
421 2392 527 2408 romana
552 2384 655 2409 civitate
684 2384 803 2410 Udalrici
831 2385 876 2419 (cs.
898 2394 981 2418 supra
1002 2394 1066 2418 paq.
1089 2384 1141 2411 554
1169 2394 1196 2411 π.
1215 2385 1242 2417 1)
1269 2385 1324 2411 cod.
1348 2385 1494 2410 Zwetlensie
1574 2383 1591 2409 3
1618 2388 1643 2410 te
1666 2388 1738 2410 tanto
1764 2384 1903 2410 Udalrimu

248 2425 264 2451 4
294 2427 425 2458 honorque
452 2430 525 2452 tuum
550 2426 659 2452 Flaciue
750 2427 767 2453 5
794 2429 894 2454 vocaris
913 2428 1022 2454 Flacius
1115 2427 1130 2453 7
1157 2429 1251 2454 transit
1277 2428 1386 2453 Hacius
1489 2427 1521 2453 13
1551 2427 1649 2453 crudeli
1676 2428 1766 2453 sunere
1792 2426 1903 2452 Flauiae

251 2469 282 2494 15
301 2470 366 2494 Nam
385 2469 434 2494 nisi
452 2469 563 2495 Flavius
581 2475 604 2495 et
623 2470 768 2503 Hemayius
797 2463 799 2465 Ι

352 2538 368 2562 6
396 2545 460 2563 rura
487 2537 605 2572 Pelasga
631 2538 649 2564 i.
675 2538 791 2565 ducatus
819 2539 1025 2573 Neapolitanus.
1125 2540 1156 2566 12
1183 2538 1275 2565 Sidon.
1300 2538 1460 2572 Apossimr.
1489 2546 1528 2572 ep.
1551 2538 1600 2564 IX
1613 2538 1646 2565 14
1666 2538 1844 2572 pay-1623:
1871 2538 1903 2564 hi

250 2588 379 2614 nimirum
399 2590 465 2615 sunt
484 2591 655 2616 recurrentes
673 2591 795 2625 (versus),
821 2591 870 2625 qui
893 2593 982 2618 metro
1007 2592 1101 2618 stante
1124 2599 1216 2624 neque
1240 2590 1343 2616 litteris
1369 2590 1429 2617 loco
1455 2590 1540 2616 motis
1558 2590 1591 2616 ut
1609 2589 1645 2616 ab
1663 2589 1776 2616 exordio
1793 2589 1830 2616 ad
1849 2590 1903 2616 ter-

251 2639 369 2671 minum,
393 2640 432 2666 sie
456 2649 473 2666 a.
492 2641 545 2667 fine
564 2641 728 2676 releguntur
745 2643 782 2669 ad
805 2652 955 2670 summum.
991 2643 1030 2669 sio
1054 2644 1096 2670 est
1121 2642 1192 2669 illud
1218 2641 1382 2675 antiquum:
1407 2643 1505 2669 ‘Roma
1527 2641 1580 2668 tibi
1599 2641 1692 2668 subito
1710 2641 1833 2669 motibus
1850 2642 1905 2669 ibit

250 2692 343 2718 amor'.
432 2693 464 2718 19
483 2693 577 2726 Eplaes.
596 2695 621 2725 5,
634 2694 662 2727 ὃς
684 2694 736 2721 Οοῖ.
749 2695 774 2727 3,
786 2695 811 2722 5.
