<?xml version="1.0" encoding="UTF-8"?>
<!DOCTYPE html PUBLIC "-//W3C//DTD XHTML 1.0 Transitional//EN"
    "http://www.w3.org/TR/xhtml1/DTD/xhtml1-transitional.dtd">
<html xmlns="http://www.w3.org/1999/xhtml" xml:lang="en" lang="en">
 <head>
  <title>
</title>
<meta http-equiv="Content-Type" content="text/html;charset=utf-8" />
  <meta name='ocr-system' content='tesseract 3.04.00' />
  <meta name='ocr-capabilities' content='ocr_page ocr_carea ocr_par ocr_line ocrx_word'/>
</head>
<body>
  <div class='ocr_page' id='page_1' title='image "./monumentagerma03geseuoft/monumentagerma03geseuoft_0546.png"; bbox 0 0 2060 3074; ppageno 0'>
   <div class='ocr_carea' id='block_1_1' title="bbox 209 173 1295 208">
    <p class='ocr_par' dir='ltr' id='par_1_1' title="bbox 209 173 1295 208">
     <span class='ocr_line' id='line_1_1' title="bbox 209 173 1295 208; baseline -0.008 0"><span class='ocrx_word' id='word_1_1' title='bbox 209 178 270 208; x_wconf 87' lang='grc'><strong>530</strong></span> <span class='ocrx_word' id='word_1_2' title='bbox 776 173 953 201; x_wconf 88' lang='lat' dir='ltr'>IOHANNIS</span> <span class='ocrx_word' id='word_1_3' title='bbox 972 173 1101 200; x_wconf 79' lang='lat' dir='ltr'>SCOTTI</span> <span class='ocrx_word' id='word_1_4' title='bbox 1119 173 1295 200; x_wconf 84' lang='lat' dir='ltr'>CARMINA.</span> 
     </span>
    </p>
   </div>
   <div class='ocr_carea' id='block_1_2' title="bbox 503 259 1643 2328">
    <p class='ocr_par' dir='ltr' id='par_1_2' title="bbox 503 259 1643 2328">
     <span class='ocr_line' id='line_1_2' title="bbox 504 259 1415 302; baseline -0.001 -10"><span class='ocrx_word' id='word_1_5' title='bbox 504 274 527 292; x_wconf 59' lang='grc' dir='ltr'><strong>ιε</strong></span> <span class='ocrx_word' id='word_1_6' title='bbox 572 261 662 292; x_wconf 82' lang='lat' dir='ltr'><strong>Tene</strong></span> <span class='ocrx_word' id='word_1_7' title='bbox 686 270 783 292; x_wconf 83' lang='lat' dir='ltr'><strong>manu</strong></span> <span class='ocrx_word' id='word_1_8' title='bbox 805 259 936 301; x_wconf 82' lang='lat' dir='ltr'>Moyses</span> <span class='ocrx_word' id='word_1_9' title='bbox 959 269 1095 302; x_wconf 82' lang='lat' dir='ltr'><strong>magnus</strong></span> <span class='ocrx_word' id='word_1_10' title='bbox 1118 262 1305 301; x_wconf 80' lang='lat' dir='ltr'><strong>gestaverat</strong></span> <span class='ocrx_word' id='word_1_11' title='bbox 1329 259 1415 300; x_wconf 90' lang='lat' dir='ltr'><strong>olim,</strong></span> 
     </span>
     <span class='ocr_line' id='line_1_3' title="bbox 617 310 1295 353; baseline -0.001 -10"><span class='ocrx_word' id='word_1_12' title='bbox 617 312 694 343; x_wconf 84' lang='lat' dir='ltr'><strong>Dux</strong></span> <span class='ocrx_word' id='word_1_13' title='bbox 718 311 794 343; x_wconf 91' lang='lat' dir='ltr'><strong>dum</strong></span> <span class='ocrx_word' id='word_1_14' title='bbox 819 311 918 343; x_wconf 91' lang='lat' dir='ltr'><strong>divini</strong></span> <span class='ocrx_word' id='word_1_15' title='bbox 941 310 1046 342; x_wconf 84' lang='lat' dir='ltr'><strong>factus</strong></span> <span class='ocrx_word' id='word_1_16' title='bbox 1071 314 1141 342; x_wconf 86' lang='lat' dir='ltr'><strong>erat</strong></span> <span class='ocrx_word' id='word_1_17' title='bbox 1163 311 1295 353; x_wconf 80' lang='lat' dir='ltr'><strong>populi?</strong></span> 
     </span>
     <span class='ocr_line' id='line_1_4' title="bbox 576 362 1410 405; baseline -0.001 -10"><span class='ocrx_word' id='word_1_18' title='bbox 576 363 623 395; x_wconf 85' lang='lat' dir='ltr'><strong>Te</strong></span> <span class='ocrx_word' id='word_1_19' title='bbox 647 363 776 395; x_wconf 82' lang='lat' dir='ltr'><strong>Pharao</strong></span> <span class='ocrx_word' id='word_1_20' title='bbox 801 362 944 405; x_wconf 72' lang='lat' dir='ltr'><strong>stupidat</strong></span> <span class='ocrx_word' id='word_1_21' title='bbox 967 363 1118 394; x_wconf 78' lang='lat' dir='ltr'><strong>vestitam</strong></span> <span class='ocrx_word' id='word_1_22' title='bbox 1141 362 1228 404; x_wconf 86' lang='lat' dir='ltr'><strong>pelle</strong></span> <span class='ocrx_word' id='word_1_23' title='bbox 1253 362 1410 403; x_wconf 86' lang='lat' dir='ltr'><strong>draconis,</strong></span> 
     </span>
     <span class='ocr_line' id='line_1_5' title="bbox 617 413 1415 457; baseline 0 -11"><span class='ocrx_word' id='word_1_24' title='bbox 617 414 704 446; x_wconf 91' lang='lat' dir='ltr'><strong>Dum</strong></span> <span class='ocrx_word' id='word_1_25' title='bbox 729 414 842 446; x_wconf 80' lang='lat' dir='ltr'>sorbes</span> <span class='ocrx_word' id='word_1_26' title='bbox 865 414 957 455; x_wconf 87' lang='lat' dir='ltr'><strong>alios,</strong></span> <span class='ocrx_word' id='word_1_27' title='bbox 981 424 1061 456; x_wconf 92' lang='lat' dir='ltr'><strong>quos</strong></span> <span class='ocrx_word' id='word_1_28' title='bbox 1085 413 1175 445; x_wconf 82' lang='lat' dir='ltr'><strong>dedit</strong></span> <span class='ocrx_word' id='word_1_29' title='bbox 1197 417 1267 446; x_wconf 87' lang='lat' dir='ltr'><strong>arte</strong></span> <span class='ocrx_word' id='word_1_30' title='bbox 1290 424 1415 457; x_wconf 85' lang='lat' dir='ltr'><strong>magus.</strong></span> 
     </span>
     <span class='ocr_line' id='line_1_6' title="bbox 574 465 1386 504; baseline 0 -7"><span class='ocrx_word' id='word_1_31' title='bbox 574 466 602 498; x_wconf 96' lang='lat' dir='ltr'>O</span> <span class='ocrx_word' id='word_1_32' title='bbox 626 476 718 498; x_wconf 89' lang='lat' dir='ltr'><strong>mons</strong></span> <span class='ocrx_word' id='word_1_33' title='bbox 742 466 878 504; x_wconf 84' lang='lat' dir='ltr'><strong>virtutis,</strong></span> <span class='ocrx_word' id='word_1_34' title='bbox 903 465 1106 497; x_wconf 83' lang='lat' dir='ltr'><strong>descendens</strong></span> <span class='ocrx_word' id='word_1_35' title='bbox 1129 466 1232 497; x_wconf 87' lang='lat' dir='ltr'><strong>carnis</strong></span> <span class='ocrx_word' id='word_1_36' title='bbox 1256 465 1298 498; x_wconf 88' lang='lat' dir='ltr'><strong>ad</strong></span> <span class='ocrx_word' id='word_1_37' title='bbox 1320 466 1386 498; x_wconf 90' lang='lat' dir='ltr'><strong>ima</strong></span> 
     </span>
     <span class='ocr_line' id='line_1_7' title="bbox 503 517 1276 559; baseline 0.001 -11"><span class='ocrx_word' id='word_1_38' title='bbox 503 530 528 549; x_wconf 58' lang='grc' dir='ltr'><strong>κο</strong></span> <span class='ocrx_word' id='word_1_39' title='bbox 615 517 742 559; x_wconf 85' lang='lat' dir='ltr'><strong>Figeris</strong></span> <span class='ocrx_word' id='word_1_40' title='bbox 764 517 796 548; x_wconf 92' lang='lat' dir='ltr'><strong>in</strong></span> <span class='ocrx_word' id='word_1_41' title='bbox 819 518 916 559; x_wconf 83' lang='lat' dir='ltr'><strong>ligno,</strong></span> <span class='ocrx_word' id='word_1_42' title='bbox 941 520 1035 559; x_wconf 85' lang='lat' dir='ltr'><strong>septa</strong></span> <span class='ocrx_word' id='word_1_43' title='bbox 1057 517 1145 549; x_wconf 88' lang='lat' dir='ltr'><strong>subis</strong></span> <span class='ocrx_word' id='word_1_44' title='bbox 1167 517 1276 549; x_wconf 86' lang='lat' dir='ltr'>Erebi.</span> 
     </span>
     <span class='ocr_line' id='line_1_8' title="bbox 575 569 1432 612; baseline 0.001 -12"><span class='ocrx_word' id='word_1_45' title='bbox 575 569 680 601; x_wconf 87' lang='lat' dir='ltr'><strong>Morte</strong></span> <span class='ocrx_word' id='word_1_46' title='bbox 704 573 759 600; x_wconf 84' lang='lat' dir='ltr'><strong>tua</strong></span> <span class='ocrx_word' id='word_1_47' title='bbox 783 570 898 612; x_wconf 88' lang='lat' dir='ltr'><strong>simpla</strong></span> <span class='ocrx_word' id='word_1_48' title='bbox 921 572 1064 601; x_wconf 86' lang='lat' dir='ltr'><strong>nostram</strong></span> <span class='ocrx_word' id='word_1_49' title='bbox 1088 579 1277 601; x_wconf 82' lang='lat' dir='ltr'><strong>consumere</strong></span> <span class='ocrx_word' id='word_1_50' title='bbox 1301 569 1432 612; x_wconf 88' lang='lat' dir='ltr'><strong>duplam</strong></span> 
     </span>
     <span class='ocr_line' id='line_1_9' title="bbox 618 620 1418 661; baseline 0.001 -9"><span class='ocrx_word' id='word_1_51' title='bbox 618 620 726 652; x_wconf 90' lang='lat' dir='ltr'><strong>Ausus</strong></span> <span class='ocrx_word' id='word_1_52' title='bbox 749 631 831 661; x_wconf 83' lang='lat' dir='ltr'><strong>eras,</strong></span> <span class='ocrx_word' id='word_1_53' title='bbox 855 624 959 652; x_wconf 89' lang='lat' dir='ltr'><strong>totum</strong></span> <span class='ocrx_word' id='word_1_54' title='bbox 983 621 1059 652; x_wconf 91' lang='lat' dir='ltr'><strong>dum</strong></span> <span class='ocrx_word' id='word_1_55' title='bbox 1082 631 1220 653; x_wconf 82' lang='lat' dir='ltr'><strong>renovas</strong></span> <span class='ocrx_word' id='word_1_56' title='bbox 1243 621 1418 654; x_wconf 89' lang='lat' dir='ltr'><strong>hominem.</strong></span> 
     </span>
     <span class='ocr_line' id='line_1_10' title="bbox 576 672 1431 719; baseline 0 -15"><span class='ocrx_word' id='word_1_57' title='bbox 576 672 604 704; x_wconf 95' lang='grc' dir='ltr'>Ο</span> <span class='ocrx_word' id='word_1_58' title='bbox 628 683 707 705; x_wconf 82' lang='lat' dir='ltr'><strong>crux</strong></span> <span class='ocrx_word' id='word_1_59' title='bbox 728 673 904 715; x_wconf 86' lang='lat' dir='ltr'><strong>Erythreas</strong></span> <span class='ocrx_word' id='word_1_60' title='bbox 928 676 963 704; x_wconf 90' lang='lat' dir='ltr'><strong>tu</strong></span> <span class='ocrx_word' id='word_1_61' title='bbox 985 672 1104 719; x_wconf 82' lang='lat' dir='ltr'><strong>scindis</strong></span> <span class='ocrx_word' id='word_1_62' title='bbox 1126 673 1294 705; x_wconf 89' lang='lat' dir='ltr'><strong>marmoris</strong></span> <span class='ocrx_word' id='word_1_63' title='bbox 1317 673 1431 714; x_wconf 80' lang='lat' dir='ltr'><strong>undas,</strong></span> 
     </span>
     <span class='ocr_line' id='line_1_11' title="bbox 618 724 1348 768; baseline 0.001 -12"><span class='ocrx_word' id='word_1_64' title='bbox 618 724 745 757; x_wconf 85' lang='lat' dir='ltr'><strong>Victrix</strong></span> <span class='ocrx_word' id='word_1_65' title='bbox 768 724 937 767; x_wconf 85' lang='lat' dir='ltr'><strong>praecedis</strong></span> <span class='ocrx_word' id='word_1_66' title='bbox 961 724 1085 767; x_wconf 86' lang='lat' dir='ltr'><strong>dasque</strong></span> <span class='ocrx_word' id='word_1_67' title='bbox 1108 725 1193 757; x_wconf 86' lang='lat' dir='ltr'><strong>viam</strong></span> <span class='ocrx_word' id='word_1_68' title='bbox 1217 725 1348 768; x_wconf 88' lang='lat' dir='ltr'><strong>populo.</strong></span> 
     </span>
     <span class='ocr_line' id='line_1_12' title="bbox 503 776 1388 820; baseline 0.001 -12"><span class='ocrx_word' id='word_1_69' title='bbox 503 789 528 809; x_wconf 82' lang='lat'><strong>2⁵</strong></span> <span class='ocrx_word' id='word_1_70' title='bbox 573 776 619 808; x_wconf 85' lang='lat' dir='ltr'><strong>Te</strong></span> <span class='ocrx_word' id='word_1_71' title='bbox 643 777 788 819; x_wconf 87' lang='lat' dir='ltr'><strong>sequitur</strong></span> <span class='ocrx_word' id='word_1_72' title='bbox 811 777 910 808; x_wconf 90' lang='lat' dir='ltr'><strong>virtus</strong></span> <span class='ocrx_word' id='word_1_73' title='bbox 933 777 1047 816; x_wconf 91' lang='lat' dir='ltr'><strong>omnis,</strong></span> <span class='ocrx_word' id='word_1_74' title='bbox 1071 780 1103 808; x_wconf 86' lang='lat' dir='ltr'><strong>te</strong></span> <span class='ocrx_word' id='word_1_75' title='bbox 1127 777 1194 809; x_wconf 86' lang='lat' dir='ltr'><strong>vita</strong></span> <span class='ocrx_word' id='word_1_76' title='bbox 1217 777 1388 820; x_wconf 84' lang='lat' dir='ltr'><strong>salusque;</strong></span> 
     </span>
     <span class='ocr_line' id='line_1_13' title="bbox 619 828 1324 871; baseline 0.003 -11"><span class='ocrx_word' id='word_1_77' title='bbox 619 829 665 860; x_wconf 85' lang='lat' dir='ltr'><strong>Te</strong></span> <span class='ocrx_word' id='word_1_78' title='bbox 689 829 815 871; x_wconf 83' lang='lat' dir='ltr'><strong>fugiunt</strong></span> <span class='ocrx_word' id='word_1_79' title='bbox 836 829 964 861; x_wconf 90' lang='lat' dir='ltr'><strong>fluctus:</strong></span> <span class='ocrx_word' id='word_1_80' title='bbox 990 829 1122 860; x_wconf 88' lang='lat' dir='ltr'><strong>crimina</strong></span> <span class='ocrx_word' id='word_1_81' title='bbox 1145 828 1217 861; x_wconf 89' lang='lat' dir='ltr'><strong>dico</strong></span> <span class='ocrx_word' id='word_1_82' title='bbox 1241 839 1324 862; x_wconf 85' lang='lat' dir='ltr'><strong>mea.</strong></span> 
     </span>
     <span class='ocr_line' id='line_1_14' title="bbox 576 880 1342 913; baseline 0 -1"><span class='ocrx_word' id='word_1_83' title='bbox 576 880 625 912; x_wconf 84' lang='lat' dir='ltr'><strong>Tu</strong></span> <span class='ocrx_word' id='word_1_84' title='bbox 648 880 706 912; x_wconf 89' lang='lat' dir='ltr'><strong>das</strong></span> <span class='ocrx_word' id='word_1_85' title='bbox 729 881 872 912; x_wconf 84' lang='lat' dir='ltr'><strong>arenosis</strong></span> <span class='ocrx_word' id='word_1_86' title='bbox 897 881 1058 912; x_wconf 84' lang='lat' dir='ltr'><strong>currentia</strong></span> <span class='ocrx_word' id='word_1_87' title='bbox 1081 881 1212 912; x_wconf 90' lang='lat' dir='ltr'><strong>flumina</strong></span> <span class='ocrx_word' id='word_1_88' title='bbox 1235 881 1342 913; x_wconf 82' lang='lat' dir='ltr'><strong>saxis:</strong></span> 
     </span>
     <span class='ocr_line' id='line_1_15' title="bbox 618 932 1422 975; baseline 0 -11"><span class='ocrx_word' id='word_1_89' title='bbox 618 932 739 964; x_wconf 87' lang='lat' dir='ltr'><strong>Ebibat</strong></span> <span class='ocrx_word' id='word_1_90' title='bbox 762 933 845 964; x_wconf 91' lang='lat' dir='ltr'><strong>hunc</strong></span> <span class='ocrx_word' id='word_1_91' title='bbox 868 932 1001 973; x_wconf 84' lang='lat' dir='ltr'><strong>fontem,</strong></span> <span class='ocrx_word' id='word_1_92' title='bbox 1025 933 1135 964; x_wconf 86' lang='lat' dir='ltr'><strong>vivere</strong></span> <span class='ocrx_word' id='word_1_93' title='bbox 1159 933 1302 975; x_wconf 90' lang='lat' dir='ltr'><strong>quisquis</strong></span> <span class='ocrx_word' id='word_1_94' title='bbox 1325 936 1422 965; x_wconf 90' lang='lat' dir='ltr'><strong>amat.</strong></span> 
     </span>
     <span class='ocr_line' id='line_1_16' title="bbox 575 984 1401 1027; baseline 0 -11"><span class='ocrx_word' id='word_1_95' title='bbox 575 985 613 1016; x_wconf 92' lang='lat' dir='ltr'><strong>In</strong></span> <span class='ocrx_word' id='word_1_96' title='bbox 637 984 766 1027; x_wconf 87' lang='lat' dir='ltr'><strong>sapidos</strong></span> <span class='ocrx_word' id='word_1_97' title='bbox 789 985 903 1016; x_wconf 89' lang='lat' dir='ltr'><strong>fluctus</strong></span> <span class='ocrx_word' id='word_1_98' title='bbox 925 985 1046 1027; x_wconf 89' lang='lat' dir='ltr'><strong>populo</strong></span> <span class='ocrx_word' id='word_1_99' title='bbox 1071 985 1232 1016; x_wconf 87' lang='lat' dir='ltr'><strong>convertis</strong></span> <span class='ocrx_word' id='word_1_100' title='bbox 1255 995 1401 1017; x_wconf 88' lang='lat' dir='ltr'><strong>amaros:</strong></span> 
     </span>
     <span class='ocr_line' id='line_1_17' title="bbox 503 1036 1354 1079; baseline 0 -11"><span class='ocrx_word' id='word_1_101' title='bbox 503 1048 529 1068; x_wconf 81' lang='lat'><strong>30</strong></span> <span class='ocrx_word' id='word_1_102' title='bbox 615 1036 688 1068; x_wconf 84' lang='lat' dir='ltr'><strong>Lex</strong></span> <span class='ocrx_word' id='word_1_103' title='bbox 712 1036 847 1079; x_wconf 82' lang='lat' dir='ltr'><strong>depulsa</strong></span> <span class='ocrx_word' id='word_1_104' title='bbox 870 1037 987 1078; x_wconf 84' lang='lat' dir='ltr'><strong>gravis,</strong></span> <span class='ocrx_word' id='word_1_105' title='bbox 1011 1036 1117 1078; x_wconf 86' lang='lat' dir='ltr'><strong>gratia</strong></span> <span class='ocrx_word' id='word_1_106' title='bbox 1140 1037 1209 1068; x_wconf 85' lang='lat' dir='ltr'><strong>sola</strong></span> <span class='ocrx_word' id='word_1_107' title='bbox 1231 1040 1354 1068; x_wconf 87' lang='lat' dir='ltr'><strong>manet.</strong></span> 
     </span>
     <span class='ocr_line' id='line_1_18' title="bbox 576 1088 1482 1131; baseline -0.001 -11"><span class='ocrx_word' id='word_1_108' title='bbox 576 1088 636 1120; x_wconf 87' lang='lat' dir='ltr'><strong>Est</strong></span> <span class='ocrx_word' id='word_1_109' title='bbox 659 1098 788 1131; x_wconf 89' lang='lat' dir='ltr'><strong>quoque</strong></span> <span class='ocrx_word' id='word_1_110' title='bbox 812 1099 876 1120; x_wconf 89' lang='lat' dir='ltr'><strong>non</strong></span> <span class='ocrx_word' id='word_1_111' title='bbox 899 1088 1008 1131; x_wconf 85' lang='lat' dir='ltr'><strong>dispar</strong></span> <span class='ocrx_word' id='word_1_112' title='bbox 1031 1098 1143 1120; x_wconf 88' lang='lat' dir='ltr'><strong>sensus</strong></span> <span class='ocrx_word' id='word_1_113' title='bbox 1166 1088 1368 1130; x_wconf 84' lang='lat' dir='ltr'><strong>praefatibus</strong></span> <span class='ocrx_word' id='word_1_114' title='bbox 1391 1089 1482 1128; x_wconf 85' lang='lat' dir='ltr'><strong>actis,</strong></span> 
     </span>
     <span class='ocr_line' id='line_1_19' title="bbox 622 1140 1412 1182; baseline 0.001 -11"><span class='ocrx_word' id='word_1_115' title='bbox 622 1140 655 1171; x_wconf 86' lang='lat' dir='ltr'><strong>Si</strong></span> <span class='ocrx_word' id='word_1_116' title='bbox 680 1140 750 1182; x_wconf 90' lang='lat' dir='ltr'><strong>quis</strong></span> <span class='ocrx_word' id='word_1_117' title='bbox 774 1141 1035 1172; x_wconf 73' lang='grc' dir='ltr'>ΕΥΜΒΟΛΙΚΔΕ</span> <span class='ocrx_word' id='word_1_118' title='bbox 1059 1140 1152 1172; x_wconf 86' lang='lat' dir='ltr'><strong>discit</strong></span> <span class='ocrx_word' id='word_1_119' title='bbox 1175 1150 1285 1172; x_wconf 87' lang='lat' dir='ltr'><strong>amare</strong></span> <span class='ocrx_word' id='word_1_120' title='bbox 1308 1143 1412 1172; x_wconf 87' lang='lat' dir='ltr'><strong>notas.</strong></span> 
     </span>
     <span class='ocr_line' id='line_1_20' title="bbox 577 1191 1531 1234; baseline 0 -11"><span class='ocrx_word' id='word_1_121' title='bbox 577 1192 731 1234; x_wconf 87' lang='lat' dir='ltr'><strong>Mysticus</strong></span> <span class='ocrx_word' id='word_1_122' title='bbox 755 1195 805 1223; x_wconf 90' lang='lat' dir='ltr'><strong>est</strong></span> <span class='ocrx_word' id='word_1_123' title='bbox 827 1191 959 1234; x_wconf 87' lang='lat' dir='ltr'><strong>Moyses</strong></span> <span class='ocrx_word' id='word_1_124' title='bbox 983 1191 1139 1231; x_wconf 84' lang='lat' dir='ltr'><strong>Christus,</strong></span> <span class='ocrx_word' id='word_1_125' title='bbox 1163 1202 1222 1224; x_wconf 84' lang='lat' dir='ltr'><strong>rex</strong></span> <span class='ocrx_word' id='word_1_126' title='bbox 1245 1195 1344 1234; x_wconf 85' lang='lat' dir='ltr'><strong>atque</strong></span> <span class='ocrx_word' id='word_1_127' title='bbox 1368 1191 1531 1231; x_wconf 84' lang='lat' dir='ltr'><strong>sacerdos,</strong></span> 
     </span>
     <span class='ocr_line' id='line_1_21' title="bbox 623 1243 1262 1286; baseline 0 -11"><span class='ocrx_word' id='word_1_128' title='bbox 623 1243 686 1280; x_wconf 84' lang='lat' dir='ltr'><strong>Qui</strong></span> <span class='ocrx_word' id='word_1_129' title='bbox 708 1254 766 1275; x_wconf 89' lang='lat' dir='ltr'><strong>nos</strong></span> <span class='ocrx_word' id='word_1_130' title='bbox 789 1244 944 1286; x_wconf 85' lang='lat' dir='ltr'><strong>Aegypto</strong></span> <span class='ocrx_word' id='word_1_131' title='bbox 967 1244 1085 1276; x_wconf 89' lang='lat' dir='ltr'><strong>liberat</strong></span> <span class='ocrx_word' id='word_1_132' title='bbox 1109 1243 1262 1276; x_wconf 87' lang='lat' dir='ltr'><strong>edomita.</strong></span> 
     </span>
     <span class='ocr_line' id='line_1_22' title="bbox 506 1295 1480 1338; baseline 0 -11"><span class='ocrx_word' id='word_1_133' title='bbox 506 1309 530 1328; x_wconf 78' lang='lat'><strong>35</strong></span> <span class='ocrx_word' id='word_1_134' title='bbox 574 1296 649 1338; x_wconf 86' lang='lat' dir='ltr'><strong>Ipse</strong></span> <span class='ocrx_word' id='word_1_135' title='bbox 673 1296 759 1327; x_wconf 91' lang='lat' dir='ltr'><strong>subit</strong></span> <span class='ocrx_word' id='word_1_136' title='bbox 782 1299 920 1338; x_wconf 81' lang='lat' dir='ltr'><strong>mortem</strong></span> <span class='ocrx_word' id='word_1_137' title='bbox 943 1296 1065 1338; x_wconf 86' lang='lat' dir='ltr'><strong>primus</strong></span> <span class='ocrx_word' id='word_1_138' title='bbox 1088 1299 1291 1338; x_wconf 90' lang='lat' dir='ltr'><strong>mortemque</strong></span> <span class='ocrx_word' id='word_1_139' title='bbox 1314 1295 1480 1327; x_wconf 89' lang='lat' dir='ltr'><strong>resolvens</strong></span> 
     </span>
     <span class='ocr_line' id='line_1_23' title="bbox 621 1347 1330 1390; baseline 0 -11"><span class='ocrx_word' id='word_1_140' title='bbox 621 1347 751 1379; x_wconf 88' lang='lat' dir='ltr'><strong>Prosilit</strong></span> <span class='ocrx_word' id='word_1_141' title='bbox 773 1348 803 1379; x_wconf 87' lang='lat' dir='ltr'><strong>in</strong></span> <span class='ocrx_word' id='word_1_142' title='bbox 828 1348 941 1379; x_wconf 87' lang='lat' dir='ltr'><strong>vitam:</strong></span> <span class='ocrx_word' id='word_1_143' title='bbox 966 1348 1058 1390; x_wconf 87' lang='lat' dir='ltr'><strong>virga</strong></span> <span class='ocrx_word' id='word_1_144' title='bbox 1080 1351 1214 1390; x_wconf 87' lang='lat' dir='ltr'><strong>recepta</strong></span> <span class='ocrx_word' id='word_1_145' title='bbox 1235 1348 1330 1390; x_wconf 88' lang='lat' dir='ltr'><strong>regit.</strong></span> 
     </span>
     <span class='ocr_line' id='line_1_24' title="bbox 578 1399 1596 1442; baseline 0 -11"><span class='ocrx_word' id='word_1_146' title='bbox 578 1399 673 1440; x_wconf 85' lang='lat' dir='ltr'><strong>Quid,</strong></span> <span class='ocrx_word' id='word_1_147' title='bbox 698 1399 836 1440; x_wconf 82' lang='lat' dir='ltr'><strong>Pharao,</strong></span> <span class='ocrx_word' id='word_1_148' title='bbox 860 1400 1005 1442; x_wconf 86' lang='lat' dir='ltr'><strong>sequeris</strong></span> <span class='ocrx_word' id='word_1_149' title='bbox 1027 1400 1204 1442; x_wconf 83' lang='lat' dir='ltr'><strong>populum?</strong></span> <span class='ocrx_word' id='word_1_150' title='bbox 1229 1400 1306 1442; x_wconf 85' lang='lat' dir='ltr'><strong>fuge</strong></span> <span class='ocrx_word' id='word_1_151' title='bbox 1329 1410 1453 1432; x_wconf 86' lang='lat' dir='ltr'><strong>mersus</strong></span> <span class='ocrx_word' id='word_1_152' title='bbox 1476 1400 1508 1431; x_wconf 91' lang='lat' dir='ltr'><strong>in</strong></span> <span class='ocrx_word' id='word_1_153' title='bbox 1531 1400 1596 1431; x_wconf 87' lang='lat' dir='ltr'><strong>ima</strong></span> 
     </span>
     <span class='ocr_line' id='line_1_25' title="bbox 622 1451 1318 1494; baseline 0 -11"><span class='ocrx_word' id='word_1_154' title='bbox 622 1451 769 1483; x_wconf 84' lang='lat' dir='ltr'><strong>Carceris</strong></span> <span class='ocrx_word' id='word_1_155' title='bbox 793 1452 927 1490; x_wconf 84' lang='lat' dir='ltr'><strong>aeterni,</strong></span> <span class='ocrx_word' id='word_1_156' title='bbox 951 1454 984 1483; x_wconf 85' lang='lat' dir='ltr'><strong>te</strong></span> <span class='ocrx_word' id='word_1_157' title='bbox 1008 1454 1100 1494; x_wconf 88' lang='lat' dir='ltr'><strong>tegat</strong></span> <span class='ocrx_word' id='word_1_158' title='bbox 1122 1454 1193 1483; x_wconf 86' lang='lat' dir='ltr'><strong>atra</strong></span> <span class='ocrx_word' id='word_1_159' title='bbox 1214 1452 1318 1494; x_wconf 82' lang='lat' dir='ltr'><strong>palus.</strong></span> 
     </span>
     <span class='ocr_line' id='line_1_26' title="bbox 579 1503 1451 1546; baseline 0 -11"><span class='ocrx_word' id='word_1_160' title='bbox 579 1503 648 1535; x_wconf 88' lang='lat' dir='ltr'><strong>Nos</strong></span> <span class='ocrx_word' id='word_1_161' title='bbox 670 1503 796 1535; x_wconf 87' lang='lat' dir='ltr'><strong>virtutis</strong></span> <span class='ocrx_word' id='word_1_162' title='bbox 820 1503 882 1535; x_wconf 89' lang='lat' dir='ltr'><strong>iter</strong></span> <span class='ocrx_word' id='word_1_163' title='bbox 905 1503 1048 1535; x_wconf 87' lang='lat' dir='ltr'><strong>medium</strong></span> <span class='ocrx_word' id='word_1_164' title='bbox 1071 1503 1147 1535; x_wconf 92' lang='lat' dir='ltr'><strong>dum</strong></span> <span class='ocrx_word' id='word_1_165' title='bbox 1170 1503 1340 1546; x_wconf 77' lang='lat' dir='ltr'><strong>carpimuS‚</strong></span> <span class='ocrx_word' id='word_1_166' title='bbox 1364 1503 1451 1535; x_wconf 84' lang='lat' dir='ltr'><strong>altae</strong></span> 
     </span>
     <span class='ocr_line' id='line_1_27' title="bbox 510 1555 1310 1598; baseline 0 -12"><span class='ocrx_word' id='word_1_167' title='bbox 510 1567 536 1586; x_wconf 61' lang='grc' dir='ltr'><strong>ιο</strong></span> <span class='ocrx_word' id='word_1_168' title='bbox 624 1555 750 1587; x_wconf 83' lang='lat' dir='ltr'><strong>Instant</strong></span> <span class='ocrx_word' id='word_1_169' title='bbox 772 1555 965 1598; x_wconf 85' lang='lat' dir='ltr'><strong>phantasiae</strong></span> <span class='ocrx_word' id='word_1_170' title='bbox 989 1555 1219 1598; x_wconf 86' lang='lat' dir='ltr'><strong>nequitiaeque</strong></span> <span class='ocrx_word' id='word_1_171' title='bbox 1243 1555 1310 1587; x_wconf 88' lang='lat' dir='ltr'><strong>toli.</strong></span> 
     </span>
     <span class='ocr_line' id='line_1_28' title="bbox 581 1606 1344 1649; baseline 0 -11"><span class='ocrx_word' id='word_1_172' title='bbox 581 1606 668 1643; x_wconf 87' lang='lat' dir='ltr'><strong>Quas</strong></span> <span class='ocrx_word' id='word_1_173' title='bbox 690 1607 821 1639; x_wconf 86' lang='lat' dir='ltr'><strong>vincens</strong></span> <span class='ocrx_word' id='word_1_174' title='bbox 844 1607 969 1639; x_wconf 88' lang='lat' dir='ltr'><strong>animus</strong></span> <span class='ocrx_word' id='word_1_175' title='bbox 992 1607 1080 1639; x_wconf 87' lang='lat' dir='ltr'><strong>laeta</strong></span> <span class='ocrx_word' id='word_1_176' title='bbox 1102 1607 1222 1649; x_wconf 88' lang='lat' dir='ltr'><strong>potitur</strong></span> <span class='ocrx_word' id='word_1_177' title='bbox 1245 1617 1344 1638; x_wconf 86' lang='lat' dir='ltr'><strong>arena</strong></span> 
     </span>
     <span class='ocr_line' id='line_1_29' title="bbox 623 1658 1368 1701; baseline 0 -11"><span class='ocrx_word' id='word_1_178' title='bbox 623 1658 666 1690; x_wconf 83' lang='lat' dir='ltr'><strong>Et</strong></span> <span class='ocrx_word' id='word_1_179' title='bbox 688 1662 824 1701; x_wconf 88' lang='lat' dir='ltr'><strong>peccata</strong></span> <span class='ocrx_word' id='word_1_180' title='bbox 847 1660 959 1701; x_wconf 90' lang='lat' dir='ltr'><strong>procul</strong></span> <span class='ocrx_word' id='word_1_181' title='bbox 982 1669 1089 1691; x_wconf 82' lang='lat' dir='ltr'><strong>mersa</strong></span> <span class='ocrx_word' id='word_1_182' title='bbox 1113 1659 1247 1691; x_wconf 85' lang='lat' dir='ltr'><strong>subacta</strong></span> <span class='ocrx_word' id='word_1_183' title='bbox 1270 1658 1368 1691; x_wconf 87' lang='lat' dir='ltr'><strong>videt.</strong></span> 
     </span>
     <span class='ocr_line' id='line_1_30' title="bbox 580 1710 1643 1756; baseline 0.003 -14"><span class='ocrx_word' id='word_1_184' title='bbox 580 1710 670 1742; x_wconf 87' lang='lat' dir='ltr'><strong>Tunc</strong></span> <span class='ocrx_word' id='word_1_185' title='bbox 693 1712 905 1743; x_wconf 74' lang='grc' dir='ltr'><strong>ὰΛὸΛὰΓΜὰ</strong></span> <span class='ocrx_word' id='word_1_186' title='bbox 929 1711 1015 1743; x_wconf 88' lang='lat' dir='ltr'><strong>canit</strong></span> <span class='ocrx_word' id='word_1_187' title='bbox 1037 1710 1184 1753; x_wconf 88' lang='lat' dir='ltr'><strong>gaudens</strong></span> <span class='ocrx_word' id='word_1_188' title='bbox 1207 1711 1408 1753; x_wconf 88' lang='lat' dir='ltr'><strong>multumque</strong></span> <span class='ocrx_word' id='word_1_189' title='bbox 1435 1712 1643 1756; x_wconf 78' lang='lat' dir='ltr'><strong>triumphans,</strong></span> 
     </span>
     <span class='ocr_line' id='line_1_31' title="bbox 622 1762 1413 1806; baseline -0.003 -10"><span class='ocrx_word' id='word_1_190' title='bbox 622 1763 788 1796; x_wconf 87' lang='lat' dir='ltr'><strong>Laudibus</strong></span> <span class='ocrx_word' id='word_1_191' title='bbox 811 1764 988 1806; x_wconf 81' lang='lat' dir='ltr'><strong>amplificat</strong></span> <span class='ocrx_word' id='word_1_192' title='bbox 1011 1767 1086 1795; x_wconf 85' lang='lat' dir='ltr'><strong>tunc</strong></span> <span class='ocrx_word' id='word_1_193' title='bbox 1110 1764 1325 1796; x_wconf 72' lang='grc' dir='ltr'><strong>ΠΔΡΔΔΟΞΔ</strong></span> <span class='ocrx_word' id='word_1_194' title='bbox 1349 1762 1413 1794; x_wconf 88' lang='lat' dir='ltr'><strong>dei.</strong></span> 
     </span>
     <span class='ocr_line' id='line_1_32' title="bbox 507 1815 1448 1855; baseline -0.002 -6"><span class='ocrx_word' id='word_1_195' title='bbox 507 1830 534 1849; x_wconf 79' lang='lat'><strong>45</strong></span> <span class='ocrx_word' id='word_1_196' title='bbox 577 1816 689 1848; x_wconf 88' lang='lat' dir='ltr'><strong>Litora</strong></span> <span class='ocrx_word' id='word_1_197' title='bbox 711 1817 864 1848; x_wconf 87' lang='lat' dir='ltr'><strong>virtutum</strong></span> <span class='ocrx_word' id='word_1_198' title='bbox 886 1817 1025 1848; x_wconf 87' lang='lat' dir='ltr'><strong>lustrans</strong></span> <span class='ocrx_word' id='word_1_199' title='bbox 1050 1819 1126 1848; x_wconf 91' lang='lat' dir='ltr'><strong>tunc</strong></span> <span class='ocrx_word' id='word_1_200' title='bbox 1148 1815 1247 1847; x_wconf 83' lang='lat' dir='ltr'><strong>intrat</strong></span> <span class='ocrx_word' id='word_1_201' title='bbox 1268 1815 1448 1855; x_wconf 83' lang='lat' dir='ltr'><strong>heremum,</strong></span> 
     </span>
     <span class='ocr_line' id='line_1_33' title="bbox 623 1868 1370 1911; baseline -0.001 -11"><span class='ocrx_word' id='word_1_202' title='bbox 623 1868 735 1901; x_wconf 89' lang='lat' dir='ltr'><strong>Mundi</strong></span> <span class='ocrx_word' id='word_1_203' title='bbox 758 1869 935 1911; x_wconf 89' lang='lat' dir='ltr'><strong>contempti</strong></span> <span class='ocrx_word' id='word_1_204' title='bbox 959 1879 1023 1911; x_wconf 89' lang='lat' dir='ltr'><strong>qua</strong></span> <span class='ocrx_word' id='word_1_205' title='bbox 1047 1869 1120 1900; x_wconf 88' lang='lat' dir='ltr'><strong>silet</strong></span> <span class='ocrx_word' id='word_1_206' title='bbox 1143 1868 1246 1900; x_wconf 90' lang='lat' dir='ltr'><strong>omnis</strong></span> <span class='ocrx_word' id='word_1_207' title='bbox 1269 1878 1370 1907; x_wconf 89' lang='lat' dir='ltr'><strong>amor,</strong></span> 
     </span>
     <span class='ocr_line' id='line_1_34' title="bbox 580 1920 1391 1963; baseline -0.002 -10"><span class='ocrx_word' id='word_1_208' title='bbox 580 1921 717 1963; x_wconf 82' lang='lat' dir='ltr'><strong>Spiritus</strong></span> <span class='ocrx_word' id='word_1_209' title='bbox 740 1920 912 1952; x_wconf 90' lang='lat' dir='ltr'><strong>inmundus</strong></span> <span class='ocrx_word' id='word_1_210' title='bbox 935 1921 1056 1952; x_wconf 90' lang='lat' dir='ltr'><strong>nullam</strong></span> <span class='ocrx_word' id='word_1_211' title='bbox 1079 1920 1223 1962; x_wconf 85' lang='lat' dir='ltr'><strong>reperire</strong></span> <span class='ocrx_word' id='word_1_212' title='bbox 1249 1920 1391 1962; x_wconf 89' lang='lat' dir='ltr'><strong>quietem</strong></span> 
     </span>
     <span class='ocr_line' id='line_1_35' title="bbox 624 1971 1449 2015; baseline -0.001 -11"><span class='ocrx_word' id='word_1_213' title='bbox 624 1972 696 2009; x_wconf 87' lang='lat' dir='ltr'><strong>Qua</strong></span> <span class='ocrx_word' id='word_1_214' title='bbox 718 1983 893 2015; x_wconf 89' lang='lat' dir='ltr'><strong>numquam</strong></span> <span class='ocrx_word' id='word_1_215' title='bbox 917 1973 1030 2015; x_wconf 84' lang='lat' dir='ltr'><strong>potuit,</strong></span> <span class='ocrx_word' id='word_1_216' title='bbox 1055 1972 1114 2004; x_wconf 88' lang='lat' dir='ltr'><strong>sed</strong></span> <span class='ocrx_word' id='word_1_217' title='bbox 1136 1972 1220 2004; x_wconf 88' lang='lat' dir='ltr'><strong>redit</strong></span> <span class='ocrx_word' id='word_1_218' title='bbox 1242 1971 1328 2004; x_wconf 92' lang='lat' dir='ltr'><strong>unde</strong></span> <span class='ocrx_word' id='word_1_219' title='bbox 1351 1972 1449 2003; x_wconf 85' lang='lat' dir='ltr'><strong>venit.</strong></span> 
     </span>
     <span class='ocr_line' id='line_1_36' title="bbox 580 2024 1440 2067; baseline -0.002 -11"><span class='ocrx_word' id='word_1_220' title='bbox 580 2025 763 2056; x_wconf 73' lang='grc' dir='ltr'>ΧΔΛΚΕΥΕ</span> <span class='ocrx_word' id='word_1_221' title='bbox 787 2034 829 2056; x_wconf 84' lang='lat' dir='ltr'><strong>ex</strong></span> <span class='ocrx_word' id='word_1_222' title='bbox 852 2025 917 2056; x_wconf 84' lang='lat' dir='ltr'><strong>alto</strong></span> <span class='ocrx_word' id='word_1_223' title='bbox 941 2024 1089 2067; x_wconf 88' lang='lat' dir='ltr'><strong>pendens</strong></span> <span class='ocrx_word' id='word_1_224' title='bbox 1111 2025 1156 2056; x_wconf 92' lang='lat' dir='ltr'><strong>ibi</strong></span> <span class='ocrx_word' id='word_1_225' title='bbox 1179 2024 1287 2056; x_wconf 88' lang='lat' dir='ltr'><strong>sibilat</strong></span> <span class='ocrx_word' id='word_1_226' title='bbox 1310 2024 1440 2066; x_wconf 86' lang='lat' dir='ltr'><strong>anguis:</strong></span> 
     </span>
     <span class='ocr_line' id='line_1_37' title="bbox 509 2076 1354 2119; baseline 0 -11"><span class='ocrx_word' id='word_1_227' title='bbox 509 2090 533 2108; x_wconf 77' lang='lat'><strong>50</strong></span> <span class='ocrx_word' id='word_1_228' title='bbox 620 2076 807 2108; x_wconf 85' lang='lat' dir='ltr'><strong>Extinctum</strong></span> <span class='ocrx_word' id='word_1_229' title='bbox 830 2077 925 2116; x_wconf 87' lang='lat' dir='ltr'><strong>virus,</strong></span> <span class='ocrx_word' id='word_1_230' title='bbox 950 2077 1033 2108; x_wconf 90' lang='lat' dir='ltr'><strong>liber</strong></span> <span class='ocrx_word' id='word_1_231' title='bbox 1056 2077 1116 2108; x_wconf 89' lang='lat' dir='ltr'><strong>erit</strong></span> <span class='ocrx_word' id='word_1_232' title='bbox 1139 2076 1288 2119; x_wconf 81' lang='lat' dir='ltr'><strong>populus.</strong></span> <span class='ocrx_word' id='word_1_233' title='bbox 1313 2095 1354 2099; x_wconf 85' lang='lat'><em>-</em></span> 
     </span>
     <span class='ocr_line' id='line_1_38' title="bbox 580 2128 1573 2172; baseline -0.001 -12"><span class='ocrx_word' id='word_1_234' title='bbox 580 2128 776 2171; x_wconf 87' lang='lat' dir='ltr'><strong>Magdaline,</strong></span> <span class='ocrx_word' id='word_1_235' title='bbox 802 2130 930 2172; x_wconf 86' lang='lat' dir='ltr'><strong>quaeris</strong></span> <span class='ocrx_word' id='word_1_236' title='bbox 954 2129 1119 2161; x_wconf 76' lang='lat' dir='ltr'><strong>dominum</strong></span> <span class='ocrx_word' id='word_1_237' title='bbox 1143 2129 1220 2171; x_wconf 90' lang='lat' dir='ltr'><strong>quid</strong></span> <span class='ocrx_word' id='word_1_238' title='bbox 1242 2131 1367 2160; x_wconf 83' lang='lat' dir='ltr'><strong>maesta</strong></span> <span class='ocrx_word' id='word_1_239' title='bbox 1390 2128 1551 2170; x_wconf 88' lang='lat' dir='ltr'><strong>sepultum</strong></span> <span class='ocrx_word' id='word_1_240' title='bbox 1560 2131 1573 2159; x_wconf 70' lang='grc' dir='ltr'><strong>’ἰ</strong></span> 
     </span>
     <span class='ocr_line' id='line_1_39' title="bbox 622 2180 1296 2224; baseline 0 -12"><span class='ocrx_word' id='word_1_241' title='bbox 622 2181 751 2213; x_wconf 85' lang='lat' dir='ltr'><strong>Funere</strong></span> <span class='ocrx_word' id='word_1_242' title='bbox 775 2180 903 2214; x_wconf 82' lang='lat' dir='ltr'><strong>devicto</strong></span> <span class='ocrx_word' id='word_1_243' title='bbox 928 2182 1053 2224; x_wconf 87' lang='lat' dir='ltr'><strong>respice</strong></span> <span class='ocrx_word' id='word_1_244' title='bbox 1077 2181 1165 2213; x_wconf 85' lang='lat' dir='ltr'><strong>laeta</strong></span> <span class='ocrx_word' id='word_1_245' title='bbox 1189 2181 1296 2213; x_wconf 92' lang='lat' dir='ltr'><strong>deum.</strong></span> 
     </span>
     <span class='ocr_line' id='line_1_40' title="bbox 581 2232 1435 2266; baseline -0.001 -2"><span class='ocrx_word' id='word_1_246' title='bbox 581 2232 703 2265; x_wconf 88' lang='lat' dir='ltr'><strong>Desine</strong></span> <span class='ocrx_word' id='word_1_247' title='bbox 727 2234 958 2266; x_wconf 74' lang='grc' dir='ltr'><strong>ΚΔΙΠΔΡΙΟΥΟ</strong></span> <span class='ocrx_word' id='word_1_248' title='bbox 981 2233 1131 2266; x_wconf 87' lang='lat' dir='ltr'><strong>meditari</strong></span> <span class='ocrx_word' id='word_1_249' title='bbox 1155 2243 1288 2265; x_wconf 89' lang='lat' dir='ltr'><strong>cernere</strong></span> <span class='ocrx_word' id='word_1_250' title='bbox 1312 2233 1435 2264; x_wconf 88' lang='lat' dir='ltr'><strong>vultus:</strong></span> 
     </span>
     <span class='ocr_line' id='line_1_41' title="bbox 625 2283 1492 2328; baseline -0.001 -11"><span class='ocrx_word' id='word_1_251' title='bbox 625 2285 727 2317; x_wconf 88' lang='lat' dir='ltr'><strong>Vivus</strong></span> <span class='ocrx_word' id='word_1_252' title='bbox 749 2284 844 2317; x_wconf 87' lang='lat' dir='ltr'><strong>adest</strong></span> <span class='ocrx_word' id='word_1_253' title='bbox 866 2285 1031 2323; x_wconf 88' lang='lat' dir='ltr'><strong>dominus;</strong></span> <span class='ocrx_word' id='word_1_254' title='bbox 1055 2296 1152 2328; x_wconf 91' lang='lat' dir='ltr'><strong>quem</strong></span> <span class='ocrx_word' id='word_1_255' title='bbox 1174 2285 1290 2327; x_wconf 80' lang='lat' dir='ltr'><strong>gemis,</strong></span> <span class='ocrx_word' id='word_1_256' title='bbox 1313 2285 1384 2327; x_wconf 86' lang='lat' dir='ltr'><strong>ipsa</strong></span> <span class='ocrx_word' id='word_1_257' title='bbox 1407 2283 1492 2316; x_wconf 82' lang='lat' dir='ltr'><strong>vide.</strong></span> 
     </span>
    </p>
   </div>
   <div class='ocr_carea' id='block_1_3' title="bbox 685 2352 703 2363">
    <p class='ocr_par' dir='ltr' id='par_1_3' title="bbox 685 2352 703 2363">
     <span class='ocr_line' id='line_1_42' title="bbox 685 2352 703 2363; baseline 0 0"><span class='ocrx_word' id='word_1_258' title='bbox 685 2352 703 2363; x_wconf 73' lang='grc' dir='ltr'><strong>Ι.</strong></span> 
     </span>
    </p>
   </div>
   <div class='ocr_carea' id='block_1_4' title="bbox 213 2405 1874 2525">
    <p class='ocr_par' dir='ltr' id='par_1_4' title="bbox 213 2405 1874 2525">
     <span class='ocr_line' id='line_1_43' title="bbox 320 2405 1874 2440; baseline -0.001 -7"><span class='ocrx_word' id='word_1_259' title='bbox 320 2408 426 2433; x_wconf 67' lang='lat' dir='ltr'><strong>alonae</strong></span> <span class='ocrx_word' id='word_1_260' title='bbox 448 2421 481 2425; x_wconf 91' lang='lat'><strong>--</strong></span> <span class='ocrx_word' id='word_1_261' title='bbox 499 2406 534 2433; x_wconf 78' lang='lat'><strong>20</strong></span> <span class='ocrx_word' id='word_1_262' title='bbox 551 2405 632 2440; x_wconf 81' lang='lat' dir='ltr'><strong>septa]</strong></span> <span class='ocrx_word' id='word_1_263' title='bbox 651 2407 766 2432; x_wconf 81' lang='lat' dir='ltr'><strong>claustra</strong></span> <span class='ocrx_word' id='word_1_264' title='bbox 784 2405 809 2431; x_wconf 83' lang='grc' dir='ltr'><em>Β</em></span> <span class='ocrx_word' id='word_1_265' title='bbox 895 2405 929 2431; x_wconf 81' lang='lat'><strong>23</strong></span> <span class='ocrx_word' id='word_1_266' title='bbox 949 2405 988 2439; x_wconf 80' lang='grc' dir='ltr'><strong>Ε.]</strong></span> <span class='ocrx_word' id='word_1_267' title='bbox 1007 2407 1103 2432; x_wconf 83' lang='lat' dir='ltr'><strong>rubeas</strong></span> <span class='ocrx_word' id='word_1_268' title='bbox 1120 2405 1180 2431; x_wconf 55' lang='grc' dir='ltr'><strong>ΒΖ]ι</strong></span> <span class='ocrx_word' id='word_1_269' title='bbox 1200 2406 1245 2439; x_wconf 67' lang='lat' dir='ltr'><strong>(qs.</strong></span> <span class='ocrx_word' id='word_1_270' title='bbox 1263 2406 1339 2439; x_wconf 73' lang='lat' dir='ltr'><strong>infra</strong></span> <span class='ocrx_word' id='word_1_271' title='bbox 1358 2405 1434 2431; x_wconf 75' lang='lat'><strong>11133</strong></span> <span class='ocrx_word' id='word_1_272' title='bbox 1453 2413 1516 2438; x_wconf 72' lang='lat' dir='ltr'><strong>pay.</strong></span> <span class='ocrx_word' id='word_1_273' title='bbox 1530 2405 1592 2437; x_wconf 80' lang='lat'>532)</span> <span class='ocrx_word' id='word_1_274' title='bbox 1612 2406 1744 2439; x_wconf 82' lang='lat' dir='ltr'><strong>Eritryum</strong></span> <span class='ocrx_word' id='word_1_275' title='bbox 1769 2415 1838 2432; x_wconf 81' lang='lat' dir='ltr'><strong>mars</strong></span> <span class='ocrx_word' id='word_1_276' title='bbox 1857 2406 1874 2432; x_wconf 87' lang='lat' dir='ltr'><strong>i.</strong></span> 
     </span>
     <span class='ocr_line' id='line_1_44' title="bbox 214 2447 1869 2483; baseline -0.001 -8"><span class='ocrx_word' id='word_1_277' title='bbox 214 2451 319 2476; x_wconf 78' lang='lat' dir='ltr'><strong>rubrum</strong></span> <span class='ocrx_word' id='word_1_278' title='bbox 339 2459 408 2476; x_wconf 78' lang='lat' dir='ltr'><strong>mare</strong></span> <span class='ocrx_word' id='word_1_279' title='bbox 426 2450 454 2475; x_wconf 78' lang='lat' dir='ltr'><strong>in</strong></span> <span class='ocrx_word' id='word_1_280' title='bbox 472 2459 554 2482; x_wconf 71' lang='lat' dir='ltr'><strong>mar-q.</strong></span> <span class='ocrx_word' id='word_1_281' title='bbox 574 2450 599 2474; x_wconf 87' lang='grc' dir='ltr'><em>Β</em></span> <span class='ocrx_word' id='word_1_282' title='bbox 684 2449 719 2475; x_wconf 81' lang='lat'><strong>32</strong></span> <span class='ocrx_word' id='word_1_283' title='bbox 736 2450 925 2483; x_wconf 84' lang='lat' dir='ltr'><strong>significativas</strong></span> <span class='ocrx_word' id='word_1_284' title='bbox 943 2449 1003 2474; x_wconf 83' lang='lat' dir='ltr'><strong>RL¹</strong></span> <span class='ocrx_word' id='word_1_285' title='bbox 1085 2447 1120 2474; x_wconf 84' lang='lat'><strong>40</strong></span> <span class='ocrx_word' id='word_1_286' title='bbox 1137 2448 1192 2482; x_wconf 77' lang='lat' dir='ltr'><strong>toli]</strong></span> <span class='ocrx_word' id='word_1_287' title='bbox 1212 2449 1354 2475; x_wconf 64' lang='lat' dir='ltr'><strong>testudines</strong></span> <span class='ocrx_word' id='word_1_288' title='bbox 1373 2449 1398 2474; x_wconf 83' lang='lat' dir='ltr'><strong><em>R</em></strong></span> <span class='ocrx_word' id='word_1_289' title='bbox 1485 2448 1519 2474; x_wconf 81' lang='lat'><strong>43</strong></span> <span class='ocrx_word' id='word_1_290' title='bbox 1537 2450 1650 2482; x_wconf 86' lang='lat' dir='ltr'><strong>hymnus</strong></span> <span class='ocrx_word' id='word_1_291' title='bbox 1667 2450 1790 2475; x_wconf 61' lang='lat' dir='ltr'><strong>vicem-iae</strong></span> <span class='ocrx_word' id='word_1_292' title='bbox 1809 2448 1869 2474; x_wconf 82' lang='lat' dir='ltr'><strong>RL¹</strong></span> 
     </span>
     <span class='ocr_line' id='line_1_45' title="bbox 213 2491 1738 2525; baseline -0.001 -6"><span class='ocrx_word' id='word_1_293' title='bbox 213 2493 247 2519; x_wconf 79' lang='lat'><strong>44</strong></span> <span class='ocrx_word' id='word_1_294' title='bbox 266 2494 391 2519; x_wconf 83' lang='lat' dir='ltr'><strong>miracula</strong></span> <span class='ocrx_word' id='word_1_295' title='bbox 412 2492 468 2518; x_wconf 70' lang='lat' dir='ltr'><strong>let)</strong></span> <span class='ocrx_word' id='word_1_296' title='bbox 557 2492 590 2518; x_wconf 78' lang='lat'><strong>49</strong></span> <span class='ocrx_word' id='word_1_297' title='bbox 608 2501 704 2519; x_wconf 86' lang='lat' dir='ltr'><strong>aeneus</strong></span> <span class='ocrx_word' id='word_1_298' title='bbox 724 2492 782 2518; x_wconf 53' lang='grc' dir='ltr'><strong>ΒῙΛΙ</strong></span> <span class='ocrx_word' id='word_1_299' title='bbox 871 2491 905 2518; x_wconf 85' lang='grc'><strong>53</strong></span> <span class='ocrx_word' id='word_1_300' title='bbox 924 2493 1060 2518; x_wconf 81' lang='lat' dir='ltr'><strong>ortulanus</strong></span> <span class='ocrx_word' id='word_1_301' title='bbox 1080 2491 1221 2525; x_wconf 82' lang='lat' dir='ltr'><strong>(ortolanos</strong></span> <span class='ocrx_word' id='word_1_302' title='bbox 1239 2494 1263 2518; x_wconf 84' lang='lat'><strong>2.</strong></span> <span class='ocrx_word' id='word_1_303' title='bbox 1281 2501 1352 2518; x_wconf 81' lang='lat' dir='ltr'><strong>man.</strong></span> <span class='ocrx_word' id='word_1_304' title='bbox 1372 2491 1405 2523; x_wconf 88' lang='grc' dir='ltr'><strong>Β)</strong></span> <span class='ocrx_word' id='word_1_305' title='bbox 1426 2491 1494 2523; x_wconf 68' lang='lat' dir='ltr'><strong>RH,</strong></span> <span class='ocrx_word' id='word_1_306' title='bbox 1512 2500 1604 2525; x_wconf 83' lang='lat' dir='ltr'><strong>caepos</strong></span> <span class='ocrx_word' id='word_1_307' title='bbox 1623 2496 1694 2518; x_wconf 84' lang='lat' dir='ltr'><strong>ortus</strong></span> <span class='ocrx_word' id='word_1_308' title='bbox 1714 2492 1738 2517; x_wconf 80' lang='lat' dir='ltr'><em>R</em></span> 
     </span>
    </p>
   </div>
   <div class='ocr_carea' id='block_1_5' title="bbox 214 2559 1874 2681">
    <p class='ocr_par' dir='ltr' id='par_1_5' title="bbox 214 2559 1874 2681">
     <span class='ocr_line' id='line_1_46' title="bbox 319 2559 1874 2594; baseline 0 -7"><span class='ocrx_word' id='word_1_309' title='bbox 319 2561 351 2587; x_wconf 81' lang='lat'><strong>16</strong></span> <span class='ocrx_word' id='word_1_310' title='bbox 375 2563 436 2587; x_wconf 86' lang='lat' dir='ltr'><strong>Dux</strong></span> <span class='ocrx_word' id='word_1_311' title='bbox 460 2562 521 2587; x_wconf 83' lang='lat' dir='ltr'><strong>dum</strong></span> <span class='ocrx_word' id='word_1_312' title='bbox 548 2562 584 2587; x_wconf 68' lang='lat' dir='ltr'><strong>sic</strong></span> <span class='ocrx_word' id='word_1_313' title='bbox 602 2561 627 2586; x_wconf 98' lang='grc' dir='ltr'><em>Β</em></span> <span class='ocrx_word' id='word_1_314' title='bbox 720 2561 751 2587; x_wconf 82' lang='grc'><strong>17</strong></span> <span class='ocrx_word' id='word_1_315' title='bbox 776 2563 848 2588; x_wconf 84' lang='lat' dir='ltr'><strong>farao</strong></span> <span class='ocrx_word' id='word_1_316' title='bbox 877 2561 911 2593; x_wconf 75' lang='lat' dir='ltr'><strong>(et</strong></span> <span class='ocrx_word' id='word_1_317' title='bbox 932 2562 968 2587; x_wconf 71' lang='lat' dir='ltr'><strong>cic</strong></span> <span class='ocrx_word' id='word_1_318' title='bbox 992 2560 1105 2594; x_wconf 73' lang='lat' dir='ltr'><strong>saepius)</strong></span> <span class='ocrx_word' id='word_1_319' title='bbox 1131 2561 1156 2586; x_wconf 87' lang='grc' dir='ltr'><em>Β</em></span> <span class='ocrx_word' id='word_1_320' title='bbox 1215 2561 1308 2586; x_wconf 82' lang='lat' dir='ltr'><strong>uestita</strong></span> <span class='ocrx_word' id='word_1_321' title='bbox 1330 2560 1355 2586; x_wconf 87' lang='grc' dir='ltr'><em>Β</em></span> <span class='ocrx_word' id='word_1_322' title='bbox 1381 2570 1447 2586; x_wconf 79' lang='lat' dir='ltr'><strong>corr.</strong></span> <span class='ocrx_word' id='word_1_323' title='bbox 1472 2560 1562 2586; x_wconf 67' lang='lat' dir='ltr'><strong>Maius</strong></span> <span class='ocrx_word' id='word_1_324' title='bbox 1647 2559 1682 2586; x_wconf 76' lang='lat'><strong>23</strong></span> <span class='ocrx_word' id='word_1_325' title='bbox 1705 2564 1821 2594; x_wconf 65' lang='lat' dir='ltr'><strong>erymas</strong></span> <span class='ocrx_word' id='word_1_326' title='bbox 1849 2561 1874 2587; x_wconf 79' lang='lat' dir='ltr'><em>R</em></span> 
     </span>
     <span class='ocr_line' id='line_1_47' title="bbox 215 2601 1870 2637; baseline -0.002 -5"><span class='ocrx_word' id='word_1_327' title='bbox 215 2603 424 2632; x_wconf 74' lang='grc' dir='ltr'>ΕΡΥΤΡΕὰΟ</span> <span class='ocrx_word' id='word_1_328' title='bbox 444 2604 476 2630; x_wconf 90' lang='lat' dir='ltr'><strong>L1</strong></span> <span class='ocrx_word' id='word_1_329' title='bbox 565 2604 598 2630; x_wconf 82' lang='lat'><strong>27</strong></span> <span class='ocrx_word' id='word_1_330' title='bbox 615 2609 673 2637; x_wconf 72' lang='lat' dir='ltr'><strong>post</strong></span> <span class='ocrx_word' id='word_1_331' title='bbox 690 2605 804 2631; x_wconf 85' lang='lat' dir='ltr'><strong>arenosis</strong></span> <span class='ocrx_word' id='word_1_332' title='bbox 822 2605 912 2631; x_wconf 74' lang='lat' dir='ltr'><strong>delevit</strong></span> <span class='ocrx_word' id='word_1_333' title='bbox 930 2605 1028 2630; x_wconf 87' lang='lat' dir='ltr'><strong>moneis</strong></span> <span class='ocrx_word' id='word_1_334' title='bbox 1047 2605 1072 2629; x_wconf 91' lang='grc' dir='ltr'><em>Β</em></span> <span class='ocrx_word' id='word_1_335' title='bbox 1151 2603 1186 2629; x_wconf 77' lang='grc'><strong>32</strong></span> <span class='ocrx_word' id='word_1_336' title='bbox 1204 2601 1534 2637; x_wconf 69' lang='grc' dir='ltr'>ΕΥ(ΙΕῙ)ΜΒΟΛΙΚΔΕ</span> <span class='ocrx_word' id='word_1_337' title='bbox 1554 2603 1613 2629; x_wconf 78' lang='lat' dir='ltr'><strong>RL¹</strong></span> <span class='ocrx_word' id='word_1_338' title='bbox 1701 2603 1735 2630; x_wconf 84' lang='lat'><strong>33</strong></span> <span class='ocrx_word' id='word_1_339' title='bbox 1753 2604 1870 2630; x_wconf 82' lang='lat' dir='ltr'><strong>misticus</strong></span> 
     </span>
     <span class='ocr_line' id='line_1_48' title="bbox 214 2645 1577 2681; baseline 0 -9"><span class='ocrx_word' id='word_1_340' title='bbox 214 2648 283 2679; x_wconf 79' lang='lat' dir='ltr'><strong>(item</strong></span> <span class='ocrx_word' id='word_1_341' title='bbox 301 2648 420 2680; x_wconf 83' lang='lat' dir='ltr'><strong>simbola,</strong></span> <span class='ocrx_word' id='word_1_342' title='bbox 440 2649 525 2681; x_wconf 85' lang='lat' dir='ltr'><strong>eipris,</strong></span> <span class='ocrx_word' id='word_1_343' title='bbox 546 2648 651 2680; x_wconf 69' lang='lat' dir='ltr'><strong>similia)</strong></span> <span class='ocrx_word' id='word_1_344' title='bbox 671 2648 696 2673; x_wconf 85' lang='grc' dir='ltr'><em>Β</em></span> <span class='ocrx_word' id='word_1_345' title='bbox 783 2647 816 2673; x_wconf 86' lang='grc'><strong>39</strong></span> <span class='ocrx_word' id='word_1_346' title='bbox 835 2647 902 2674; x_wconf 73' lang='lat' dir='ltr'><strong>*alte</strong></span> <span class='ocrx_word' id='word_1_347' title='bbox 921 2647 946 2672; x_wconf 89' lang='grc' dir='ltr'><em>Β</em></span> <span class='ocrx_word' id='word_1_348' title='bbox 1031 2646 1066 2673; x_wconf 84' lang='grc'><strong>53</strong></span> <span class='ocrx_word' id='word_1_349' title='bbox 1086 2645 1317 2675; x_wconf 70' lang='grc' dir='ltr'>ΚΔΙΠΔΡΙΟΥΕ</span> <span class='ocrx_word' id='word_1_350' title='bbox 1338 2646 1381 2680; x_wconf 82' lang='lat' dir='ltr'><strong>Ll]</strong></span> <span class='ocrx_word' id='word_1_351' title='bbox 1400 2647 1533 2681; x_wconf 78' lang='lat' dir='ltr'><strong>caeparios</strong></span> <span class='ocrx_word' id='word_1_352' title='bbox 1551 2647 1577 2672; x_wconf 83' lang='lat' dir='ltr'><em>R</em></span> 
     </span>
    </p>
   </div>
   <div class='ocr_carea' id='block_1_6' title="bbox 213 2714 1873 2853">
    <p class='ocr_par' dir='ltr' id='par_1_6' title="bbox 213 2714 1873 2853">
     <span class='ocr_line' id='line_1_49' title="bbox 319 2714 1872 2749; baseline 0.001 -7"><span class='ocrx_word' id='word_1_353' title='bbox 319 2716 421 2742; x_wconf 73' lang='lat'>15—50</span> <span class='ocrx_word' id='word_1_354' title='bbox 432 2715 466 2747; x_wconf 56' lang='grc' dir='ltr'><strong>εἴ,</strong></span> <span class='ocrx_word' id='word_1_355' title='bbox 480 2715 575 2742; x_wconf 71' lang='lat' dir='ltr'><strong>Im&#39;dor.</strong></span> <span class='ocrx_word' id='word_1_356' title='bbox 587 2714 693 2748; x_wconf 72' lang='lat' dir='ltr'><strong>Quaest.</strong></span> <span class='ocrx_word' id='word_1_357' title='bbox 706 2715 737 2742; x_wconf 74' lang='lat' dir='ltr'><strong>in</strong></span> <span class='ocrx_word' id='word_1_358' title='bbox 750 2715 838 2742; x_wconf 78' lang='lat' dir='ltr'><strong>E&#39;oeod.</strong></span> <span class='ocrx_word' id='word_1_359' title='bbox 850 2715 950 2742; x_wconf 79' lang='grc'>12-21</span> <span class='ocrx_word' id='word_1_360' title='bbox 963 2715 1071 2749; x_wconf 67' lang='lat' dir='ltr'><strong>(Miqm</strong></span> <span class='ocrx_word' id='word_1_361' title='bbox 1083 2714 1126 2748; x_wconf 88' lang='lat'><strong>83,</strong></span> <span class='ocrx_word' id='word_1_362' title='bbox 1135 2714 1199 2748; x_wconf 78' lang='grc'><strong><em>292)</em></strong></span> <span class='ocrx_word' id='word_1_363' title='bbox 1213 2716 1236 2741; x_wconf 72' lang='lat' dir='ltr'><strong>et</strong></span> <span class='ocrx_word' id='word_1_364' title='bbox 1248 2714 1361 2748; x_wconf 70' lang='lat' dir='ltr'><strong>Alleym&#39;.</strong></span> <span class='ocrx_word' id='word_1_365' title='bbox 1371 2715 1406 2741; x_wconf 82' lang='lat'><strong>59</strong></span> <span class='ocrx_word' id='word_1_366' title='bbox 1418 2714 1493 2748; x_wconf 61' lang='lat' dir='ltr'><strong>(ibid.</strong></span> <span class='ocrx_word' id='word_1_367' title='bbox 1506 2714 1582 2748; x_wconf 55' lang='grc' dir='ltr'><strong>109).Α</strong></span> <span class='ocrx_word' id='word_1_368' title='bbox 1642 2714 1676 2741; x_wconf 79' lang='grc'><strong>49</strong></span> <span class='ocrx_word' id='word_1_369' title='bbox 1688 2714 1872 2745; x_wconf 69' lang='grc' dir='ltr'>ΧὸΛΚΕΥΕ</span> 
     </span>
     <span class='ocr_line' id='line_1_50' title="bbox 214 2765 1873 2802; baseline 0 -9"><span class='ocrx_word' id='word_1_370' title='bbox 214 2775 272 2793; x_wconf 84' lang='lat' dir='ltr'><strong>cum</strong></span> <span class='ocrx_word' id='word_1_371' title='bbox 295 2767 485 2794; x_wconf 75' lang='lat' dir='ltr'><strong>terminatione</strong></span> <span class='ocrx_word' id='word_1_372' title='bbox 506 2766 610 2794; x_wconf 76' lang='lat' dir='ltr'><strong>Latina</strong></span> <span class='ocrx_word' id='word_1_373' title='bbox 628 2766 692 2800; x_wconf 72' lang='grc' dir='ltr'><strong>(ΥΕ</strong></span> <span class='ocrx_word' id='word_1_374' title='bbox 712 2779 743 2790; x_wconf 93' lang='lat'><strong><em>=</em></strong></span> <span class='ocrx_word' id='word_1_375' title='bbox 756 2768 798 2800; x_wconf 86' lang='lat' dir='ltr'><strong>us)</strong></span> <span class='ocrx_word' id='word_1_376' title='bbox 823 2775 874 2801; x_wconf 77' lang='lat' dir='ltr'><strong>pro</strong></span> <span class='ocrx_word' id='word_1_377' title='bbox 890 2767 1016 2802; x_wconf 78' lang='grc' dir='ltr'><strong>χαλκοῦς.</strong></span> <span class='ocrx_word' id='word_1_378' title='bbox 1107 2767 1141 2794; x_wconf 81' lang='lat'><strong>53</strong></span> <span class='ocrx_word' id='word_1_379' title='bbox 1165 2765 1397 2796; x_wconf 72' lang='grc' dir='ltr'>ΚὸΙΠὰΡΙΟΥΕ</span> <span class='ocrx_word' id='word_1_380' title='bbox 1416 2774 1471 2800; x_wconf 80' lang='lat' dir='ltr'><strong>pro</strong></span> <span class='ocrx_word' id='word_1_381' title='bbox 1489 2766 1683 2802; x_wconf 56' lang='lat' dir='ltr'><strong>xnnothov&#39;ss</strong></span> <span class='ocrx_word' id='word_1_382' title='bbox 1705 2766 1740 2799; x_wconf 82' lang='lat' dir='ltr'><strong>cf.</strong></span> <span class='ocrx_word' id='word_1_383' title='bbox 1759 2774 1795 2793; x_wconf 83' lang='lat' dir='ltr'><strong>ev.</strong></span> <span class='ocrx_word' id='word_1_384' title='bbox 1815 2767 1873 2795; x_wconf 79' lang='grc' dir='ltr'><strong><em>ΙοΙι.</em></strong></span> 
     </span>
     <span class='ocr_line' id='line_1_51' title="bbox 213 2816 1693 2853; baseline 0 -9"><span class='ocrx_word' id='word_1_385' title='bbox 213 2819 255 2852; x_wconf 81' lang='lat'><strong>20,</strong></span> <span class='ocrx_word' id='word_1_386' title='bbox 270 2819 310 2852; x_wconf 76' lang='lat'><strong>15,</strong></span> <span class='ocrx_word' id='word_1_387' title='bbox 331 2818 377 2844; x_wconf 74' lang='lat' dir='ltr'><strong>ubi</strong></span> <span class='ocrx_word' id='word_1_388' title='bbox 394 2818 479 2845; x_wconf 65' lang='lat' dir='ltr'><strong>codem</strong></span> <span class='ocrx_word' id='word_1_389' title='bbox 497 2819 681 2852; x_wconf 48' lang='lat' dir='ltr'><strong>Sangallense</strong></span> <span class='ocrx_word' id='word_1_390' title='bbox 699 2828 716 2845; x_wconf 89' lang='lat' dir='ltr'><strong>a</strong></span> <span class='ocrx_word' id='word_1_391' title='bbox 734 2819 820 2846; x_wconf 80' lang='lat' dir='ltr'><strong>Scotto</strong></span> <span class='ocrx_word' id='word_1_392' title='bbox 837 2819 951 2853; x_wconf 66' lang='lat' dir='ltr'><strong>scriptus</strong></span> <span class='ocrx_word' id='word_1_393' title='bbox 972 2827 1032 2846; x_wconf 83' lang='lat' dir='ltr'><strong>cum</strong></span> <span class='ocrx_word' id='word_1_394' title='bbox 1050 2818 1142 2845; x_wconf 55' lang='lat' dir='ltr'><strong>ceteris</strong></span> <span class='ocrx_word' id='word_1_395' title='bbox 1159 2818 1329 2845; x_wconf 68' lang='lat' dir='ltr'><strong>mentiens</strong></span> <span class='ocrx_word' id='word_1_396' title='bbox 1347 2816 1566 2848; x_wconf 73' lang='grc' dir='ltr'>ΚΗΠΟΥΡΟΕ</span> <span class='ocrx_word' id='word_1_397' title='bbox 1585 2817 1693 2845; x_wconf 69' lang='lat' dir='ltr'><strong>whibet.</strong></span> 
     </span>
    </p>
   </div>
   <div class='ocr_carea' id='block_1_7' title="bbox 2021 1541 2060 3074">
    <p class='ocr_par' dir='ltr' id='par_1_7' title="bbox 2021 1541 2060 3074">
     <span class='ocr_line' id='line_1_52' title="bbox 2021 1541 2060 3074; baseline 0 0"><span class='ocrx_word' id='word_1_398' title='bbox 2021 1541 2060 3074; x_wconf 95' lang='lat' dir='ltr'><strong> </strong></span> 
     </span>
    </p>
   </div>
  </div>
 </body>
</html>
