2060 3074
755 150 867 177 VITAE
885 151 911 178 S.
930 150 1098 178 GERMANI
1117 152 1225 179 LIBER
1238 152 1284 180 IV.
1781 157 1842 188 485

561 236 601 268 In
623 236 760 268 miseros
784 237 899 268 iterum
924 241 1051 280 pestem
1075 239 1232 272 recidisse
1255 240 1430 272 Britannos

560 288 734 330 Dogmatis
756 289 862 320 insani
887 300 947 321 nec
971 301 1063 332 spem
1086 295 1211 323 restare
1236 293 1360 331 salutis,

563 340 604 372 Ni
628 341 716 383 prius
740 340 908 372 obtentam
931 342 1067 384 pulchro
1090 344 1268 376 certamine
1293 355 1424 376 causam

561 392 700 424 Tutetur
722 392 830 424 solito.
877 392 1017 425 Suberat
1040 405 1115 436 spes
1139 399 1229 426 certa
1252 396 1404 438 triumphi

486 456 523 475 ³⁹5
560 444 623 475 Pro
647 444 776 476 miseris
800 444 943 475 movisse
966 455 1098 482 manus;
1122 457 1182 478 nec
1207 447 1309 488 gloria
1332 448 1414 479 velis

561 495 629 527 Iret
651 496 757 538 prima
780 496 857 534 suis,
882 496 909 527 si
933 507 997 528 non
1022 507 1176 539 suprema
1201 498 1324 530 subiret

562 547 695 580 Infectis
718 548 858 590 imposta
880 558 1006 580 manus.
1052 549 1114 580 His
1137 550 1271 582 vocibus
1295 551 1359 582 iras

562 598 694 631 Excitat
717 599 956 641 impatiensque
980 610 1092 631 morae
1115 611 1192 632 mox
1216 612 1306 633 arma
1330 602 1483 644 reposcit.

561 651 663 682 Arma
685 651 775 683 celer
798 651 948 693 notisque
972 655 1061 683 artus
1086 652 1249 684 inducitur
1272 654 1380 685 armis.

485 715 524 733 ⁴00
560 702 704 734 Voverat
726 702 781 734 ille
805 713 898 734 suum
923 702 1000 735 fidei
1023 714 1080 745 pro
1102 705 1231 736 nomine
1255 709 1380 748 pectus,

562 754 600 786 In
624 764 862 797 quamcumque
886 754 980 786 daret
1003 765 1096 786 casus
1120 756 1306 788 incumbere
1330 761 1476 789 mortem.

562 805 636 838 Ibat
658 806 812 848 paciferis
835 806 1040 848 perlustrans
1064 808 1231 849 gressibus
1255 809 1367 840 orbem

563 857 697 889 Semina
722 860 836 890 sancta
860 868 974 890 serens
998 862 1030 890 et
1053 859 1187 900 pulchro
1211 859 1363 902 dogmate
1387 861 1548 903 pandens:

563 909 716 955 Praemia
739 909 944 941 Christicolis
969 921 1053 952 quae
1079 914 1112 942 et
1135 915 1257 953 quanta
1280 917 1435 955 parentur
1459 914 1491 944 in
1516 914 1623 946 astris.

485 975 523 994 ⁴⁰5
561 962 698 994 Contra:
722 973 806 1005 quae
830 963 986 1004 reprobos
1010 964 1121 995 ineant
1144 968 1218 1006 post
1240 965 1355 996 funera
1376 975 1511 1007 poenae.

603 1014 718 1056 Tuque
741 1015 859 1046 iterum
884 1015 1023 1046 celebris
1047 1016 1202 1058 priscum,
1226 1016 1373 1054 Lutecia,
1398 1028 1514 1048 nomen
1594 1021 1624 1045 Ut
1643 1021 1760 1046 Parisn'ua
1777 1023 1844 1046 veni-

561 1065 712 1098 Carmine
737 1066 839 1098 conde
863 1076 951 1100 meo:
974 1067 1073 1099 michi
1098 1071 1186 1099 certe
1209 1069 1330 1100 mentio
1355 1072 1482 1100 constat
1588 1066 1796 1114 eazazlfnovqsam
1811 1066 1844 1090 ²⁷2²

561 1118 698 1160 Semper
721 1121 816 1160 grata
841 1118 899 1155 tui,
923 1118 1007 1160 quod
1032 1123 1063 1150 te
1087 1130 1172 1151 nunc
1196 1120 1325 1151 ossibus
1349 1127 1443 1152 ornat
1657 1113 1774 1133 ⁸¹“”'⁶’r¹²'

562 1170 690 1212 Sponsa
712 1170 776 1202 mei
800 1169 920 1202 domini
945 1171 1106 1213 quondam
1130 1171 1344 1204 celeberrima
1368 1172 1478 1214 signis.

484 1234 524 1253 410
561 1221 635 1253 Huc
659 1225 736 1254 tunc
760 1222 928 1264 ingressus
952 1223 1084 1265 praesul
1108 1222 1292 1255 Germanus
1317 1235 1427 1255 amore

563 1273 733 1317 Excipitur
755 1275 849 1311 miro:
873 1285 1007 1317 pronam
1031 1275 1216 1308 benedictio
1239 1276 1366 1319 plebem

562 1326 737 1363 Confovet;
761 1327 885 1368 ingenti
909 1327 1092 1369 persultant
1116 1329 1225 1360 omnia
1248 1329 1374 1371 plausu.

563 1377 712 1421 Depositi
736 1389 861 1410 memor
884 1378 938 1410 ille
962 1380 1022 1417 sui,
1045 1380 1177 1422 quinam
1201 1379 1402 1412 Genovefam

562 1429 667 1462 Casus
691 1433 778 1472 agat,
803 1430 909 1462 studio
934 1441 1010 1462 mox
1034 1435 1246 1473 percontatur
1269 1433 1382 1464 amico.

486 1494 524 1514 ns
562 1481 709 1514 Caelitus
733 1482 912 1524 attigerant
934 1483 1077 1514 animum
1101 1483 1297 1523 discrimina,
1322 1483 1430 1518 credo,

562 1533 707 1566 Plurima
730 1543 814 1576 quae
837 1536 966 1576 tempus
989 1534 1096 1566 fuerat
1120 1546 1279 1578 perpessa
1302 1547 1360 1579 per
1382 1535 1473 1567 illud.

562 1585 606 1616 Ut
629 1586 713 1618 solet
737 1585 896 1628 obloquiis
919 1586 1024 1628 pietas
1047 1587 1260 1631 succumbere
1284 1587 1372 1619 duris

562 1637 692 1680 Parque
716 1637 778 1670 fuit
800 1638 912 1680 nigrae
937 1638 1026 1670 virus
1049 1638 1296 1682 deprehendere
1320 1640 1447 1672 mentis.

563 1689 645 1721 Cum
668 1693 826 1732 concepta
850 1689 952 1721 semel
977 1690 1104 1722 furialis
1128 1691 1254 1722 semina
1276 1691 1424 1722 flammae

488 1754 527 1774 ⁴²⁰
563 1741 632 1773 Nec
655 1745 770 1773 sancto
793 1744 968 1783 praesente
992 1742 1059 1773 viro
1082 1742 1175 1784 plebs
1199 1742 1297 1774 livida
1319 1743 1454 1785 pressit:

563 1792 625 1825 Oui
647 1795 758 1825 tamen
782 1793 839 1824 illa
862 1803 921 1824 suo
946 1793 1062 1825 melius
1087 1804 1182 1836 quam
1206 1797 1285 1826 nota
1308 1795 1433 1837 parenti
1459 1798 1517 1825 est.

563 1844 649 1877 Exin
673 1844 841 1887 virgineae
865 1844 991 1876 secedit
1013 1845 1046 1876 in
1069 1845 1182 1877 abdita
1205 1846 1309 1878 cellae

563 1896 746 1939 Conceptus
770 1896 907 1939 populo:
928 1897 1035 1939 prodit
1057 1908 1133 1929 mox
1157 1897 1255 1930 obvia
1277 1898 1380 1940 virgo.

563 1948 669 1985 Quam
693 1951 788 1991 pater
811 1948 934 1990 ingenti
959 1959 1097 1990 magnus
1119 1949 1244 1991 pietate
1269 1949 1400 1984 salutat,

487 2013 526 2032 m
563 1999 714 2032 Numinis
735 2003 772 2031 ut
794 2000 952 2042 templum
978 2004 1166 2032 veneratum
1191 2001 1260 2032 iure
1284 2004 1428 2043 putares.

564 2051 649 2084 Hinc
673 2055 823 2094 spectans
847 2051 976 2094 plebem
1001 2051 1180 2094 dextraque
1206 2053 1335 2084 silentia
1358 2051 1516 2084 mandans

564 2103 709 2146 Virginis
733 2103 887 2145 auspiciis
912 2103 1031 2146 repetit
1053 2104 1231 2146 praeconia
1253 2104 1375 2146 primis.

565 2154 610 2187 Ut
633 2165 760 2187 sacrum
785 2154 915 2186 Christo
938 2155 1019 2186 felix
1042 2155 1179 2187 infantia
1203 2166 1318 2198 corpus

565 2206 696 2249 Aptarit
718 2206 808 2237 nullo
832 2206 1055 2238 temerandum
1080 2206 1113 2237 in
1138 2206 1270 2238 saecula
1292 2210 1396 2248 pacto.

487 2271 527 2290 «w
565 2258 609 2290 Sc
633 2268 762 2301 quoque
787 2258 924 2300 virginei
948 2268 1077 2300 semper
1099 2258 1258 2289 mansisse
1281 2257 1415 2300 pudoris

564 2310 729 2342 Abiunoto
753 2319 938 2352 quanquam
963 2314 1122 2342 secretum
1147 2319 1280 2352 corpore
1305 2313 1434 2341 testem.

565 2360 696 2404 ‘Ut'que
720 2361 766 2393 ait
788 2361 948 2393 ‘indubias
973 2364 1095 2393 statuat
1119 2361 1282 2393 sententia
1305 2365 1443 2393 mentes.

565 2413 766 2455 Argumenta
789 2412 835 2444 rei
859 2413 945 2444 veris
968 2413 1145 2455 perdiscite
1169 2411 1294 2455 signis.⁷

564 2463 658 2496 Dixit
681 2467 714 2496 et
737 2463 891 2496 infectam
915 2464 1121 2496 lacrimarum
1146 2464 1279 2496 flumine
1303 2468 1434 2501 terram,

303 2620 408 2646 Scholia
428 2634 460 2639 -
478 2619 528 2646 397
548 2621 573 2646 si
588 2629 638 2646 non
652 2620 741 2646 ultima
753 2628 844 2645 manus
858 2621 892 2645 rci
913 2620 960 2649 (rei
975 2619 1099 2645 Boschim
1112 2619 1164 2652 regi
1179 2619 1213 2650 P)
1227 2619 1381 2651 inperfectae
1400 2617 1525 2650 (iupsoetn
1539 2617 1564 2642 P
1580 2618 1698 2650 inceptae
1712 2617 1847 2648 Roschirea)

201 2663 374 2697 imponeretur
478 2663 530 2689 406
549 2664 591 2689 Sic
610 2664 726 2689 Parisius
743 2667 819 2688 antea
838 2663 978 2688 vocabatur
1077 2662 1128 2687 409
1147 2660 1255 2695 Sponsa]
1275 2661 1406 2686 Gcnovefa
1506 2659 1558 2685 415
1576 2659 1700 2693 animum]
1722 2661 1848 2693 pontificis

200 2705 252 2732 418
269 2704 381 2741 Parque]
401 2707 478 2732 facile
583 2705 632 2732 421
653 2705 711 2740 Cui]
731 2708 860 2732 Germano
964 2705 1014 2731 431
1034 2704 1170 2738 secretum]
1190 2708 1332 2738 separatum

303 2800 354 2826 4oe
372 2805 458 2827 nerent
475 2809 541 2827 corr.
561 2801 587 2826 P
602 2802 686 2826 serens
706 2800 799 2825 Boach.
903 2799 955 2825 415
973 2800 1048 2825 credo
1067 2799 1191 2824 usnemun
1208 2803 1231 2823 et
1249 2800 1284 2824 κίε
1304 2800 1432 2824 amamur.
1454 2798 1499 2823 Vir.
1521 2798 1606 2822 Germ.
1627 2796 1698 2830 Ill]
1718 2798 1806 2823 crebro
1826 2798 1851 2822 P
