2060 3074
268 162 331 192 582

554 413 591 432 130

552 672 590 691 135

555 930 591 949 140

555 1190 592 1208 145

556 1451 594 1469 150

557 1709 594 1728 15⁶

558 1969 595 1988 160

559 2227 597 2248 165

561 2495 599 2514 1¹10

925 157 1076 185 MILONIS
1096 157 1272 184 CARMlNA.

637 246 728 282 Quae
755 245 863 287 pelagi
888 245 982 276 solita
1006 255 1040 276 es
1065 244 1246 276 discrimina
1269 255 1368 286 saepe
1391 245 1502 275 levare

636 297 679 328 Et
702 300 817 328 nautas
841 307 974 338 reparas
999 300 1032 328 et
1055 297 1157 328 lassos
1181 297 1278 338 erigis
1301 299 1397 328 artus.

635 348 704 380 Neo
729 351 760 379 te
784 348 962 390 praeteriit,
987 348 1063 380 dum
1088 351 1216 380 sanctus
1239 349 1280 380 ab
1304 349 1384 380 urbe
1408 348 1549 380 seeundo

634 399 825 442 Digreditur
846 400 967 431 Roma:
992 401 1279 442 navi-progressus
1303 400 1344 431 ab
1367 400 1423 431 illa

636 451 689 483 Ad
714 455 746 483 te
770 452 919 494 pervenit
943 453 1055 483 solitos
1078 453 1201 483 laturus
1224 462 1356 494 agones.

636 502 745 545 Atque
770 502 814 534 ibi
837 513 929 534 more
954 513 1012 534 suo
1036 503 1180 534 tenebris
1204 513 1275 534 oum
1298 503 1402 535 noetis
1425 513 1547 545 opacae

638 556 755 587 Oraret
778 555 864 586 solus
887 573 929 576 —
951 555 1026 595 iam,
1050 554 1158 595 eredo,
1182 554 1323 586 advertis
1345 554 1420 586 Iesu

636 607 798 648 Exemplo
823 606 961 637 similem
986 607 1141 638 famulum
1165 610 1311 649 portasse
1335 607 1482 638 laborem
1505 625 1557 645 —‚

635 659 711 690 Nox
734 658 931 690 horrorifera
955 661 988 689 et
1010 661 1095 690 tetra
1119 659 1255 700 ealigine
1279 658 1381 690 noctis

636 710 765 741 Tetrior
788 709 920 742 advenit
945 710 1065 742 domini
1088 710 1214 752 fulgore
1237 710 1402 741 lucernam

636 762 871 804 Splendentem
895 763 983 794 fumo
1009 762 1142 804 cupiens
1165 762 1290 794 fuscare
1313 762 1437 793 nocivo.

635 813 678 845 Et
701 824 885 855 quanquam
909 814 1005 846 solita
1028 824 1157 856 semper
1179 813 1308 845 feritate
1331 813 1470 845 rebellet

636 865 678 896 Et
702 866 811 907 cupiat
834 866 970 908 laqueos
993 876 1146 908 reparare
1171 866 1326 897 scelestus
1349 865 1484 907 iniquos,

636 917 727 948 Tunc
751 920 862 948 tamen
888 918 1056 960 egregium
1080 928 1144 948 non
1168 928 1265 948 ausus
1288 919 1424 958 tangere
1447 915 1631 947 Amandum
1655 917 1713 946 est.

636 970 736 1001 Forte
760 980 885 1001 memor
908 970 1023 1010 fuerat,
1047 969 1133 1012 quod
1157 969 1319 1012 quondam
1342 969 1467 1000 miserit
1488 967 1626 1010 hydrum

636 1021 690 1053 Ad
713 1032 850 1063 puerum
874 1022 1037 1064 celerique
1061 1022 1140 1064 fuga
1163 1021 1369 1063 conspexerit
1390 1021 1480 1052 illum

637 1072 779 1114 Aligeris
802 1073 941 1115 pedibus
964 1073 1137 1105 tremulum
1160 1073 1320 1115 repedare
1344 1075 1529 1112 retrorsum,

638 1125 719 1156 Cum
743 1124 851 1167 digitis
875 1126 1013 1167 geminis
1037 1125 1182 1157 traheret
1205 1136 1265 1157 eeu
1289 1125 1411 1167 spicula
1434 1127 1563 1156 sanetus

639 1177 773 1219 Signum
797 1177 881 1209 forte
906 1178 1007 1209 crucis
1031 1178 1153 1209 cunctis
1178 1177 1373 1219 penitrabile
1397 1177 1505 1208 muris.

636 1229 724 1271 Ergo
749 1240 847 1260 unum
873 1240 916 1261 ex
939 1229 1067 1261 famulis
1090 1230 1282 1261 temerarius
1306 1229 1419 1271 arripit
1440 1229 1542 1260 hostis

636 1281 680 1313 Et
702 1281 800 1312 trahit
823 1281 1039 1324 3,(1Ρο103115;
1064 1282 1192 1324 quaeris
1216 1280 1328 1313 ‘cur?’:
1353 1283 1480 1323 mergat
1502 1284 1538 1312 ut
1559 1281 1658 1314 illum.

637 1332 687 1365 Αο
709 1333 804 1375 lupus
826 1336 862 1364 ut
886 1343 1013 1373 saevus,
1037 1333 1133 1365 niveo
1157 1343 1230 1365 oum
1253 1333 1294 1365 de
1317 1343 1420 1375 grege
1443 1335 1571 1375 raptam

637 1385 835 1426 Lanigeram
858 1384 1019 1427 pecudem
1042 1385 1142 1416 trahit
1164 1387 1234 1416 atra
1257 1385 1352 1416 fauce
1375 1384 1563 1425 vorandam,

637 1436 712 1468 Non
735 1447 829 1468 secus
852 1437 904 1469 hic
926 1440 1047 1479 raptor,
1072 1437 1148 1469 dum
1171 1436 1314 1480 praedae
1338 1436 1470 1468 arderet
1492 1447 1613 1478 amore,

637 1489 754 1521 Ferret
778 1491 811 1520 et
834 1489 1005 1531 abreptam
1029 1499 1148 1521 saevae
1171 1488 1214 1520 ad
1238 1488 1421 1520 discrimina
1442 1489 1564 1521 mortis.

637 1541 698 1572 Ille
722 1540 822 1572 dabat
844 1551 926 1583 puer
947 1541 1009 1573 hac
1031 1541 1204 1583 repetitam
1225 1551 1307 1572 voce
1328 1541 1507 1583 loquelam:

640 1592 794 1632 ‘om-iste,
817 1593 893 1624 iuva
914 1603 978 1631 me,
1003 1592 1141 1633 Christe,
1164 1591 1266 1629 iuva';
1289 1602 1367 1624 mox
1389 1593 1444 1624 ille
1467 1596 1648 1635 protervuS,

640 1643 765 1680 ‘Qualis
789 1643 964 1675 Christus?
989 1644 1050 1681 ait;
1075 1654 1138 1676 nee
1161 1644 1297 1676 verbum
1319 1644 1457 1676 reddere
1481 1645 1583 1677 vietus

638 1695 793 1727 Audebat
815 1696 951 1736 iuvenis,
975 1696 1080 1728 donec
1102 1696 1242 1727 bellator
1263 1695 1431 1727 Amandus

640 1748 682 1780 Se
701 1751 875 1790 praesente
899 1748 970 1780 fera
992 1759 1058 1780 non
1081 1758 1196 1790 passus
1220 1748 1313 1780 fauce
1336 1749 1442 1780 vorari

639 1799 842 1842 Discipulum
863 1800 1038 1842 pelagique
1062 1799 1156 1832 undis
1180 1799 1384 1842 submergier
1406 1801 1483 1832 atris

641 1851 782 1893 Corripit
803 1861 903 1892 arma,
927 1852 1014 1894 capit
1036 1851 1224 1894 pharetram
1246 1852 1411 1894 iactatque
1435 1853 1587 1895 sagittam

641 1903 824 1935 Salvificam
847 1914 959 1945 puero,
984 1903 1127 1935 Satanae
1151 1903 1210 1935 sed
1232 1904 1294 1935 rite
1317 1904 1458 1946 superbo

638 1955 842 1996 Vulnfficam,
865 1955 968 1989 victor
990 1956 1022 1987 vi
1044 1956 1175 1987 vincens
1198 1955 1336 1987 verbere
1358 1955 1463 1987 verbi:

641 2007 723 2047 ‘Fili,
747 2007 802 2049 qui
824 2007 971 2047 traheris,
996 2006 1047 2039 dio
1069 2006 1176 2048 hosti,'
1202 2006 1284 2039 dixit
1307 2007 1477 2039 Amandus

641 2059 751 2091 ‘Filius
773 2059 845 2101 ipse
869 2058 923 2090 dei
947 2061 997 2090 est
1018 2059 1082 2091 vivi
1107 2058 1254 2090 Christus
1277 2058 1468 2091 orucifixus’.

642 2110 747 2147 Quem
770 2111 910 2142 sonitum
933 2121 1057 2142 summo
1083 2111 1235 2142 extimuit
1256 2110 1389 2142 horrore
1412 2121 1592 2153 pavescens

640 2162 754 2194 Hostis
775 2163 862 2194 iners
884 2172 946 2194 neo
969 2165 1055 2194 stare
1079 2163 1152 2195 1000
1177 2163 1395 2206 praesumpsit
1417 2163 1450 2194 in
1471 2163 1538 2204 illo,

643 2214 709 2247 Sed
732 2225 833 2256 vagus
856 2215 889 2246 in
912 2225 1031 2246 vacuas
1054 2215 1183 2257 fugiens
1207 2215 1340 2247 evanuit
1361 2225 1456 2247 auras

642 2266 685 2298 Et
707 2266 831 2308 praeda
853 2267 1021 2298 incolumis
1044 2267 1138 2309 pulso
1161 2267 1275 2309 procul
1297 2267 1391 2298 hoste
1415 2267 1584 2299 remansit:

641 2319 788 2361 Belliger
810 2319 943 2361 insignis
967 2319 1013 2350 sio
1036 2311 1165 2350 sanetus
1188 2319 1221 2350 in
1244 2319 1323 2351 orbe
1346 2319 1533 2361 triumphat.

685 2379 761 2411 VH.
786 2379 898 2410 Hostis
920 2379 1007 2411 iners
1029 2379 1207 2422 maledicte*
1227 2379 1322 2411 ferox
1345 2378 1484 2411 crudelis
1506 2379 1629 2422 inique,

643 2431 742 2462 Cuius
764 2441 848 2462 nune
870 2441 990 2462 nomen
1013 2431 1108 2462 solita
1131 2431 1260 2463 feritate
1283 2431 1447 2463 rebellans

642 2482 802 2525 Despicis,
825 2483 852 2514 is
876 2482 1039 2525 quondam
1062 2483 1182 2515 tulerat
1204 2483 1273 2524 tibi,
1297 2492 1395 2515 saeve
1418 2485 1565 2525 tyranne,

640 2534 818 2577 Imperium
842 2535 964 2576 mundi,
989 2534 1077 2578 quod
1100 2538 1231 2578 captum
1254 2534 1368 2567 fraude
1392 2535 1537 2567 tenebas.

641 2586 711 2618 Neo
733 2587 823 2618 locus
847 2589 896 2618 est
919 2587 1021 2627 eaelo,
1043 2587 1172 2619 tibimet
1194 2597 1323 2629 quoque
1347 2589 1434 2618 terra
1456 2589 1610 2629 negatur:

644 2637 782 2669 Tartara
804 2638 874 2670 sola
896 2641 1030 2680 patent;
1053 2638 1186 2670 intranti
1207 2638 1318 2669 limina
1341 2640 1455 2680 aperta

644 2688 734 2725 Quae
759 2690 898 2730 fuerant,
921 2700 1005 2722 nunc
1029 2690 1138 2721 clausa
1160 2692 1293 2721 manent
1316 2689 1406 2720 exire
1428 2689 1559 2720 volenti.

382 2800 429 2827 141
449 2802 560 2827 hidrum
579 2802 618 2827 A.-
636 2811 653 2834 y
672 2802 700 2827 i‘n
717 2802 815 2836 hydrus
833 2803 951 2836 olympus
970 2806 1098 2836 tyrannus
1112 2785 1266 2835 plerumque
1285 2806 1370 2828 servat
1381 2801 1414 2834 Β,
1433 2801 1522 2827 rarius
1535 2801 1619 2827 ΛΥΚ
