2060 3074
491 1786 515 1804 1⁰

490 2045 514 2064 15

764 163 876 190 VITAE
895 164 922 192 S.
941 164 1109 191 GERMANI
1127 165 1236 192 LIBER
1249 165 1280 192 V.
1772 167 1835 198 489

616 250 810 282 Nectentem
835 250 974 283 modulis
997 251 1082 283 benc
1105 251 1238 284 dissona
1261 253 1406 284 limmata

550 315 576 334 ae
656 302 764 334 vivax
789 313 898 345 penna
921 303 1044 335 bearet.

616 354 668 385 Ah
693 356 726 385 te
749 365 790 386 ne
814 354 968 396 subigant
991 355 1163 387 temeraria
1188 355 1322 388 ludicra.

658 405 746 437 Dum
770 405 922 437 sublimia
946 409 1100 448 temptas.

614 457 667 488 Ah
691 467 731 488 nc
754 457 966 499 praecipitem
990 459 1174 500 penetralia
1196 459 1331 491 fulmina

549 521 575 540 4ο
656 508 763 540 Saeva
786 509 818 540 in
843 508 981 540 Tartara
1004 509 1138 551 pellant,

614 560 752 596 Quando
776 563 867 591 extat
890 561 1025 592 vetitum
1049 561 1146 593 nimis
1169 562 1270 594 ardua
1295 564 1447 605 persequi

656 611 727 644 Nec
751 612 982 644 transcendere
1006 613 1102 644 vires.

614 663 675 695 His
698 666 743 702 tu,
767 663 905 703 Christe,
929 667 1023 706 potes
1047 664 1240 697 medicarier
1264 666 1370 703 unice,

549 727 575 747 44
654 715 748 748 Haec
773 715 907 747 eludere
930 716 1007 748 tela.

614 767 657 799 Et
680 767 733 799 cui
755 777 852 810 posse
876 767 938 799 fuit
961 767 1039 800 dare
1064 768 1143 799 talia
1166 769 1246 805 fieri,

656 818 730 851 Non
753 823 786 850 te
810 829 907 861 posse
930 820 1076 861 negarim

616 871 715 903 Casto
739 871 813 903 vela
837 871 969 913 quidem
993 871 1070 904 dare
1096 872 1266 904 commoda
1289 874 1439 904 carmini:

547 935 572 954 ιε
654 922 725 954 Nec
749 933 827 965 spes
851 922 961 955 deviat
983 934 1132 966 usquam.

725 1228 899 1266 INCIPIT
926 1229 1068 1265 LIBER
1096 1229 1313 1273 QVINTVS.

602 1305 744 1337 Del'esso
767 1305 876 1348 pelagi
898 1305 1036 1347 glaebae
1060 1305 1178 1337 natalis
1202 1305 1234 1336 in
1259 1315 1333 1337 oras
1590 1308 1620 1332 Ut
1642 1307 1841 1333 Armoricanam

559 1357 625 1389 Vix
648 1368 795 1390 remeare
818 1357 939 1396 datum,
964 1368 1036 1389 cum
1059 1358 1206 1400 protinus
1230 1357 1325 1389 obvia
1348 1358 1446 1400 longo
1583 1351 1731 1383 leyaumaem
1774 1360 1841 1376 ²²⁶⁶·

558 1409 723 1441 Proeurrit
745 1413 850 1441 tractu
874 1409 976 1441 tensis
999 1410 1121 1451 legatio
1146 1409 1262 1452 palmis

558 1460 763 1493 Praestolata
786 1461 840 1493 diu
865 1463 1069 1504 repetentem
1093 1462 1199 1504 patria
1223 1464 1380 1493 sanetum.

558 1513 650 1545 Gens
675 1513 761 1546 inter
783 1513 931 1556 geminos
956 1513 1128 1545 notissima
1151 1513 1311 1545 clauditur
1332 1524 1443 1545 amnes

557 1565 773 1598 Armoricana
798 1565 885 1608 prius
911 1565 1014 1597 veteri
1037 1565 1230 1607 cognomine
1254 1564 1351 1603 dicta,

556 1616 664 1649 Torva
689 1617 783 1650 ferox
807 1621 944 1649 ventosa
966 1628 1091 1660 procax
1115 1617 1246 1649 incauta
1269 1617 1401 1649 rebellis

558 1669 752 1701 Iuconstans
775 1669 949 1712 disparque
974 1669 1036 1701 sibi
1060 1669 1211 1701 novitatis
1235 1679 1354 1707 amore,

555 1720 698 1764 Prodiga
721 1721 903 1761 verborum,
928 1721 987 1753 sed
1010 1732 1072 1752 non
1096 1724 1130 1753 et
1152 1720 1289 1763 prodiga
1312 1721 1406 1752 facti:

551 1772 670 1806 Dicere
694 1773 777 1816 plus,
802 1773 920 1805 fecisse
946 1773 1050 1805 minus
1074 1776 1204 1804 taxatur
1227 1773 1410 1804 honestum.

555 1824 702 1867 Regibus
726 1825 810 1857 hanc
834 1825 909 1857 fidei
933 1834 1108 1867 numquam
1134 1835 1283 1857 servasse
1307 1827 1454 1856 tenorem

555 1876 694 1920 Saepius
717 1879 906 1920 expertum:
930 1887 1030 1920 quare
1054 1887 1117 1919 quo
1140 1876 1290 1919 principe
1313 1875 1394 1908 felix
1418 1888 1427 1893 ·

553 1927 644 1960 Tunc
667 1939 796 1971 quoque
819 1929 957 1961 florebat
980 1929 1081 1960 titulis
1107 1928 1294 1971 respublica
1317 1927 1433 1971 priscis
1458 1946 1495 1950 —

553 1979 674 2023 Magna
698 1981 786 2012 salus
810 1981 948 2022 patriae:
974 1991 1092 2012 nomen
1116 1980 1178 2011 fuit
1200 1980 1318 2012 Aetius
1341 1979 1387 2011 illi
1410 1999 1461 2013 —.

551 2032 728 2064 Pertaesus
752 2032 895 2064 tumidae
918 2043 1027 2064 mores
1051 2035 1084 2064 et
1109 2032 1244 2064 crimina
1266 2032 1373 2074 gentis

554 2084 755 2116 Vastandam
780 2084 892 2127 rigidis
916 2084 1047 2116 tandem
1071 2083 1220 2126 permisit
1241 2083 1368 2115 Alanis.

553 2136 627 2168 Rex
652 2140 723 2169 erat
746 2137 796 2168 his
819 2136 949 2168 Eochar
971 2136 1068 2168 belua
1091 2135 1254 2168 crudelior
1275 2135 1373 2167 omni.

553 2188 639 2225 Quid
663 2188 781 2220 caedes
806 2198 983 2221 memorem
1008 2191 1040 2220 et
1063 2187 1194 2220 furialia
1217 2187 1303 2219 facta
1326 2187 1488 2229 tyranniY:

551 2240 718 2284 Expertus
742 2241 806 2272 late
831 2241 905 2272 totis
929 2241 960 2272 in
984 2239 1131 2282 partibus
1156 2239 1254 2271 orbis.

549 2291 637 2334 Ergo
661 2286 835 2335 exoptatae
859 2293 1019 2335 permissa
1043 2291 1174 2324 licentia
1197 2290 1290 2323 caedi

551 2343 690 2386 Instigat
712 2344 842 2376 rabidas
865 2344 972 2386 gentis
995 2344 1027 2375 in
1051 2344 1166 2375 funera
1187 2343 1312 2375 fauces.

1578 1395 1647 1426 perit
1664 1398 1687 1419 et
1704 1394 1839 1426 descriptio

1602 1437 1683 1468 flentis
1701 1437 1819 1462 eittsdem.

292 2506 397 2532 Scholia
420 2521 451 2526 -
475 2507 510 2534 35
533 2508 655 2541 limmata]
678 2509 816 2535 hemitonia
842 2507 901 2542 (cfr.
925 2509 1012 2534 Boetia.
1033 2509 1096 2534 Inue.
1121 2508 1188 2533 Mus.
1212 2507 1249 2533 II
1263 2509 1296 2533 28
1320 2506 1359 2532 ed.
1384 2505 1483 2531 Friedl.
1501 2507 1559 2535 260,
1576 2503 1618 2535 24)
1724 2503 1757 2528 37
1781 2503 1830 2536 Ah]

188 2550 325 2575 metuentis
348 2559 398 2576 vox

456 2550 586 2585 subigunt]
609 2552 719 2577 deiciant
823 2551 854 2578 41
879 2551 999 2585 Quando]
1023 2553 1149 2585 siquidem
1257 2551 1268 2581 Η
1293 2549 1309 2575 4
1332 2549 1486 2574 Prudentius
1511 2547 1650 2578 (Ambrosii
1672 2547 1715 2579 qm·
1738 2547 1832 2572 dicitur

188 2591 294 2618 Distich.
311 2596 337 2624 4,
350 2596 362 2619 1
381 2593 481 2619 Called.
494 2594 597 2619 Pinum.
615 2595 704 2626 V158,
724 2597 772 2628 cfr.
787 2595 895 2621 Hermen
908 2595 1028 2621 Zeiewhr.
1040 2596 1067 2628 s.
1087 2595 1117 2620 cl.
1134 2594 1201 2620 Phil.
1218 2593 1335 2618 XXVII
1344 2591 1413 2624 158):
1433 2590 1600 2616 ‘Prestolatur
1613 2598 1693 2614 ovans
1711 2598 1831 2622 sponsam

188 2634 272 2667 (new,
289 2644 350 2662 oves
367 2645 476 2670 sponsae
495 2637 612 2663 Ambrae.
630 2638 699 2669 edd.)
716 2638 747 2663 de
765 2638 886 2671 gentibus
906 2638 986 2664 Isaac*
1092 2637 1108 2662 5
1126 2635 1223 2669 amnes]
1243 2637 1387 2669 Sequanam
1406 2638 1431 2659 et
1449 2633 1561 2666 Ligerim
1669 2631 1699 2657 10
1717 2632 1830 2665 taxatur]

186 2678 319 2704 estimatur
431 2679 464 2706 16
487 2682 541 2706 Rex
563 2682 705 2707 Alanorum
732 2682 793 2714 suit,
822 2682 863 2707 cui
886 2690 951 2714 gens
974 2681 1142 2706 Armoricana
1163 2680 1223 2705 data
1254 2683 1308 2705 emt
1331 2679 1363 2704 ad
1393 2676 1599 2710 depraedandum
1629 2679 1730 2708 propter
1757 2684 1830 2700 suam

186 2721 346 2747 insolentiam
363 2722 397 2748 ab
415 2723 567 2756 imperatore
674 2723 705 2749 17
725 2723 773 2758 his]
794 2725 882 2750 Alanis

288 2817 322 2843 39
340 2818 449 2844 fulmina
467 2818 601 2859 Beseldus]
621 2819 726 2844 flumina
745 2819 770 2843 1¹

290 2867 391 2896 Pon-rm
408 2877 491 2896 mrim
510 2877 567 2896 Λῑνι
585 2869 708 2896 ΟΑειοιικι
728 2869 775 2901 111,
787 2870 812 2895 2.
1589 2871 1623 2898 62
