2060 3074
245 137 307 166 574

528 335 565 355 225

525 594 563 613 230

525 853 563 873 235

523 1113 562 1132 240

526 1373 565 1393 245

525 1633 564 1652 250

525 1893 563 1913 255

525 2155 564 2174 260

525 2414 563 2434 265

345 2601 396 2626 223
418 2605 552 2634 tempnens
576 2603 610 2633 (et
634 2601 730 2626 similia
752 2601 865 2633 saepius)
884 2600 909 2625 B

901 132 1053 159 MILONIS
1072 131 1249 159 CARMINA.

610 219 723 250 Verba
745 219 846 260 patris
869 221 999 250 sanctus
1022 229 1082 250 eeu
1105 218 1229 261 spicula
1251 218 1360 250 toxica
1381 221 1528 251 temnens

609 270 716 302 Reicit
740 270 890 312 obposito
914 269 990 302 fidei
1013 271 1188 302 munimine
1212 270 1322 302 fretus.

610 322 736 354 Anxius
761 325 794 352 at
817 322 946 364 genitor
969 333 1060 354 casso
1084 322 1252 354 conamine
1276 323 1348 354 fusa

613 374 758 405 Cernens
782 373 893 413 verba,
917 374 1011 405 minis
1034 374 1119 406 hunc
1141 374 1271 406 vincere
1294 374 1413 406 talibus
1435 375 1567 415 instans,

610 425 652 457 Ni
674 427 837 467 coeptum,
862 428 1010 466 testatur,
1035 427 1116 468 opus
1138 426 1350 468 habitumque
1372 426 1533 468 relinquat

610 476 856 519 Mundanosquc
880 477 961 508 citus
983 488 1056 509 sese
1080 480 1248 509 convertat
1270 477 1313 509 ad
1335 481 1435 518 actus,

607 529 678 560 Iam
702 529 824 560 cunctis
848 529 1108 569 1011118,’1“1101’0111
1132 540 1215 572 quae
1238 540 1329 561 more
1353 533 1489 572 paterno

606 580 1014 623 Praebendaffineredem
1038 581 1161 613 faceret
1184 584 1365 614 contemtus
1387 582 1526 614 inanem.

610 632 676 664 Sed
699 643 791 664 sacer
813 633 875 664 ista
898 644 980 675 puer
1002 634 1174 665 verborum
1198 634 1336 666 verbera
1359 644 1514 676 spernens

608 684 765 716 Doctrina
786 685 902 727 plenus
926 685 1024 717 divini
1046 686 1183 717 flaminis
1205 686 1322 728 inquit:

612 736 685 777 ιΝὶΙ,
709 739 813 779 pater,
837 747 909 768 esse
932 738 1011 769 mihi
1033 738 1198 780 proprium
1221 741 1299 778 tam,
1324 748 1408 779 care,
1431 741 1596 770 memento

609 788 713 825 Quam
737 799 863 820 summo
887 790 1008 822 servire
1033 789 1106 831 deo,
1130 790 1207 821 dum
1229 790 1353 830 vixero,
1379 790 1498 832 quique

607 841 688 872 Pars
711 851 786 872 mea
809 851 881 873 eum
907 842 1014 882 fuerit,
1038 853 1114 884 pars
1136 842 1221 874 illius
1245 853 1317 874 esse
1340 842 1500 874 merebor.

609 892 708 924 Sacra
733 894 915 935 euangelici
937 897 1138 926 memoratur
1159 905 1240 926 voce
1263 894 1366 926 libelli

608 944 799 976 Promisisse
825 945 921 977 deum
946 942 1116 988 quaerenti
1138 946 1218 978 talia
1240 946 1355 977 Petro:

609 996 790 1028 “Omnibus
813 996 948 1029 abiectis
971 1008 1030 1029 vos
1054 998 1108 1040 qui
1130 1008 1205 1038 mea
1227 998 1315 1029 iussa
1337 1000 1512 1040 sequentes

611 1047 737 1080 Cuncta
759 1048 953 1081 caducorum
977 1050 1144 1092 sprevistis
1167 1050 1306 1081 culmina
1327 1049 1497 1087 honorum,

608 1099 690 1132 Cum
714 1100 794 1132 deus
817 1101 1009 1133 aethereum
1032 1101 1143 1132 mundi
1167 1101 1226 1133 sub
1249 1101 1313 1133 fine
1337 1101 1478 1133 tribunal

608 1152 738 1184 Sederit
760 1155 794 1184 et
816 1152 947 1195 rapidus
971 1156 1120 1185 cunctum
1143 1153 1339 1185 subverterit
1362 1153 1476 1184 orbem

608 1204 758 1236 Exurens
781 1205 864 1247 ignis
889 1208 992 1237 terras
1015 1208 1216 1248 pontumque
1240 1205 1427 1247 polumque,

609 1256 700 1288 Tunc
722 1267 781 1288 vos
803 1257 941 1300 bissenis
963 1257 1108 1289 residere
1130 1257 1164 1289 in
1186 1257 1318 1289 sedibus
1340 1260 1438 1300 atque

608 1308 731 1340 Iudicio
755 1309 854 1341 faciet
875 1311 965 1341 recto
991 1309 1170 1352 disquirere
1193 1309 1360 1341 mundum.

610 1360 724 1392 Omnis
747 1361 845 1401 enim,
870 1361 1064 1403 quicumque
1086 1371 1161 1393 meo
1186 1361 1363 1393 conductus
1386 1371 1497 1393 amore

607 1413 782 1455 Postponit
803 1413 959 1445 mundum
982 1424 1040 1445 seu
1063 1413 1194 1446 nomina
1218 1423 1292 1445 cara
1314 1416 1495 1456 parentum,

609 1464 838 1507 Oentuplieata
861 1475 981 1507 gerens
1005 1465 1114 1508 capiet
1135 1465 1301 1508 vitamque
1324 1464 1535 1508 perennem'⁷.

607 1516 701 1557 Inde,
725 1516 848 1549 Serene
872 1520 977 1559 pater,
1000 1528 1066 1550 non
1089 1518 1220 1550 auribus
1242 1517 1339 1550 audio
1363 1518 1477 1559 surdis,

608 1569 744 1611 Egregii
765 1572 927 1601 memorat
949 1580 1033 1612 quae
1056 1571 1178 1612 pagina
1200 1573 1311 1602 sancta
1333 1570 1445 1602 libelli.

608 1620 804 1652 Psalmicani
826 1620 955 1652 tibimet
978 1621 1123 1654 breviter
1145 1631 1274 1664 quoque
1299 1621 1385 1654 dicta
1407 1622 1546 1654 citantur

608 1672 680 1714 Illa,
705 1671 820 1714 quibus
842 1672 972 1704 recinit:
997 1672 1166 1705 “dominus
1188 1684 1264 1705 mea
1285 1674 1391 1716 portio
1414 1673 1534 1706 solus'’.

607 1725 681 1757 Lex
703 1724 858 1767 inscripta
880 1725 973 1757 iubet
994 1725 1114 1757 tabulis
1138 1725 1178 1758 de
1201 1736 1282 1769 rupe
1305 1726 1416 1758 recisis

607 1777 741 1809 Levites
764 1777 848 1808 inter
871 1776 987 1808 fratres
1010 1787 1075 1809 non
1098 1778 1215 1810 tollere
1238 1781 1377 1820 partem.

606 1828 713 1869 Unde,
737 1831 841 1871 pater,
866 1839 943 1861 euro
966 1829 1133 1872 proprium
1156 1830 1202 1862 nil
1223 1830 1333 1872 nilque
1356 1830 1486 1873 requiro

608 1881 798 1922 Terrenum,
823 1880 965 1912 candens
988 1892 1027 1913 ac
1050 1881 1173 1914 fulvum
1197 1892 1314 1924 sperno
1337 1883 1519 1914 metallum:

609 1933 809 1975 Terrigenae
833 1935 968 1965 teneant
990 1936 1094 1966 terras
1117 1934 1234 1966 tellure
1257 1934 1398 1966 tenendi.

609 1984 695 2022 Quid
717 1985 796 2016 mihi
821 1995 895 2017 eum
918 1985 1051 2027 mundo,
1074 1986 1213 2028 genitor,
1238 1986 1290 2018 cui
1311 1989 1456 2018 mortuus
1479 1989 1577 2018 exto?

607 2037 706 2069 Alma
729 2036 834 2068 Maria
857 2036 954 2069 deum
977 2038 1122 2070 velatum
1144 2038 1288 2080 tegmine
1313 2038 1416 2070 carnis

608 2088 647 2120 In
670 2089 758 2120 cunis
782 2089 865 2120 texit
888 2089 959 2121 vilis
982 2089 1144 2121 velamine
1167 2090 1284 2132 panni:

607 2141 651 2173 Et
673 2141 773 2173 vestis
795 2141 942 2174 mihimet
965 2142 1053 2174 fulvo
1077 2141 1222 2174 texenda
1244 2142 1378 2174 metallo
1401 2144 1472 2174 est?

607 2193 770 2235 Vulpibus
795 2195 844 2224 est
866 2193 964 2225 fovea
986 2194 1133 2236 caelique
1157 2194 1341 2226 volucribus
1363 2193 1478 2225 umbra

608 2245 659 2276 Ac
683 2245 831 2277 dominus
853 2248 973 2286 noster,
998 2245 1052 2288 qui
1075 2248 1180 2277 totum
1203 2245 1347 2277 condidit
1370 2245 1493 2285 orbem,

607 2297 681 2329 Non
702 2297 804 2328 habet
828 2297 981 2339 exiguum
1005 2300 1137 2339 tectum,
1162 2308 1226 2340 quo
1249 2297 1385 2329 menbra
1407 2298 1558 2329 reclinet:

611 2349 654 2380 Et
677 2349 755 2380 mihi
777 2359 898 2391 magna
921 2348 1036 2380 domus
1060 2349 1149 2381 vario
1173 2348 1339 2392 pingenda
1362 2349 1471 2381 colore
1495 2352 1566 2381 est?

607 2401 757 2443 Namque
780 2401 885 2432 bonus
908 2411 974 2432 non
996 2401 1092 2433 miles
1114 2401 1177 2438 1110,
1191 2404 1250 2441 est,
1275 2401 1330 2443 qui
1351 2401 1420 2433 iure
1444 2401 1615 2433 colendum

608 2453 740 2485 Deserit
763 2463 861 2485 aereo
885 2454 988 2485 solum
1012 2453 1071 2485 sub
1096 2454 1242 2496 tegmine
1266 2463 1379 2495 regem

241 2643 291 2669 247
311 2644 467 2677 perhennem
487 2645 566 2677 (qaod
583 2645 650 2670 idem
664 2645 773 2677 praebet
791 2644 880 2670 celeris
898 2644 960 2669 locis
972 2644 998 2669 B
1015 2648 1039 2670 et
1057 2644 1209 2676 aliquotiens
1228 2644 1263 2676 V)
1277 2643 1303 2668 B
1388 2642 1440 2669 254
1459 2644 1522 2669 lude
1535 2643 1560 2668 A

1005 2599 1057 2626 224
1079 2601 1173 2626 Reiicit
1197 2601 1243 2633 (sic
1266 2609 1365 2633 semper
1382 2600 1418 2631 A)
1439 2600 1497 2625 AV
1552 2601 1670 2634 opposito
1692 2601 1727 2632 (οι
1749 2600 1862 2633 caepim)
1876 2601 1902 2626 B

1647 2643 1700 2669 262
1717 2645 1750 2669 Et
1766 2645 1791 2669 d.
1804 2643 1830 2668 A

344 2729 394 2756 237
428 2728 526 2755 Matth.
559 2729 598 2760 19,
623 2729 664 2756 27.
761 2729 812 2756 247
845 2730 951 2756 vaenc.
982 2729 1036 2755 III
1051 2729 1112 2756 547.
1208 2730 1258 2756 251
1289 2729 1334 2755 Ps.
1363 2729 1421 2760 118,
1444 2729 1486 2756 57.
1578 2729 1630 2756 253
1658 2728 1771 2756 Numer.
1797 2729 1837 2762 18,
1858 2729 1901 2756 20.

241 2783 290 2809 261
310 2781 407 2808 Matth.
425 2782 450 2812 8,
463 2781 504 2807 20.
