2060 3074
466 207 669 235 RHYTHMUS
688 208 735 235 DE
756 209 937 236 LUDOVICO
960 210 991 236 ΙΙ.
1011 210 1167 237 EIUSDEM
1186 211 1423 238 EPITAPHIUM.
1701 215 1763 244 405

379 295 408 327 9.
431 293 513 327 Leto
537 295 645 326 animo
670 294 814 327 habebat
901 296 941 329 de
965 297 1021 329 illo
1045 308 1107 340 que
1131 297 1264 337 fecerat,

474 357 494 378 a
517 346 669 379 demonio
691 350 839 387 vexatur,
928 349 969 380 ad
992 351 1111 381 terram
1135 349 1314 381 ceciderat:

473 399 624 430 exierunt
646 398 748 431 multe
771 402 877 432 turme
965 401 1075 433 videre
1099 401 1268 433 mirabilia.

362 478 411 509 10.
433 475 573 518 Magnus
597 475 748 508 dominus
772 476 866 508 Iesus
891 476 1039 509 Christus
1128 478 1281 510 iudicavit
1305 479 1469 511 iudicium:

472 528 574 559 multa
595 538 676 570 gens
699 538 900 570 paganorum
988 530 1056 562 exit
1079 530 1111 561 in
1136 530 1298 570 Calabria,

470 590 568 623 super
591 579 728 612 Salerno
751 584 971 622 pervenerunt
1058 582 1225 624 possidere
1249 583 1372 615 civitas.

363 660 409 690 11.
435 657 583 690 Iuratum
608 660 659 689 est
681 657 722 689 ad
747 661 859 689 sancte
883 658 934 690 dei
1023 659 1156 701 reliquie

471 710 542 752 ipse
566 719 702 751 regnum
726 709 964 741 defendendum
1052 715 1085 741 et
1108 711 1205 743 alium
1230 711 1404 753 requirere.

923 847 967 878 ΙΙ.
1290 899 1292 902 y

569 1021 648 1058 HIC
677 1022 837 1059 CVBAT
865 1023 1073 1059 AETERNI
1101 1023 1312 1059 HLVDVVI

670 1091 758 1128 CVS
785 1091 975 1129 CAESAR
1003 1092 1212 1129 HONORIS

368 1164 659 1201 AEQVIPERET
684 1165 817 1198 CVIVS
841 1166 992 1199 NVLLA
1015 1167 1188 1199 THALIA
1210 1166 1358 1199 DECVS

330 1215 427 1248 NAM
450 1216 510 1248 NE
534 1216 677 1249 PRIMA
702 1217 804 1250 DIES
826 1218 979 1250 REGNO
1003 1218 1174 1255 SOLIOQ·
1199 1218 1410 1250 VACARET

373 1267 598 1300 HESPERIE
623 1269 791 1301 GENITO
817 1269 1020 1302 SCEPTRA
1042 1269 1256 1307 RELIQVIT
1280 1270 1400 1302 AVVS

281 1333 292 1351 a
330 1319 458 1356 QVAM
482 1319 551 1352 SIC
575 1320 786 1352 PACIFICO
810 1321 878 1353 SIC
902 1321 1036 1354 FORTI
1061 1321 1264 1353 PECTORE
1290 1321 1427 1353 REXIT

369 1371 428 1402 VT
451 1371 639 1403 PVERVM
663 1372 889 1404 BREVITAS
914 1373 1141 1405 VINCERET
1164 1373 1284 1405 ACTA
1309 1373 1458 1405 SENEM

328 1422 554 1455 INGENIVM
577 1424 783 1456 MIRERNE
807 1424 949 1456 FIDEM
974 1424 1210 1456 CVLTVSVE
1235 1425 1478 1458 SACRORVM

369 1474 544 1507 AMBIGO
568 1475 781 1508 VIRTVTIS
804 1476 866 1508 AN
888 1476 1094 1508 PIETATIS
1119 1476 1232 1508 OPVS

326 1526 436 1558 HINC
460 1527 538 1559 VBI
560 1527 704 1559 FIRMA
728 1527 874 1560 VIRVM
898 1528 1055 1560 MVNDO
1080 1528 1387 1560 PRODVXERAT
1411 1528 1557 1560 AETAS

268 1591 292 1609 ιο
372 1577 551 1610 IMPERII
573 1579 732 1611 NOMEN
757 1579 954 1612 SVBDITA
977 1579 1105 1611 ROMA
1129 1580 1268 1612 DEDIT

325 1629 384 1661 ET
409 1629 749 1663 SARACENORVM
774 1631 979 1663 CREBRAS
1003 1628 1232 1664 PERPESSA
1257 1631 1458 1663 SECVRES

369 1681 538 1714 LIBERA
563 1682 891 1719 TRANQVILLAM
915 1683 1056 1715 VEXIT
1080 1683 1139 1714 VT
1163 1683 1282 1715 ANTE
1307 1683 1463 1715 TOGAM

326 1732 505 1766 CAESAR
527 1734 648 1766 ERAT
672 1734 819 1767 CAELO
844 1735 1047 1767 POPVLVS
1071 1735 1163 1766 NON
1188 1735 1392 1767 CAESARE
1416 1735 1584 1767 DIGNVS

369 1784 670 1818 COMPOSVERE
696 1786 834 1819 BREVI
860 1787 1059 1819 STAMINA
1083 1787 1202 1818 FATA
1226 1787 1330 1819 DIES

266 1849 291 1868 ιθ
328 1836 450 1869 NVNC
476 1838 649 1870 OBITVM
675 1838 822 1870 LVGES
847 1838 1031 1870 INFELIX
1054 1838 1181 1870 ROMA
1205 1838 1453 1871 PATRONVM

369 1889 495 1922 OMNE
521 1890 658 1922 SIMVL
681 1890 855 1922 LATIVM
881 1890 1048 1922 GALLIA
1073 1890 1191 1922 TOTA
1215 1890 1388 1922 DEHINC
1575 1926 1582 1934 ·

330 1940 524 1974 PARCITE
549 1941 632 1974 IAM
656 1942 793 1974 VIVVS
818 1942 991 1974 MERVIT
1014 1941 1138 1974 HAEC
1163 1941 1367 1973 PRAEMIA
1392 1941 1575 1973 GAVDET

371 1993 575 2026 SPIRITVS
598 1993 644 2025 IN
670 1994 830 2026 CAELIS
855 1993 1076 2025 CORPORIS
1100 1992 1252 2024 EXTAT
1275 1992 1427 2025 HONOS

225 2103 264 2136 10,
277 2104 294 2130 2
319 2114 354 2131 απ
372 2105 588 2139 ‘Agarenorurm⁹
693 2107 760 2139 ll,1
786 2116 822 2132 an
844 2104 1021 2139 *(martirum)
1045 2105 1173 2139 reliquie!
1243 2106 1282 2137 11,
1295 2105 1312 2130 2
1333 2110 1358 2131 et
1380 2104 1470 2138 alium]
1495 2114 1531 2130 an
1554 2104 1595 2130 *et
1619 2106 1663 2131 tali
1665 2115 1739 2132 ooooo
1749 2107 1761 2131 3

123 2145 175 2180 [u]
202 2146 367 2181 Epiwpthm
389 2149 468 2181 (nolis
491 2150 552 2182 om.)
574 2150 600 2175 P
619 2150 673 2176 eine
698 2151 752 2175 ullo
774 2150 845 2175 titulo
869 2149 925 2174 Alc.
1032 2148 1043 2173 1
1070 2149 1214 2174 IIludvicus
1238 2149 1295 2174 Alc.
1406 2148 1422 2173 2
1445 2149 1600 2181 Aequipnret
1623 2149 1648 2173 P
1667 2150 1761 2182 Aequi-

122 2194 193 2224 pent
211 2189 268 2216 Ale.
365 2191 382 2217 Β
401 2193 521 2218 ΝΑΜΝΕ
534 2193 608 2242 'inpie
698 2192 714 2218 4
733 2193 870 2226 Hesperiae
890 2192 946 2217 Alc.
1036 2191 1052 2216 fl
1071 2184 1157 2217 SENE
1174 2191 1242 2223 lapis
1332 2190 1347 2216 'I
1366 2191 1474 2217 mireme
1492 2191 1517 2216 P
1605 2192 1621 2216 8
1639 2192 1720 2225 hopus
1739 2191 1764 2216 Ρ

122 2249 139 2275 9
163 2251 241 2277 Hune
265 2250 322 2277 Alc.
399 2245 481 2278 VIRV
499 2247 554 2279 Μ)
577 2253 644 2286 lapis
767 2253 796 2278 11
821 2253 923 2278 crebras
942 2261 989 2278 om.
1012 2251 1036 2276 P
1103 2259 1205 2276 secures
1227 2259 1267 2276 ne.
1290 2259 1330 2276 ne.
1349 2251 1375 2276 P
1494 2250 1526 2276 12
1549 2252 1719 2284 tramquillam
1735 2252 1764 2291 f

123 2292 156 2318 14
177 2294 286 2320 stamine
309 2303 322 2320 c
345 2294 491 2321 confectura
512 2298 573 2327 fort.
596 2301 666 2322 recta
690 2293 747 2322 Ace.
809 2297 850 2321 die
868 2304 880 2321 e
899 2296 1043 2321 coniectura
1065 2298 1130 2319 certe
1151 2295 1224 2326 fal-m
1249 2294 1273 2319 P
1376 2293 1407 2319 15
1429 2294 1500 2319 luces
1518 2294 1544 2319 P
1602 2296 1762 2321 PATRONV

122 2336 190 2368 lapi·
292 2336 324 2363 17
347 2339 444 2364 Partim
468 2339 492 2364 P
555 2348 612 2365 nam
632 2338 712 2365 PAle.
820 2338 852 2364 18
875 2339 968 2364 excitat
991 2346 1054 2363 onos
1075 2337 1099 2362 P
1158 2337 1242 2362 OLIM
1263 2337 1298 2361 IN
1321 2337 1529 2362 PRESBYTERI
1551 2338 1697 2363 PARIETE
1715 2339 1762 2363 Al)

123 2380 232 2406 LATVS
249 2381 394 2407 ALTARIS
413 2382 482 2407 aliua
500 2382 614 2414 lapicida
632 2382 779 2414 mbae-ripen

226 2465 265 2496 10.
278 2466 294 2492 2
311 2465 362 2499 cfr.
382 2465 568 2494 Muaehwacher
589 2467 606 2493 l.
625 2475 646 2493 c.
752 2467 819 2497 11,1
841 2465 979 2492 Himmar.
1006 2465 1099 2491 ιιηηαῐ.
1125 2463 1160 2490 ad
1178 2473 1203 2490 α.
1221 2464 1270 2491 871
1295 2464 1344 2497 (etl.
1371 2464 1456 2490 Waitz
1474 2472 1537 2498 pay.
1558 2464 1632 2496 118):
1658 2464 1761 2492 iuravit

123 2517 216 2544 antem
229 2537 235 2543 .
249 2537 256 2543 .
270 2537 276 2543 .
294 2517 361 2551 quia
383 2526 535 2552 numquam
560 2518 604 2546 vel
627 2527 763 2552 nusquam
788 2527 838 2552 pro
861 2517 958 2544 eadem
982 2525 1065 2543 causa
1090 2516 1175 2543 ullam
1199 2515 1351 2542 vindictam
1374 2515 1534 2550 &talionem
1553 2515 1687 2550 Rlvythm.)
1712 2517 1762 2542 aut

123 2575 173 2602 per
189 2577 218 2595 se
235 2570 286 2595 aut
304 2577 354 2603 per
371 2578 572 2604 quemeumque
591 2570 625 2596 de
644 2570 706 2604 ipsa.
725 2578 808 2596 causa
826 2578 892 2604 erga.
915 2577 944 2595 se
967 2569 1129 2602 perpetrata
1151 2566 1303 2600 requireret
1328 2569 1356 2594 et
1379 2576 1529 2601 numquam
1553 2575 1615 2594 eum
1633 2567 1713 2594 hoste
1732 2567 1760 2593 in

123 2618 348 2647 Beneventanum
367 2622 470 2648 terram
488 2621 606 2649 intraret
625 2621 708 2656 (ipse,
730 2621 746 2648 i.
765 2629 785 2647 c.
805 2621 874 2655 ipsi,
898 2629 1012 2654 regnum
1031 2619 1234 2646 defendendum
1253 2619 1396 2653 mamhra).
1502 2619 1556 2654 [IL]
1583 2618 1762 2652 Epitaphium

120 2674 180 2704 posi
197 2681 222 2699 a.
241 2671 267 2698 d.
290 2672 374 2699 XIX.
395 2672 457 2699 Kal.
479 2672 548 2705 Sept.
567 2672 619 2699 875
637 2672 804 2706 compositum
823 2674 867 2697 esi.
971 2672 987 2697 9
1007 2671 1182 2697 Bur-mmmm
1201 2673 1335 2703 emnparat
1355 2671 1413 2698 Ecl.
1435 2671 1539 2703 11337.
