2092 3094
797 195 846 224 An
865 194 1043 224 mecum
1062 195 1220 225 cALthM.
1584 176 1589 181 ἃ
1769 201 1824 232 251

547 284 592 316 Ut
614 284 722 316 valeat
742 285 854 326 vigeat
876 284 965 316 vivat
987 295 1047 327 per
1070 285 1205 316 saecula
1227 285 1328 323 felix,

464 343 491 361 ⁴⁰
594 335 715 367 Utatur
736 346 818 378 pace
840 336 1059 378 prosperitate
1083 336 1206 375 fruens,

545 386 697 428 Regnum
721 388 841 419 habeat
863 391 975 420 teneat
997 388 1115 420 dilatet
1137 389 1251 420 fulciat
1274 392 1375 429 ornet,

592 438 704 470 Addat
726 439 756 470 ei
778 439 850 470 iura
873 439 955 481 legis
978 439 1020 471 ab
1045 450 1120 471 arce
1143 440 1208 482 pia,

546 490 686 532 Insuper
708 490 759 521 his
782 490 903 522 habitis
926 491 1097 533 praeclare
1120 492 1152 522 in
1176 494 1322 534 tempore
1346 493 1460 523 mortis
1480 491 1483 494 ’

592 542 791 584 Perpetuam
814 542 960 584 requiem
986 542 1038 574 hic
1062 546 1237 576 mereatur.
1284 543 1401 575 Amen.

986 677 1028 699 XI.

543 723 638 755 Haec
661 722 759 754 etiam
781 722 910 764 pictura
933 722 1082 760 recludit,
1108 723 1248 764 qualiter
1270 723 1368 755 heros

591 774 696 806 Offert
717 774 877 806 vivianus
901 785 973 806 cum
997 785 1097 816 grege
1121 785 1206 806 nunc
1230 775 1290 806 hoc
1315 786 1406 818 opus,

544 827 631 859 Ante
653 826 708 857 ubi
730 829 804 868 post
826 829 953 868 patrem
977 826 1086 868 primi:
1110 826 1317 858 Tesmundus
1342 827 1510 867 amandus,

592 877 766 920 Sigvaldus
789 878 904 917 iustus,
928 878 1051 920 primus
1075 877 1270 920 Aregarius:

475 938 486 956 ⁵
544 930 625 967 Quis
647 930 751 961 tribus
775 933 826 961 est
848 929 1004 972 probitas,
1027 929 1134 972 pietas
1157 941 1335 972 verumque
1358 930 1514 972 fidesque,

591 981 713 1014 Cetera
734 981 874 1013 honesta
897 991 1024 1023 quoque
1049 982 1237 1013 consociata
1261 983 1373 1019 simul;

543 1033 687 1070 Quartus
710 1033 761 1064 his
784 1033 912 1064 iunctus
936 1033 1059 1072 haeret,
1084 1034 1288 1065 sanctissime
1311 1034 1429 1071 David,

593 1084 658 1121 Qui
680 1087 713 1116 te
738 1085 769 1116 vi
793 1087 863 1116 tota
886 1084 1004 1116 mentis
1028 1095 1138 1116 amore
1163 1085 1251 1118 colit.

542 1137 586 1169 Hi
610 1137 702 1180 proni
725 1136 853 1168 tibimet
875 1136 1004 1167 domino
1027 1136 1068 1168 de
1091 1140 1184 1178 parte
1208 1137 1297 1169 beati

461 1197 486 1215 ¹⁰
590 1188 722 1220 Martini
745 1199 782 1220 ac
806 1188 942 1220 fratrum
967 1199 1044 1220 ecce
1067 1188 1184 1220 librum
1208 1189 1366 1221 tribuunt.

543 1240 644 1272 Cuius
667 1240 790 1272 honore
813 1243 942 1282 rogant:
968 1240 1098 1282 placeat
1121 1240 1273 1272 laudetur
1296 1244 1425 1272 ametur

591 1291 761 1323 Scrutetur
781 1291 886 1333 prosit
908 1291 1086 1322 auxilietur
1108 1291 1186 1323 alat.

542 1343 580 1375 In
604 1354 668 1386 quo
690 1343 737 1375 nil
760 1342 849 1374 aliud
872 1353 969 1385 quam
991 1342 1125 1374 fratrum
1150 1343 1220 1374 sola
1242 1343 1393 1375 voluntas

588 1395 651 1434 Ex,
675 1398 732 1427 tua
754 1405 846 1437 quas,
870 1394 966 1434 villis,
990 1394 1092 1426 iussio
1116 1394 1312 1427 reddiderat.

461 1454 484 1473 ¹⁵
542 1446 666 1479 Reddis
691 1457 758 1486 eas,
782 1445 913 1485 Caesar,
937 1445 1069 1477 Martini
1093 1457 1151 1488 pro
1174 1449 1342 1486 veneratu,

587 1493 708 1529 Domni
732 1507 791 1529 ceu
814 1497 968 1540 precibus
991 1507 1122 1540 semper
1145 1497 1340 1530 amabilibus

539 1549 695 1592 Perpetui
718 1559 780 1581 nec
802 1559 868 1580 non
891 1548 1012 1580 Briccii
1035 1549 1193 1580 tutamine
1219 1549 1323 1581 sancti

587 1601 715 1643 Proque
739 1601 812 1632 aliis
834 1600 978 1642 reliquis,
1001 1611 1019 1631 ο
1042 1600 1206 1643 paradise,
1229 1601 1305 1639 tuis,

538 1653 642 1685 Immo
665 1652 770 1694 magis
793 1662 851 1695 pro
874 1654 918 1691 te,
942 1652 1019 1684 Iesu
1043 1652 1188 1688 salvator
1210 1655 1328 1692 amate,

458 1711 484 1730 ²⁰
588 1704 641 1736 Sis
663 1707 700 1736 ut
723 1703 755 1736 ei
778 1703 846 1735 vita
868 1703 1010 1745 denique
1033 1706 1203 1746 perpetua,

539 1755 604 1787 Pro
628 1755 758 1787 famulis
781 1755 874 1787 uobis
897 1755 997 1787 etiam
1021 1755 1204 1787 oratoribus
1228 1755 1325 1797 aptis,

585 1806 676 1844 Quos
699 1807 769 1838 sitis
791 1807 960 1846 obruerat,
984 1806 1086 1848 frigus
1111 1809 1144 1838 et
1166 1810 1238 1838 atra
1260 1807 1364 1838 fames

539 1858 568 1890 Ο
588 1869 663 1898 rex,
686 1868 705 1890 o
729 1857 926 1897 reverende,
950 1858 1007 1890 fiet
1029 1858 1198 1890 renovatio
1220 1858 1288 1890 fixa

586 1910 618 1942 A
639 1909 794 1942 mercede
818 1909 895 1942 data
917 1910 986 1942 sive
1010 1910 1115 1942 salute
1139 1913 1206 1941 tua.

459 1969 484 1989 ²⁵
541 1962 737 1995 Praevaleat
759 1962 871 2004 regale
895 1961 994 1994 decus
1017 1964 1215 2004 superetque
1238 1964 1386 2004 potestas

585 2014 714 2056 Regum
737 2013 778 2046 de
802 2024 912 2052 more,
935 2013 989 2056 qui
1013 2013 1143 2045 coluere
1166 2013 1298 2044 bonum.

537 2066 755 2109 Praeceptum
777 2066 952 2108 genitoris,
976 2066 1046 2103 avi,
1070 2065 1182 2108 proavi
1205 2064 1386 2097 renovasti:

585 2117 659 2149 Hoc
682 2120 761 2158 stet,
784 2117 846 2149 hoc
868 2120 1012 2157 maneat,
1037 2117 1099 2149 hoc
1122 2127 1182 2149 nec
1205 2117 1296 2149 obire
1321 2119 1430 2159 queat.

537 2168 633 2206 Quod
656 2172 714 2202 tua
735 2172 849 2202 sancta
871 2179 986 2201 manus
1010 2179 1116 2212 nuper
1138 2168 1278 2200 firmavit
1299 2168 1436 2200 honeste

456 2228 482 2248 ³⁰
586 2221 759 2264 Praecepti
782 2221 882 2261 serie,
905 2231 1038 2263 prorsus
1063 2223 1116 2252 eat
1139 2220 1267 2252 stabile.

539 2272 625 2310 Quid
647 2273 769 2305 facient
791 2273 861 2312 alii,
884 2273 971 2315 regis
994 2272 1130 2304 mutatio
1154 2272 1235 2304 tanti

586 2325 625 2357 In
646 2325 733 2356 facto
755 2324 817 2356 hoc
839 2324 938 2356 fuerit
962 2324 989 2355 si
1012 2324 1107 2356 hoste
1131 2324 1260 2366 vigente
1284 2323 1392 2355 malo?

539 2375 556 2407 1
578 2376 691 2418 procul
713 2378 812 2418 atque
836 2375 960 2417 procul,
985 2374 1103 2414 scelus,
1127 2374 1189 2406 hoc
1213 2373 1345 2406 crudele
1367 2384 1426 2416 per
1448 2383 1562 2405 omne:

585 2426 637 2458 Tu
659 2437 770 2470 prope,
794 2426 928 2466 iustitia,
951 2426 1062 2463 vince,
1085 2426 1201 2458 nociva
1223 2425 1311 2467 fuga.

456 2486 481 2504 ³⁵
538 2478 629 2516 Quas
651 2477 766 2510 laudes
789 2478 864 2517 tibi,
894 2487 975 2520 quas
998 2481 1124 2519 grates,
1153 2487 1236 2519 quae
1260 2476 1418 2516 carmina,
1448 2476 1565 2517 David,

585 2530 679 2568 Quod
702 2541 761 2572 par
783 2530 877 2562 dulce
900 2529 1002 2561 melos
1025 2539 1105 2569 vox,
1129 2529 1203 2569 lira,
1228 2528 1326 2561 corda
1348 2531 1480 2560 canet?:

280 2660 336 2695 [ιι]
348 2662 375 2695 s.
392 2660 453 2687 422¹

276 2745 312 2772 39
322 2753 360 2780 sq.
374 2745 448 2780 Hiqn'l.
458 2753 484 2780 p.
498 2745 593 2772 Karol.
606 2745 648 2780 IL
661 2746 721 2778 671,
733 2746 750 2772 8
761 2753 808 2780 sq..
904 2744 960 2779 [xa]
973 2744 991 2771 4
1003 2743 1149 2778 Aroyarius
1161 2743 1230 2770 anni
1242 2743 1293 2770 845
1302 2743 1440 2777 diplomati
1449 2751 1493 2777 ap.
1503 2742 1598 2769 Mabil.
1608 2743 1701 2769 amnaz.
1713 2742 1780 2769 Ben.
1791 2743 1831 2769 II

173 2803 236 2829 app.
247 2795 355 2823 LXVI
362 2797 455 2824 custos
473 2798 503 2824 et
519 2797 665 2832 presbyter
681 2797 824 2824 mna-steri
840 2796 950 2823 maim-is
966 2796 1129 2822 Turonensis
1145 2795 1303 2829 subm-ipsit.
1383 2795 1398 2821 7
1411 2794 1466 2821 Hic
1477 2795 1593 2828 quartus
1611 2796 1647 2820 est
1658 2801 1734 2827 quem
1745 2794 1825 2820 biblia

172 2848 345 2882 vomuisse
361 2849 416 2876 veri
432 2849 560 2876 nim-'uim
575 2849 671 2876 conicit
689 2848 835 2876 Manitiue.
907 2849 939 2875 14
963 2847 1017 2881 (Σίν.
1031 2847 1160 2874 Boehmer
1176 2855 1229 2882 req.
1244 2847 1310 2874 1607
1328 2846 1365 2873 ad
1375 2854 1441 2873 ann.
1454 2845 1513 2872 849.
1583 2845 1617 2871 15
1631 2844 1704 2879 Siqa.
1717 2845 1733 2872 l.
1746 2853 1767 2872 c.
1783 2845 1824 2873 12.

513 2907 518 2912 ,
1568 2892 1624 2918 32*
