2040 2996
252 78 308 107 176
811 76 955 103 SEDULII
973 76 1102 103 SCO'PTI
1121 76 1289 103 CARMINA
1308 76 1342 102 11.

613 162 678 194 Pro
702 163 831 194 domino
855 163 995 205 primum
1018 162 1183 194 Romanas
1207 163 1317 194 visitat
1339 173 1444 202 arces,

522 220 558 238 ¹⁴⁰
662 214 805 246 Rursum
829 225 887 257 pro
911 215 1025 256 populi
1049 225 1130 256 pace
1155 215 1261 246 salute
1285 214 1384 246 redit:

615 265 773 297 Ambulat
796 277 874 308 ergo
900 269 1014 308 quater
1037 267 1166 308 gemino
1190 276 1367 298 succensus
1392 277 1521 303 amore;

661 317 782 360 Aspice
807 319 954 349 senarius
979 318 1030 349 hic
1053 318 1151 349 micat
1174 321 1210 349 ut
1233 328 1399 355 numerus,

613 369 755 411 Insignis
779 369 857 401 facti
881 370 935 411 qui
959 370 1052 401 testis
1077 380 1207 412 semper
1231 369 1386 402 habetur:

660 421 832 453 Perfectus
857 424 966 463 pastor
987 421 1131 463 gaudeat
1154 421 1216 453 hoc
1240 432 1388 453 numero.

522 479 558 498 14ῑΙ
613 473 715 504 Cuius
739 472 952 504 honorificum
977 476 1112 515 septeno
1137 477 1317 516 grammate
1342 485 1461 506 nomen

660 524 825 556 Promittit
850 524 993 557 solimae
1019 525 1156 557 sabbata
1180 526 1378 568 stelligerae.

870 580 1176 614 HARTGARIVS.

614 628 685 660 Nec
708 639 773 659 non
798 631 831 660 et
853 638 1009 660 numerus
1034 629 1163 671 septeni
1186 630 1376 671 grammatis
1399 630 1505 672 ipsum

660 679 829 711 Laudibus
854 680 983 712 eximiis
1006 680 1070 712 fert
1094 691 1194 723 super
1216 685 1304 712 astra
1329 682 1448 713 virum:

613 732 696 763 Nam
721 735 854 763 centum
877 731 986 764 decies
1009 732 1187 772 lucescunt,
1212 733 1261 764 bis
1286 744 1415 776 quoque
1440 736 1569 776 septem

523 792 559 809 150
663 783 702 815 In
726 784 788 815 hoc
810 784 950 826 pastoris
974 784 1105 815 nomine
1129 785 1276 826 glorifici.

614 836 699 868 Nam
722 836 806 878 legis
830 835 952 868 domini
976 839 1116 868 centena
1138 847 1246 868 merce
1269 837 1406 876 fruetur,

661 888 807 929 Duplata
830 888 943 930 requie
969 888 1114 930 corporis
1138 891 1172 920 et
1195 889 1338 930 spiritus.

615 940 824 982 Graiugenae
848 939 964 971 Musae
989 950 1107 971 nomen
1130 940 1192 972 hoc
1217 951 1290 972 esse
1315 940 1491 982 Pelasgum

660 991 848 1031 Testantur,
872 995 1001 1034 patrem
1024 991 1364 1034 ¹·APTFAP10Nque
1390 996 1516 1025 sonant.

522 1052 557 1069 15¹⁵
611 1044 655 1082 Is,
679 1044 755 1085 quia
777 1043 967 1086 praevalida
991 1045 1122 1086 sapiens
1148 1044 1266 1075 virtute
1291 1048 1451 1084 coruscat⁷

662 1096 869 1137 Gondignum
893 1096 1018 1127 meritis
1042 1096 1152 1127 nobile
1177 1106 1296 1127 nomen
1319 1096 1427 1128 habet.

614 1148 730 1189 Diligit
753 1148 823 1189 ipse
847 1151 948 1186 tuam,
973 1148 1120 1190 quamvis
1145 1148 1186 1179 sit
1209 1147 1312 1187 furva,
1337 1147 1532 1180 Camenam:

661 1199 749 1241 Ergo
773 1199 827 1241 pio
851 1199 937 1241 patri
959 1199 1069 1230 fistola
1092 1202 1202 1231 vestra
1226 1202 1330 1231 sonet.

614 1251 806 1293 Florigerae
831 1252 960 1294 palmae
985 1252 1167 1294 palmarum
1192 1251 1329 1283 sternite
1352 1262 1470 1291 ramos,

523 1311 560 1328 1⁶0
665 1303 798 1345 Organa
823 1306 931 1335 vestra
954 1306 1071 1335 sonent
1093 1302 1264 1335 frondibus
1288 1313 1330 1334 cx
1354 1303 1482 1336 salicis.⁷

1044 1443 1108 1464 vm.

545 1489 660 1521 IDEM
685 1488 747 1520 AD
772 1488 966 1520 EUNDEM
990 1487 1320 1520 VENERABILEM
1343 1488 1609 1521 EPISCOPUM.

722 1550 814 1581 Sicut
838 1552 970 1591 optatus
995 1550 1124 1591 genitor
1146 1549 1272 1591 piisque

719 1602 863 1633 Advenit
886 1602 995 1644 gnatis
1020 1601 1212 1644 patriaeque
1237 1612 1386 1643 magnae,

721 1654 775 1686 Sic
798 1653 901 1685 refers
926 1653 1063 1693 cunctis,
1086 1655 1180 1695 pater
1203 1653 1299 1693 alme,
1323 1656 1432 1685 tecum

872 1705 1002 1737 Gaudia
1025 1706 1123 1737 lacta.

656 1793 667 1810 5
722 1785 867 1825 Postque
890 1783 1095 1826 praeclarum
1120 1782 1251 1815 rediens
1268 1783 1449 1825 'tropheum

719 1836 825 1868 Hoste
849 1838 1012 1878 prostrato
1036 1835 1169 1878 pietatis
1193 1835 1291 1867 armis

719 1888 836 1919 Victor
859 1887 1013 1919 exultans
1037 1887 1186 1918 manibus
1209 1887 1338 1919 decoris

830 1958 834 1962 ·
870 1939 1026 1971 Prendito
1050 1940 1204 1982 palmam.

719 2019 766 2050 Te
791 2018 886 2050 decet
908 2019 1007 2050 talem
1030 2018 1190 2050 meruisse
1215 2018 1337 2058 florem,

638 2078 663 2096 1⁰
722 2070 750 2102 Ο
775 2070 875 2102 decus
899 2070 978 2102 belli
1003 2070 1126 2102 meritis
1150 2080 1332 2109 coruscum,

718 2122 822 2154 Arma
845 2123 899 2164 qui
921 2122 1030 2154 vibras
1054 2133 1153 2164 super
1176 2125 1266 2154 astra
1289 2125 1376 2161 nota,

871 2174 988 2206 Inclite
1012 2173 1154 2216 praesul.

719 2252 870 2294 Protegis
895 2254 986 2284 scuto
1009 2251 1087 2283 fidei
1110 2254 1248 2294 tuosque

720 2304 829 2335 Macte
854 2304 955 2335 lorica
978 2304 1140 2346 galeaque
1166 2303 1296 2343 Christi,

641 2364 665 2382 15
719 2355 831 2387 Aureo
855 2355 983 2397 fulgens
1006 2355 1115 2397 gladio
1140 2356 1255 2390 salutis

872 2407 1018 2439 Proteris
1042 2407 1165 2439 hostes.

357 2521 405 2546 145
427 2525 543 2554 gramate
558 2521 580 2546 O
667 2519 739 2552 *post
762 2518 811 2544 146
836 2519 1057 2545 HARTGARWS
1072 2518 1094 2544 Ο
1183 2517 1232 2543 147
1256 2527 1302 2544 nos
1316 2518 1338 2543 (J
1357 2527 1424 2543 corr.
1444 2518 1593 2543 Duemmler
1675 2523 1736 2552 pose
1758 2517 1810 2544 150
1831 2519 1909 2543 unius

252 2575 338 2591 versus
357 2566 517 2590 interstitium
536 2565 563 2589 in
578 2565 600 2589 C
680 2563 730 2588 154
742 2564 946 2596 haptrapionque
962 2563 984 2589 C
993 2572 1060 2588 corr.
1073 2562 1220 2587 Betlt‘mmm

252 2607 283 2634 14
303 2610 403 2634 Mactae
418 2609 440 2634 G
527 2607 558 2633 15
576 2606 694 2632 *Aureus
708 2607 730 2632 0

1337 2560 1413 2594 [vnn]
1426 2561 1466 2586 ecl.
1482 2561 1574 2586 Grosse
1581 2570 1610 2594 p.
1623 2560 1641 2586 4
1724 2561 1737 2586 1
1751 2560 1876 2595 *piusque
1889 2561 1912 2587 0

356 2676 404 2702 142
423 2677 524 2709 quater
542 2675 574 2708 -μ
593 2675 706 2709 gemino
726 2687 758 2697 =
777 2675 911 2702 senarius.
996 2675 1045 2701 149
1057 2673 1082 2699 α’
1092 2674 1131 2707 (1)
1150 2673 1182 2706 4-
1196 2673 1220 2708 ρ’
1232 2673 1307 2707 (100)
1320 2672 1354 2706 -ι-
1366 2672 1522 2706 1‘(3oo)÷
1534 2682 1554 2706 y
1565 2673 1603 2706 (3)
1617 2672 1650 2704 ψ
1663 2672 1679 2698 ι’
1692 2673 1747 2705 (ιο)
1760 2673 1793 2705 ÷
1807 2682 1822 2698 υ
1833 2673 1908 2706 (40⁰)

250 2728 283 2761 -1-
301 2736 314 2754 c
334 2728 406 2761 (200)
426 2739 457 2749 =
477 2731 554 2759 1014,·
577 2727 663 2754 maisit
680 2727 763 2761 iyitur
780 2727 805 2760 h,
823 2727 900 2753 semel
916 2725 1071 2761 conputavit
1089 2734 1107 2751 a
1124 2727 1147 2751 ct
1164 2733 1186 2752 r.

1309 2724 1382 2759 [vnn]
1403 2724 1436 2750 13
1453 2733 1506 2758 sqq.
1527 2724 1619 2752 Sedul.
1632 2725 1654 2752 Ι
1669 2730 1739 2750 xm!
1754 2725 1788 2752 36
1805 2732 1860 2759 sqq.
