2060 3074
215 153 276 182 454
874 142 1008 168 HElRlOE
1028 141 1203 167 CARMINA.

515 244 540 262 :30
619 230 653 261 Si
677 241 757 271 quos
782 232 953 271 praeterea
976 239 1032 270 pro
1056 239 1090 258 se
1114 227 1254 258 fortasse
1278 230 1407 268 pararat
1645 234 1719 266 Quod
1737 234 1768 257 al,
1786 233 1825 258 hix

579 282 739 313 Patronos
764 282 884 317 obices,
911 290 1017 311 rerum
1042 290 1117 310 mox
1142 278 1272 309 cardine
1298 288 1391 308 verso
1604 277 1753 308 eciam.q¹1⁰
1768 285 1820 308 pro
1835 285 1859 300 ⁸⁹

580 334 691 366 Sensit
716 334 746 364 in
772 333 925 364 adversas
950 332 1090 363 animum
1115 331 1277 372 deponere
1302 334 1426 372 partes:
1603 324 1760 352 7⁷“⁷'‘¹⁷'⁶⁷“‘¹'’
1807 319 1860 343 rin-

581 386 756 428 Expertus,
781 395 844 426 qua
867 385 950 416 velle
975 383 1027 414 dei
1051 386 1111 419 est,
1135 383 1198 413 huc
1222 385 1330 413 cetera
1353 382 1449 412 flecti.

624 437 778 479 Sumptus
796 437 910 473 honos,
927 447 990 467 non
1011 438 1124 477 sponte
1142 435 1229 471 licet,
1246 434 1415 476 factusque
1434 433 1601 464 sacerdos:
1632 438 1706 472 Quod
1724 444 1837 471 »nampio

515 503 539 521 35
579 489 612 520 Si
637 489 712 531 quid
737 492 807 520 erat
830 489 964 523 luteum,
989 486 1131 530 prudens
1155 486 1314 517 convertit
1336 486 1367 516 in
1392 496 1515 523 aurum,
1606 483 1748 507 sacerdotio
1778 487 1859 508 muta-

581 543 830 583 Augmentoque
856 540 974 582 gradus
1000 540 1151 571 virtutum
1177 538 1268 580 copia
1292 538 1396 570 fluxit.
1617 530 1660 550 ²¹¹⁷
1679 535 1709 550 ‘⁰'
1727 527 1849 551 omnibus.

581 594 736 625 Labentis
760 594 923 624 lincuntur
947 602 1024 634 opes
1049 595 1081 623 et
1104 591 1214 622 munia
1237 591 1327 632 regni

581 647 752 687 Lucraque
777 656 849 676 cum
874 644 1000 687 pompis
1025 647 1068 683 et,
1092 642 1246 685 quicquid
1270 642 1379 678 labile,
1403 642 1529 684 lapsum

580 698 805 740 Lapsurumve
829 700 934 739 putes.
959 706 1051 728 mens
1075 699 1125 727 est
1149 705 1188 726 ea
1212 693 1354 737 pendere
1379 694 1486 724 flocci:

516 762 541 781 40
579 749 662 786 Quin
686 753 719 780 et
742 751 915 791 paupertas
940 747 1056 790 opibus
1080 747 1228 789 praelata
1252 745 1393 777 caducis,

579 801 743 843 Quicquid
769 801 808 832 ad
833 801 992 832 humanos
1017 800 1106 830 licito
1132 802 1340 830 contraxerat
1363 808 1453 828 usus.

583 853 650 896 Spe
674 853 810 884 meliore
835 852 932 884 aridis
956 852 1046 893 large
1071 850 1269 882 transfundit
1294 850 1408 891 egenis

582 905 720 936 Instanti
745 907 932 946 contempta
955 903 1008 935 dic
1034 914 1093 934 nec
1120 902 1262 934 crastina
1286 913 1412 933 curans.

581 957 674 988 Uxor
697 957 738 988 ad
762 957 933 999 amplexus
957 959 1082 987 tantum
1107 955 1298 986 fidelissima
1323 958 1430 985 castos

517 1022 542 1040 ⁴⁵
579 1009 650 1040 Hac
674 1009 819 1040 subiecta
841 1011 938 1040 tenus
965 1011 1086 1038 sortem
1112 1010 1164 1038 est
1189 1007 1219 1037 in
1246 1017 1340 1037 versa
1364 1005 1492 1040 sororis,

583 1061 767 1092 Caelestem
792 1059 923 1092 caelebs
947 1063 1057 1090 sancto
1083 1069 1155 1090 cum
1180 1058 1317 1099 coniuge
1342 1058 1441 1088 vitam

582 1113 621 1144 In
645 1113 779 1144 relicum
803 1112 941 1143 ductura
965 1111 1062 1143 diem.
1108 1110 1246 1141 Mutatio
1272 1109 1351 1140 celsi

582 1165 674 1197 Haec
696 1165 758 1196 fuit
780 1164 836 1195 illa
859 1163 922 1198 dei,
947 1163 1130 1194 confectum
1156 1165 1207 1193 est
1230 1171 1364 1192 munere
1390 1161 1494 1196 euius,

584 1217 618 1248 Si
643 1216 771 1259 quando
797 1216 903 1247 levam
928 1225 1008 1246 sana
1031 1215 1101 1256 quis
1125 1217 1233 1245 mente
1257 1223 1395 1255 perosus

518 1282 543 1300 50
579 1269 715 1300 Pronior
738 1269 770 1299 in
794 1267 940 1299 dextram
967 1266 1072 1298 valido
1097 1266 1267 1297 conamine
1291 1265 1405 1296 fertur.

628 1321 740 1352 Ardua
764 1320 907 1351 currenti
931 1319 1035 1350 moles
1061 1319 1092 1349 in
1118 1318 1260 1349 carmine
1285 1317 1389 1358 surgit
1613 1321 1652 1346 De
1688 1322 1869 1347 inenarrabili-

584 1372 731 1404 Pondere
756 1375 849 1403 torva
873 1381 942 1407 suo,
967 1370 1050 1412 quod
1076 1380 1139 1401 non
1164 1372 1214 1400 est
1238 1372 1385 1410 tempore
1410 1368 1490 1402 visa,
1612 1365 1657 1388 '1⁷¹⁸
1670 1366 1786 1390 crnaeihm
1805 1366 1867 1390 ‘5¹¹¹‘-

584 1425 658 1456 Non
683 1425 794 1456 audita
818 1423 889 1455 rudi
914 1432 1036 1466 perque
1059 1422 1121 1453 hoc
1146 1421 1313 1463 incognita
1338 1421 1479 1452 cunctis:

585 1477 719 1509 Credita
742 1487 807 1508 non
831 1476 967 1514 cunctis,
992 1476 1153 1516 temptata
1177 1476 1226 1504 est
1251 1472 1390 1514 denique
1414 1472 1537 1514 paucis.

519 1543 543 1560 55
581 1529 721 1572 Spiritus
746 1530 841 1568 alme,
865 1528 950 1566 veni,
975 1538 1102 1570 quaque
1127 1526 1159 1557 id
1183 1526 1302 1557 virtute
1327 1525 1459 1561 dedisti,

584 1581 654 1617 Quo
678 1584 789 1624 posset
811 1581 890 1620 fieri,
915 1580 956 1611 da
979 1590 1064 1610 nunc
1089 1589 1216 1621 quoque
1241 1588 1336 1620 posse
1361 1577 1491 1619 profari.

585 1634 707 1666 Factus
731 1633 901 1676 apostolici
927 1642 1057 1673 compos
1083 1633 1116 1662 et
1139 1640 1272 1672 compar
1294 1629 1427 1661 honoris

584 1685 688 1717 Duxit
712 1685 925 1728 apostolicam
948 1683 1043 1715 factis
1068 1686 1101 1714 et
1125 1682 1255 1713 nomine
1282 1682 1380 1713 vitam

587 1737 774 1779 Indixitque
799 1747 878 1768 suae
902 1747 980 1767 mox
1005 1734 1107 1767 ardua
1131 1734 1256 1776 proelia
1281 1733 1371 1765 carni

520 1803 545 1820 no
583 1790 812 1831 Aeternasque
837 1799 960 1828 cruces,
983 1787 1082 1819 animi
1107 1788 1292 1818 commenta
1315 1785 1445 1816 ferocis.

627 1841 680 1873 Ex
703 1852 767 1883 qua
790 1851 930 1883 namque
956 1839 1008 1871 die
1032 1838 1095 1870 dici
1121 1837 1291 1880 concoepit
1314 1841 1346 1868 et
1370 1847 1442 1868 esse
1628 1850 1667 1876 De
1685 1850 1851 1882 abneyatimw

585 1894 682 1925 Forte
706 1903 809 1931 sacer,
833 1896 923 1924 tanta
947 1901 1078 1923 carnem
1102 1891 1268 1932 impietate
1294 1889 1434 1931 subegit,
1714 1894 1767 1917 eiln'.

586 1945 632 1978 Os
655 1949 690 1977 ut
715 1945 755 1977 ab
781 1944 974 1976 omnimodis
998 1943 1074 1975 exin
1098 1942 1267 1974 secluserit
1292 1942 1386 1976 escis,

586 1997 665 2034 Quis
689 1997 819 2028 avidum
844 1996 1010 2028 adfectant
1033 1995 1175 2026 humana
1198 1994 1330 2025 inventa
1354 2003 1512 2035 saporem.

520 2063 545 2081 ef.
583 2050 655 2081 Non
680 2059 774 2081 usum
799 2048 939 2085 Cereris,
964 2058 1028 2079 non
1052 2057 1145 2078 usum
1169 2045 1310 2087 denique
1334 2044 1439 2076 Bachi

586 2103 656 2134 Iam
680 2106 748 2133 tum
773 2101 826 2133 vel
848 2101 943 2132 labiis
967 2110 1085 2142 passus
1110 2099 1298 2140 contingere
1324 2097 1468 2135 summis,

586 2154 659 2186 Non
683 2154 802 2192 oleum,
825 2163 888 2184 non
912 2152 968 2183 ille
993 2151 1072 2183 cibis
1096 2150 1268 2192 insumpsit
1291 2153 1431 2181 acetum.

587 2206 659 2243 Quo
683 2206 753 2237 sine
777 2205 865 2236 nulla
888 2204 1028 2246 placent,
1054 2206 1170 2235 extant
1193 2201 1376 2233 lautissima
1397 2210 1599 2242 quanquam:

586 2258 766 2290 Praesiccis
790 2257 929 2299 dapibus
954 2255 1032 2302 salis
1057 2254 1246 2286 adiumenta
1267 2253 1413 2295 negavit.

1679 367 1785 388 veretur.

522 2324 547 2342 το
628 2310 728 2342 Festa
753 2309 820 2340 dies
844 2308 942 2340 ferias
967 2307 995 2339 si
1019 2306 1148 2349 quando
1173 2306 1337 2338 indixerat
1360 2305 1429 2336 orbi
1619 2312 1657 2337 De
1681 2311 1806 2344 qualitate
1827 2319 1873 2343 po-

589 2361 708 2394 Induto
734 2371 864 2393 carnem
889 2359 992 2391 nitida
1016 2359 1055 2391 de
1080 2358 1207 2400 virgine
1231 2357 1331 2390 verbo
1713 2354 1772 2379 culi.

325 2501 430 2526 Scholia,
457 2515 483 2518 κ-
512 2500 543 2526 31
564 2499 658 2532 obices]
678 2500 829 2525 obsistentes
882 2497 916 2524 34
940 2496 1073 2531 Sumptus]
1093 2506 1127 2523 sc.
1146 2501 1185 2522 est
1289 2494 1323 2521 35
1340 2493 1449 2527 luteum]
1469 2494 1629 2519 mundanum
1735 2491 1770 2517 30
1788 2489 1873 2524 copia]

222 2544 397 2569 habundantia
502 2543 534 2569 37
562 2542 693 2576 habentis]
720 2542 859 2568 decidentis
912 2539 1054 2574 lincuntur]
1080 2544 1238 2573 respuuntur
1289 2537 1361 2572 opes]
1382 2538 1488 2563 divitiae
1541 2535 1637 2568 munia]
1658 2539 1822 2560 ornamenta.
1843 2548 1874 2552 ψ

221 2588 320 2612 sacculi
346 2596 436 2620 pompa
459 2588 572 2613 calcatur
676 2586 710 2611 38
732 2587 866 2618 Luci-aque
890 2593 950 2610 cum
972 2583 1080 2617 pompis]
1107 2585 1122 2609 i.
1141 2592 1164 2609 c.
1187 2583 1303 2614 ambitio,
1328 2582 1450 2607 iactantia
1474 2581 1612 2612 (immunis
1630 2579 1664 2609 P)
1691 2587 1749 2604 cuin
1764 2578 1875 2611 pompis

223 2630 256 2654 39
277 2632 358 2663 ssot-ei]
380 2631 467 2655 nichili
482 2631 604 2663 deputare
652 2628 686 2654 40
705 2631 846 2662 Paupertas
859 2629 970 2653 ambitur
1043 2626 1077 2652 44
1097 2628 1166 2651 Uxor
1179 2627 1204 2651 in
1218 2634 1328 2650 sororem
1343 2628 1457 2650 inuratur
1475 2632 1506 2648 cx
1525 2623 1636 2655 coniuge
1706 2621 1741 2647 45
1759 2621 1876 2646 Temesis

225 2679 262 2698 est
365 2673 398 2698 512
417 2673 494 2706 quod]
515 2683 544 2698 eo
563 2674 630 2705 quod
735 2672 764 2696 (31
787 2669 929 2704 concoepit]
949 2671 1074 2704 prothesis
1174 2669 1203 2694 71
1227 2670 1244 2693 l.
1263 2677 1284 2694 e.
1303 2668 1438 2693 nativitate
1460 2667 1554 2691 Christi

325 2758 357 2784 37
382 2742 511 2791 liiicuntur
537 2760 561 2784 P
672 2758 706 2784 43
733 2762 852 2784 contenta
881 2755 1005 2782 Bacchius
1109 2754 1143 2781 44
1170 2755 1291 2780 fidissima
1315 2753 1439 2779 Bou-hius
1543 2751 1576 2777 47
1605 2751 1713 2783 reliqum
1747 2752 1764 2774 2
1794 2757 1828 2774 m.
1855 2748 1879 2774 P

221 2801 255 2828 52
274 2803 389 2827 Pondera
408 2811 474 2828 corr.
496 2802 521 2827 P
