2092 3094
442 478 480 497 1⁰⁰

442 736 478 755 105

453 1686 477 1704 10

783 179 832 206 AD
850 179 1028 207 KAROLUM
1047 180 1205 208 CALVUM.

536 265 685 308 Apparet
708 266 821 309 plane,
844 277 903 309 pro
925 269 959 299 te
982 277 1043 299 nec
1067 268 1162 310 plura
1185 268 1309 308 tulisse,

536 317 666 353 Quanta
688 320 763 350 tuus
786 318 928 350 Karolus
952 318 1055 356 mitis,
1079 320 1151 362 pius
1175 323 1273 362 atque
1296 321 1468 363 benignus,

1758 188 1819 218 257

535 368 798 402 NHmAAEoG
819 370 1065 402 ΦΡΟΝΙΜΟΟ
1088 370 1356 405 ΟΠΟΥΔΛΙΟΟ
1373 375 1464 405 ΚΑΙ
1484 375 1545 406 ΔΕ
1564 374 1774 407 AIKAIOC:

534 420 724 463 Aequivoco
748 421 870 453 Karolo
894 421 1068 454 frustratus
1091 424 1239 465 germine
1264 424 1362 467 digno

537 471 678 503 Indulsit
701 483 760 514 pro
784 475 816 504 te
841 482 939 505 saevo
962 483 1145 516 scaevoque
1168 478 1318 517 tyranno,

535 523 694 555 Omnibus
718 527 816 566 atque
841 524 907 556 suis
931 535 1033 567 regno
1057 526 1260 568 privantibus
1283 528 1388 570 ipsum

534 574 615 606 Tam
639 575 782 607 bonitate
806 576 924 618 proba,
947 580 1039 608 tanta
1061 577 1183 619 pietate
1207 580 1370 621 pepercit;

534 624 621 662 Quin
642 626 798 668 pervalde
822 628 889 659 suis
913 627 1051 660 inimicis
1074 630 1218 661 maxima
1240 641 1351 662 rursus

533 678 674 710 Praedia
697 679 855 719 restituit,
881 679 1005 712 donans
1029 692 1067 712 ac
1089 682 1184 724 plura
1209 683 1411 724 quibusdam.

535 729 640 766 Quid?
664 734 829 772 mereatur
852 742 927 763 erus
951 733 1058 771 sanci,
1083 734 1259 775 sapientia,
1282 737 1428 766 tantus?:

534 781 659 814 Iudicio
682 786 793 815 nostro
817 783 941 826 primus
964 795 1044 826 prae
1067 785 1199 827 regibus
1223 789 1325 818 extat.

532 850 708 893 Pragmate
730 862 832 894 posco
855 852 925 894 pin,
948 853 1143 895 populorum
1167 857 1301 896 pectora
1322 853 1442 896 pando:

579 902 762 946 Praecipuo
786 904 887 946 prosit
910 905 1073 947 perproba
1096 905 1288 948 proprietas

961 1103 1022 1137 VI.

981 1170 1001 1192 1.

533 1213 607 1245 Rex
630 1214 715 1246 caeli
737 1214 888 1246 dominus
911 1215 1005 1246 solita
1027 1216 1150 1258 pietate
1174 1215 1358 1248 redundans

532 1265 630 1297 Hunc
652 1265 810 1298 Karolum
833 1277 945 1308 regem
968 1270 1076 1299 terrae
1100 1267 1217 1299 dilexit
1239 1268 1387 1300 herilem.

532 1317 628 1348 Tanti
652 1327 730 1359 ergo
754 1317 853 1349 officii
874 1322 911 1349 ut
934 1329 1067 1361 compos
1090 1319 1249 1351 valuisset
1271 1319 1396 1359 haberi,

533 1368 682 1400 Tetranti
704 1369 851 1411 implevit
874 1369 1030 1402 virtutum
1054 1373 1208 1412 quattuor
1230 1370 1329 1402 almo:

531 1419 682 1451 Imminet
704 1420 757 1451 hic
780 1420 878 1462 capiti
901 1420 942 1452 de
966 1421 1088 1453 vertice
1112 1425 1228 1453 cuncta
1251 1421 1438 1454 refundens.

533 1471 684 1514 Denique
707 1483 742 1503 se
766 1472 921 1515 primum,
945 1476 1021 1504 tunc
1045 1473 1152 1504 omnia
1174 1473 1235 1505 rite
1259 1474 1422 1516 gubernat

532 1523 732 1563 Prudenter,
756 1524 858 1563 iuste,
882 1523 1064 1563 moderate,
1087 1524 1214 1556 fortiter
1236 1528 1348 1567 atque:

531 1575 616 1606 Hinc
639 1574 715 1607 inde
738 1576 885 1617 angelico
910 1579 1023 1618 septus
1046 1576 1202 1608 tutamine
1226 1587 1330 1616 sacro,

532 1626 692 1658 Hostibus
714 1630 751 1658 ut
773 1626 897 1658 cunctis
921 1627 1048 1659 exultet
1071 1637 1152 1669 pace
1177 1627 1327 1669 repulsis.
1385 1644 1387 1646 ·

533 1677 585 1709 Ad
608 1677 756 1710 dextram
780 1679 932 1720 armigeri
956 1679 1178 1721 praetendunt
1201 1690 1292 1711 arma
1314 1679 1463 1718 ministri,

531 1728 716 1761 Ecclesiam
740 1729 862 1762 Christi
883 1730 1023 1762 invictus
1047 1731 1201 1763 defensor
1224 1732 1256 1763 in
1281 1742 1397 1763 aevum

527 1781 736 1824 Armipotens
758 1782 886 1823 magnis
910 1782 982 1824 quis
1005 1786 1098 1815 ornet
1119 1794 1218 1826 saepe
1241 1783 1428 1825 triumphis;

531 1832 655 1864 Nobilis
678 1833 720 1865 ad
743 1834 850 1865 levam
874 1834 1015 1866 coniunx
1037 1834 1078 1866 de
1101 1845 1189 1867 more
1214 1838 1376 1874 venustat,

531 1884 604 1921 Qua
628 1885 762 1927 insignis
786 1886 893 1928 proles
916 1886 950 1917 in
973 1896 1110 1928 regnum
1133 1887 1194 1918 rite
1219 1890 1360 1929 paretur.

975 2004 1004 2025 ΙΙ.

531 2047 774 2091 Omnipotentis
798 2059 890 2091 opus,
914 2049 999 2091 quod
1024 2049 1168 2081 continet
1190 2049 1253 2081 iste
1277 2049 1420 2090 libellus,

530 2099 558 2132 O
582 2100 685 2132 lector
707 2111 861 2133 reverens
883 2100 1118 2142 intellectuque
1142 2100 1338 2143 probandus,

532 2151 566 2183 Si
591 2152 700 2194 sapias
724 2152 811 2184 vitae
835 2151 952 2191 calles,
977 2152 1038 2183 hoc
1062 2153 1122 2184 rite
1146 2152 1273 2183 notabis

530 2203 573 2235 Et
595 2203 716 2246 poteris
739 2214 871 2235 causam
897 2203 1026 2235 tibimet
1050 2204 1170 2235 rescire
1195 2204 1319 2236 salutis.

532 2255 596 2287 Hic
619 2258 857 2286 cataractarum
881 2266 945 2286 vox
969 2258 1031 2294 est,
1054 2266 1118 2297 qua
1141 2256 1261 2287 clamat
1285 2255 1433 2298 abyssus,

531 2307 665 2338 Alarum
683 2306 805 2349 ,plausu
828 2309 861 2338 et
885 2307 1024 2349 strepitu
1050 2307 1225 2349 compellat
1248 2307 1412 2349 abyssum.

530 2358 616 2390 Hinc
639 2369 714 2400 spes
738 2360 835 2400 atque
859 2358 957 2389 timor
979 2358 1156 2400 iunguntur
1177 2358 1311 2390 foedere
1335 2359 1442 2395 ducto,

531 2410 574 2442 Et
597 2411 741 2442 clemens
764 2410 864 2442 iudex
887 2411 1065 2443 addiscitur
1087 2411 1194 2442 omine
1219 2414 1318 2442 certo.

531 2462 595 2494 Hic
618 2461 741 2502 videas,
766 2462 851 2504 quod
874 2473 937 2494 non
961 2463 1032 2494 sine
1055 2462 1130 2494 labe
1154 2462 1224 2494 dies
1247 2462 1445 2502 recoluntur,

270 2573 304 2599 98
320 2573 623 2604 'NEQRAAEoccmiff
634 2583 709 2600 uersu
721 2576 920 2608 mperacripam
938 2579 974 2601 cet
991 2574 1035 2606 (ab
1053 2575 1142 2599 eadem
1159 2583 1239 2600 manu
1251 2574 1287 2606 9:
1304 2575 1405 2600 sobrius
1423 2575 1524 2607 sapiens
1542 2575 1614 2600 fortis
1634 2578 1710 2608 atque
1728 2576 1812 2600 iustus

269 2615 334 2650 [Vt]
348 2615 388 2651 [1.]
401 2615 418 2642 4
429 2615 613 2643 *TETRASTI
626 2617 777 2650 P(aulinu⁸)
850 2617 883 2643 13
893 2619 940 2643 AD
950 2618 976 2643 P
982 2618 998 2643 ι’.
1008 2627 1028 2643 c.
1038 2618 1083 2642 ‘at’
1178 2616 1224 2650 [ιι]
1235 2617 1252 2641 2
1262 2617 1403 2650 profundus
1413 2617 1583 2650 Maryarinue
1653 2617 1670 2643 8
1679 2619 1811 2643 NOMINE

165 2658 277 2684 eom?

270 2726 328 2762 [V.]
350 2727 384 2754 99
406 2727 528 2754 Karalus
550 2727 648 2754 Kar-oli
667 2727 742 2754 Calvi
767 2728 841 2760 filius
862 2727 1029 2761 Aquitaniae
1053 2735 1102 2754 rex
1127 2729 1248 2753 numum-3
1273 2729 1310 2752 est
1331 2727 1390 2752 866.

167 2777 266 2804 Karou
283 2777 358 2804 Calvi
372 2777 429 2810 filio
445 2786 520 2804 anno
537 2778 596 2809 871,
615 2778 661 2810 dr.
681 2778 834 2805 Duemmler
853 2778 941 2805 Gesch.
961 2778 986 2805 d.
1003 2778 1077 2811 ostfr.
1098 2778 1192 2805 Reiclw
1211 2777 1236 2811 I,
1255 2777 1306 2804 758
1323 2785 1383 2811 sqq..

270 2828 341 2863 [VL]
353 2828 391 2864 [1.]
405 2830 419 2856 1
432 2829 562 2856 Salomon
575 2829 682 2863 pietate
695 2829 853 2856 redundans
862 2830 941 2863 psalt.
956 2829 1054 2856 Salom.
1067 2829 1125 2856 HL
1138 2838 1159 2855 v.
1172 2829 1189 2855 5
1201 2827 1238 2854 od.
1251 2827 1384 2854 Hamann
1391 2836 1421 2862 p.
1434 2828 1488 2854 IX.
1561 2829 1610 2863 [ιι]
1622 2830 1639 2856 5
1647 2837 1685 2862 sq.
1691 2837 1733 2863 ps.
1743 2829 1811 2863 41,8.

270 2878 372 2903 Pon-n:
390 2884 474 2903 unm
492 2884 550 2913 Δςνι
569 2878 695 2903 ΟΑιιοιιιη
711 2878 756 2903 111.

1487 2727 1536 2753 100
1559 2735 1595 2761 sq.
1621 2727 1812 2754 Karlomanno

1571 2876 1606 2902 33
