2060 3074
768 224 815 251 DE
832 224 1060 252 SOBRIETA'I'E
1079 225 1187 252 LIBER
1200 226 1219 252 1.
1754 228 1816 258 623

529 311 701 350 Formasti,
726 323 822 355 quam
845 323 947 354 prona
969 313 1078 344 iacens
1101 313 1265 344 veneraris
1285 316 1318 344 et
1342 323 1425 353 oras,

529 363 687 400 Quatinus
709 364 844 396 hostiles
866 364 1022 396 Ohanaan
1044 364 1104 396 tibi
1127 365 1279 407 subiuget
1302 375 1397 396 enses

530 415 686 458 Collaque
710 419 743 448 te
767 416 866 448 faciat
888 426 1002 458 reg-um
1025 416 1151 461 calcare
1174 417 1318 458 subacta,

446 479 485 498 240
528 466 636 499 Ducat
659 470 692 499 et
713 468 747 499 in
769 470 889 499 terram
911 470 944 499 te
967 468 1052 499 lacte
1076 470 1110 500 et
1132 468 1230 500 melle
1252 469 1406 500 fluentem

526 518 674 562 Fidaque
697 519 851 551 bellatrix
874 519 1048 551 crabrones
1071 520 1178 551 'mittat
1200 520 1330 561 Evaeis,

529 570 622 607 Quae
644 581 799 613 percussa
820 571 911 613 gravi
934 571 1063 603 stimulo
1085 572 1259 614 pungentis
1281 573 1352 604 asili

527 621 673 664 Longius
697 632 716 653 a
739 621 866 654 Graeca
890 622 1018 664 fugiens
1040 623 1174 665 regione
1196 626 1322 655 remota
1345 626 1406 656 est.

528 673 679 706 Forsitan
702 674 772 705 eius
793 674 855 706 erit
877 673 1024 706 custodia
1046 675 1170 706 cautior
1191 675 1225 706 in
1247 678 1291 716 te,

445 737 484 756 2⁴⁵
529 724 684 758 Centenis
709 726 809 757 oculis
832 736 929 768 (1118111
953 726 1062 768 Argus
1085 736 1215 758 servare
1238 728 1402 769 nequivit?

527 776 601 808 Non
624 777 740 819 aliquis
763 777 868 820 pudor
889 777 965 809 inde
989 778 1057 819 tibi,
1081 788 1163 820 gens
1186 789 1297 820 saxea,
1320 779 1410 811 venit

526 828 622 860 Hanc
645 829 782 861 coluisse
807 829 913 870 deam,
938 839 1035 872 quam
1057 840 1160 873 vespa
1182 830 1265 862 irata
1287 831 1426 874 repellat

526 881 558 912 A
579 881 686 924 patria
708 883 742 912 et
763 881 878 913 fluctus
900 881 999 913 faciat
1021 885 1189 914 transnare
1212 883 1363 924 marinos,

527 932 620 964 Voce
643 932 829 975 prophetali
852 936 982 965 sanct-us
1005 933 1091 976 quod
1115 937 1148 966 et
1171 934 1349 977 exprobrat
1372 934 1478 966 Osee?

443 997 483 1016 25⁰
526 984 662 1027 Iamque
685 984 791 1016 choris
814 985 907 1016 factis
930 985 1062 1017 summis
1090 986 1300 1018 concentibus
1321 986 1459 1028 hymnos

526 1035 687 1078 Aptabas,
710 1035 843 1079 Moyses
867 1036 983 1079 quibus
1006 1037 1072 1069 alto
1096 1047 1116 1069 a
1139 1037 1278 1069 culmine
1301 1038 1419 1070 montis

525 1087 655 1120 Auditis
678 1087 826 1130 linquens
850 1088 1001 1120 sublimia
1022 1089 1112 1120 venit
1135 1088 1177 1120 ad
1199 1089 1275 1128 ima,

524 1139 637 1171 Aurea
659 1149 723 1182 quo
746 1139 855 1172 stabat
877 1143 1012 1172 cornuta
1034 1140 1140 1172 fronte
1163 1141 1299 1173 iuvenca

524 1190 613 1223 Nulli
636 1190 781 1234 aptanda
802 1192 880 1234 iugo
902 1202 1010 1235 neque
1033 1193 1137 1224 sinum
1159 1192 1202 1224 ad
1224 1193 1316 1225 lactis
1340 1193 1478 1235 agenda.

442 1255 482 1275 2⁵⁵
525 1243 586 1275 His
609 1243 676 1275 dux
698 1253 864 1285 accensus,
889 1244 988 1276 radiis
1011 1247 1163 1276 cornutus
1186 1247 1220 1277 et
1242 1245 1322 1288 ipse,

525 1295 661 1327 Insolita
684 1295 813 1328 fervens
835 1295 965 1328 feritate
989 1297 1129 1328 cucurrit
1151 1300 1184 1329 et
1206 1297 1295 1329 illam
1356 1314 1357 1317 κ

525 1347 670 1390 Arripuit
692 1347 790 1390 fregit
813 1348 989 1380 combussit
1011 1349 1128 1391 sparsit
1149 1349 1298 1392 aquavit;

524 1399 586 1431 His
609 1409 739 1442 quoque
762 1402 794 1431 te
818 1400 945 1442 potavit
967 1400 1070 1442 aquis,
1092 1403 1128 1432 ut
1151 1401 1233 1433 scire
1256 1401 1383 1433 valeres

524 1451 628 1483 Posse
652 1451 750 1484 deum
771 1451 905 1492 nullum,
929 1452 983 1495 qui
1005 1463 1135 1485 1118118118
1159 1456 1193 1484 et
1214 1453 1358 1494 haustus,
1381 1453 1505 1485 haberi.

440 1516 480 1535 2⁶0
523 1503 614 1535 Tunc
637 1513 766 1546 quoque
789 1503 954 1536 Leviticos
977 1505 1104 1536 sensisti
1128 1504 1237 1536 durius
1261 1515 1356 1537 enses

526 1555 677 1588 Mactatis
699 1555 820 1587 satians
842 1555 959 1588 inferni
981 1556 1112 1588 milibus
1136 1556 1266 1589 Orcum.

524 1607 578 1639 Sic
601 1617 717 1650 parcus
738 1606 870 1650 Moyses
893 1610 927 1639 et
949 1608 1072 1640 amicus
1094 1608 1279 1640 sobrietatis

524 1659 676 1691 Ieiunans
698 1659 884 1702 feriensque
907 1669 982 1691 reos
1004 1660 1124 1692 virtute
1149 1660 1289 1703 subegit,

503 1738 506 1741 .
525 1710 571 1743 Ut
593 1720 724 1743 servare
747 1709 880 1743 modum
903 1710 1018 1752 discas,
1042 1711 1070 1743 si
1092 1711 1202 1744 vivere
1225 1722 1328 1745 curas.

442 1785 481 1804 2⁶⁵
566 1771 610 1804 X.
632 1770 850 1804 Ambidexter
871 1771 960 1804 Aoth
982 1772 1087 1804 vitans
1109 1772 1230 1804 servire
1254 1775 1400 1815 tyranno,

525 1823 688 1866 Ingluvies
711 1823 855 1866 amplum
878 1824 929 1855 cui
952 1823 1084 1865 grandis
1106 1823 1231 1856 fecerat
1253 1825 1371 1864 alvum,

525 1875 652 1908 Israhel
675 1878 709 1907 et
731 1875 840 1907 multis
862 1875 1074 1908 famulantem
1097 1879 1262 1918 presserat
1285 1877 1386 1917 annis,

524 1927 698 1960 Accinctus
720 1925 829 1969 gladio
853 1937 996 1959 crassum
1019 1928 1065 1959 sic
1086 1928 1225 1970 perculit
1246 1927 1363 1970 EgIon,

525 1979 570 2011 Ut
591 1989 651 2022 per
673 1981 833 2010 secretam
855 1982 1004 2012 naturam
1028 1982 1171 2011 stercora
1193 1979 1322 2012 abirent

441 2044 482 2064 m
526 2031 720 2074 Servitiique
743 2031 855 2073 iugum
878 2031 1008 2063 hostilia
1031 2031 1116 2063 colla
1137 2032 1319 2064 referrent..

525 2084 635 2116 Virtus
656 2094 716 2116 1108
740 2087 861 2124 teneat,
885 2095 981 2126 quam
1006 2084 1072 2116 dux
1094 2084 1183 2116 Aoth
1206 2085 1268 2116 iste
1291 2085 1419 2127 figurat,

524 2135 616 2172 Quae
639 2135 764 2168 scindat
786 2135 924 2176 hostem,
948 2137 1060 2171 vitium
1084 2147 1167 2179 quae
1191 2140 1314 2168 sternat
1337 2147 1479 2169 enorme.

262 2274 431 2309 2501ymno·
443 2274 469 2300 Δ
553 2273 607 2301 265
623 2275 726 2300 tiranno
744 2274 822 2300 hieA

262 2351 399 2380 238-241
412 2351 501 2379 Emori.
513 2336 556 2383 33,
567 2351 597 2383 2;
615 2351 657 2383 23,
669 2351 712 2378 28.
789 2351 840 2378 242
853 2350 908 2383 Ofr.
922 2349 967 2378 Ge.
982 2350 1098 2377 Π1147.
1176 2349 1228 2377 249
1241 2349 1304 2377 0³oe
1316 2351 1340 2382 8,
1354 2352 1384 2382 5;
1405 2352 1445 2383 13,
1458 2352 1482 2379 2.
1557 2352 1609 2379 254
1627 2352 1686 2380 Ed.
1705 2352 1768 2380 VII
1777 2353 1811 2380 33

159 2403 251 2431 ninum
271 2403 361 2432 lactis.
436 2403 490 2432 255
501 2403 592 2431 Ema.
604 2403 647 2436 34,
659 2404 701 2430 29.
777 2403 916 2430 265-272
935 2402 1039 2437 0119811.
1060 2402 1160 2429 Hamil.
1178 2402 1210 2428 in
1227 2401 1314 2428 ludia.
1332 2410 1351 2428 α
1369 2402 1474 2435 Rufino
1490 2403 1616 2430 travam.
1633 2404 1659 2435 3.
1671 2405 1688 2431 5
1706 2404 1812 2438 (Mnyne

157 2463 199 2491 ar.
218 2457 260 2487 12,
271 2455 335 2490 965)
357 2456 396 2482 ‘et
413 2454 569 2482 servierunt
586 2455 636 2482 filii
656 2455 742 2483 Israel
761 2455 850 2490 Eglon
868 2455 928 2489 regi
952 2454 1035 2482 Moab
1054 2454 1148 2481 XVIII
1166 2453 1256 2480 annia*
1275 2454 1320 2488 (=
1339 2453 1401 2481 Iud.
1420 2454 1445 2488 3,
1459 2454 1507 2481 14.-
1527 2455 1591 2482 haec
1611 2456 1705 2482 veteris
1721 2458 1810 2483 trans-

159 2507 271 2534 lationis
287 2507 440 2542 framenta
457 2506 536 2541 apud
553 2506 728 2534 Sabaeas-ium
744 2515 803 2534 non
820 2507 1011 2540 inveniuntur)
1029 2526 1052 2534 ..
1070 2506 1271 2533 ‘clamaverunt
1288 2505 1339 2532 filii
1357 2505 1444 2532 Israel
1462 2505 1498 2532 ad
1517 2506 1661 2533 dominum
1679 2508 1709 2534 et
1727 2506 1812 2534 susci-

160 2559 235 2586 tavit
251 2558 292 2586 818
308 2558 475 2586 salvatorem
494 2557 580 2586 Aioth
599 2558 673 2592 (And
691 2558 818 2593 Vulgata)
838 2578 861 2586 ..
879 2558 970 2585 virum
989 2557 1205 2584 ambidextrum'
1223 2556 1283 2591 (qui
1307 2557 1427 2591 utraque
1444 2565 1530 2584 manu
1549 2566 1599 2592 pro
1618 2557 1734 2585 dextera
1751 2559 1812 2585 ute-

160 2609 245 2637 batur
261 2609 344 2644 Vnda„
365 2609 412 2637 ubo·
426 2609 493 2637 hacc
509 2612 676 2644 mmmm:
696 2610 746 2644 qui
765 2610 833 2638 fecit
850 2610 905 2637 sibi
923 2609 1050 2644 gladium
1067 2609 1220 2643 ancipitem
1240 2629 1246 2635 .
1257 2628 1264 2635 .
1283 2607 1444 2642 obtulitqtze
1462 2617 1578 2636 munera
1595 2608 1688 2644 Eglou
1707 2629 1730 2637 ..
1751 2611 1812 2637 erat

160 2663 255 2690 autem
270 2661 299 2689 E.
311 2670 418 2689 craaus
434 2661 518 2689 nimis
537 2682 544 2689 .
555 2682 562 2688 .
580 2661 721 2696 ingressus
739 2663 782 2689 est
799 2662 860 2689 Aod
879 2661 914 2688 ad
933 2670 996 2689 eum
1016 2681 1022 2689 .
1033 2682 1039 2688 .
1059 2662 1088 2688 et
1106 2661 1174 2687 tulit
1191 2661 1277 2688 sicam
1295 2660 1330 2686 (18
1343 2660 1456 2687 dextero
1474 2660 1578 2687 femore
1595 2669 1645 2687 suo
1663 2660 1811 2694 infixitque

161 2722 222 2741 eam
246 2713 395 2740 iuventte
417 2713 478 2740 eius
502 2733 525 2740 ..
549 2713 701 2748 statimque
723 2722 773 2748 per
794 2715 901 2740 secreta
922 2715 1040 2740 naturae
1062 2712 1119 2739 alvi
1140 2714 1262 2739 stercora
1283 2707 1482 2746 proruperhnt)
1508 2731 1530 2739 ..
1558 2712 1699 2739 Moabitae
1725 2712 1811 2739 inter-

160 2766 308 2800 pretantur
329 2760 419 2792 flain-
442 2764 486 2792 vel
510 2765 622 2792 effusio:
647 2765 729 2792 huius
747 2765 837 2800 igitur
855 2765 945 2792 fluxae
965 2766 994 2791 et
1012 2765 1165 2791 dissolutae
1187 2763 1282 2798 gentis
1299 2763 1430 2798 princeps
1448 2763 1496 2797 qui
1521 2764 1616 2798 potest
1632 2763 1720 2791 videri
1740 2764 1812 2791 alius

159 2817 215 2845 11181
236 2825 326 2844 sermo
348 2817 425 2844 illius
448 2816 622 2851 philosophi,
646 2817 693 2851 qui
717 2826 856 2844 summum
880 2817 983 2844 bonum
1007 2816 1115 2843 iudicat
1133 2815 1328 2850 voluptatem?
1353 2823 1435 2850 quem
1459 2815 1610 2842 interficiat
1633 2814 1812 2850 euangelicus

161 2877 258 2900 sermo,
277 2868 325 2903 qui
343 2868 439 2903 gladio
457 2866 642 2903 comparatur.

1553 2918 1606 2944 79*
