2040 2996
215 92 276 125 238
800 90 984 120 APPENDIX
1004 91 1052 119 AD
1071 90 1265 120 SEDULIUM.

618 260 951 297 APPENDIX
991 260 1070 296 AD
1111 259 1456 297 SEDULIUM.

314 351 538 397 Duemmiero
549 364 607 406 (N.
620 364 661 396 A.
673 365 735 404 IV,
751 366 815 396 319
825 365 893 406 sq.)
905 365 1118 404 obtemperans
1129 363 1293 396 Sedulium
1304 365 1451 405 subsequi
1462 365 1547 397 volui
1559 366 1704 398 carmina
1714 378 1753 399 ex
1764 367 1867 399 codice

212 415 413 456 Sanqallensi
428 418 490 448 904
506 419 658 456 prompta
680 417 752 455 duo,
775 427 909 457 quorum
925 417 1060 448 alterum
1077 427 1112 456 p.
1129 417 1171 447 88
1194 416 1230 456 (i.
1247 426 1272 447 e.
1293 427 1328 448 re
1347 427 1420 448 vera
1435 417 1459 457 f.
1475 418 1533 455 40)
1556 418 1601 449 ad
1621 418 1721 450 imum
1737 419 1865 458 primae

210 467 372 499 columnae
400 467 513 508 leqitur
541 467 677 500 alterum
700 479 736 508 p.
758 469 800 499 89
823 469 859 509 (i.
883 479 907 500 e.
930 468 955 508 f.
971 465 1039 507 40')
1068 467 1245 500 columnam
1276 468 1434 500 internam
1463 469 1578 500 obtinet
1611 472 1781 510 utrumque
1801 471 1866 511 fine

210 522 311 558 caret,
341 530 413 551 cum
438 519 497 560 soli
523 521 565 550 40
595 519 741 552 columna
770 523 900 552 externa
923 519 1060 560 perierit
1081 520 1128 558 L,
1152 519 1200 550 II.
1223 530 1295 550 cum
1323 520 1408 559 quod
1439 531 1503 552 uno
1534 531 1572 552 ea:
1598 521 1674 561 folio
1701 522 1737 553 in
1763 523 1866 554 codice

209 582 307 602 vacuo
333 571 439 603 relicto
461 574 626 611 supererat
652 571 782 603 librario
804 572 1005 611 subpetiverit
1023 582 1120 611 penso
1142 571 1239 602 nimis
1260 574 1439 612 anqustum.
1485 572 1571 604 Nam
1594 573 1747 605 librarius
1767 577 1805 605 ut
1826 585 1866 606 esc

209 626 371 663 (qmaratu
397 624 511 655 videbit
538 624 595 664 qui
621 624 725 655 videre
747 626 865 664 potest,
895 634 960 655 non
979 626 1077 663 poeta
1103 633 1185 663 quae
1214 626 1260 654 est
1282 623 1403 664 Niqrae
1425 624 1579 664 opinatio,
1610 624 1743 657 Scottico
1765 626 1866 658 codici

208 675 262 715 (de
283 686 344 715 quo
366 676 435 707 vide
450 676 586 716 Niqram
608 675 740 716 reliquie
756 674 889 707 Celtiche
904 676 929 707 I
948 675 1065 707 Torino
1082 676 1146 707 187
1149 676 1186 712 2)
1201 674 1434 707 Karolinorum
1456 686 1480 707 s.
1494 676 1558 707 IX.
1582 676 1762 708 minuscula
1785 689 1865 710 usus

207 737 315 758 versus
341 727 397 758 hos
418 727 563 759 inseruit.
615 727 704 760 Unde
725 738 790 759 non
811 738 915 759 moror
935 727 1105 767 quominus
1126 725 1327 758 Duemmlero
1349 727 1538 758 coucedatur
1559 738 1581 758 a
1604 727 1706 760 Scotto
1728 729 1864 768 quodam

207 779 362 809 statuenti
384 780 568 819 compositos
595 790 645 812 eos
671 791 734 811 esse
757 780 833 811 dum
858 779 1063 811 Guntharius
1090 778 1252 811 Coloniam
1274 778 1488 819 Aqrippinam
1509 780 1764 820 archiepiscopus
1785 781 1865 822 reyit

206 830 228 861 i.
257 841 281 861 c.
316 831 405 862 intra
438 841 561 863 annum
592 832 655 863 850
689 835 719 863 et
744 833 834 863 863.¹
893 832 1009 863 Edidit
1046 834 1216 871 utrumque
1253 831 1357 872 Niyra
1391 831 1411 862 l.
1446 842 1471 862 c.
1499 842 1535 871 p.
1560 832 1579 862 5
1607 842 1688 872 sqq.‚
1729 832 1865 865 alterum

207 881 389 914 Ducmnder
412 882 616 915 Wartmanni
638 883 817 924 apographo
839 894 919 915 usus
942 884 1026 914 1871
1049 883 1204 924 Aneeiyer
1224 882 1299 923 fuer
1321 883 1440 915 Kunde
1462 883 1518 914 der
1539 883 1720 915 Deutschen
1742 883 1866 917 Vorzeit

208 933 351 973 XVIII,
375 935 416 965 10
439 945 494 974 sq..
540 935 573 966 A
595 935 711 975 quibus
738 946 807 967 mea
829 936 933 975 ipsius
960 935 1071 973 editio,
1099 945 1196 975 quam
1222 935 1266 966 ad
1287 935 1511 966 adornandum
1534 934 1730 967 Duemmlcri
1749 946 1864 968 novum

207 986 423 1026 apoqraphum
451 989 480 1017 ct
502 987 636 1018 iteratae
659 987 864 1020 Wartmanni
892 998 988 1018 curae
1005 989 1134 1027 praesto
1157 990 1265 1025 erant,
1289 987 1464 1026 praecipue
1491 997 1524 1018 eo
1547 986 1655 1025 differt
1676 987 1761 1026 quod
1781 988 1865 1020 inter

205 1038 326 1069 scribae
340 1048 472 1069 manum
487 1038 552 1079 (G)
568 1041 597 1070 et
612 1040 794 1071 correctoris
809 1036 884 1080 (G')
899 1039 1083 1079 diligentius
1098 1039 1249 1070 distinxi:
1269 1036 1309 1070 G¹
1326 1039 1409 1070 enim
1424 1038 1576 1076 lectiones,
1592 1039 1706 1078 quibus
1720 1040 1864 1079 quamvis

204 1091 424 1122 auctoritatem
447 1090 566 1131 deroqo,
594 1094 623 1122 et
639 1102 700 1131 per
720 1102 752 1122 se
774 1093 850 1122 sunt
873 1091 1105 1123 examinandae
1127 1093 1156 1122 et
1179 1094 1304 1123 tantum
1325 1101 1390 1122 non
1412 1101 1516 1122 omnes
1538 1090 1783 1130 redarquendae.

1023 1230 1050 1263 Ι.

572 1287 645 1318 Lex
667 1287 754 1318 mala
777 1277 914 1318 menBra
937 1297 1055 1329 regens
1079 1287 1224 1319 animum
1252 1296 1311 1330 per
1335 1287 1470 1319 crimina
1492 1287 1604 1329 bellat,

618 1339 691 1371 Lex
713 1339 798 1371 bona
821 1339 855 1370 in
878 1339 998 1373 mentis
1022 1350 1098 1371 arce
1122 1340 1247 1371 resistit
1271 1340 1311 1371 ei.

570 1390 778 1433 Pausareque
803 1394 935 1433 negant,
958 1394 995 1422 ut
1019 1391 1136 1423 victrix
1160 1392 1312 1434 victaque
1335 1391 1424 1430 fiant,

616 1442 709 1474 Unus
735 1446 768 1474 et
790 1453 856 1474 una
880 1446 979 1485 queat
1001 1446 1079 1475 tunc
1103 1443 1201 1475 homo
1225 1443 1347 1485 lexque
1371 1454 1430 1474 sua
1454 1467 1461 1474 .
1486 1467 1493 1474 .
1519 1467 1526 1474 .
1551 1467 1558 1474 .

1011 1642 1056 1674 II.

569 1697 758 1729 Umbrifera
781 1697 922 1739 quadam
945 1701 1043 1730 nocte
1067 1698 1106 1730 de
1130 1700 1263 1741 pectore
1286 1709 1434 1730 somnum

614 1748 798 1792 Carpebam
821 1750 919 1782 fessis
944 1750 1187 1793 luminibusque
1210 1751 1307 1795 meis:

567 1802 762 1834 Auricomae
787 1802 949 1844 quaedam
972 1805 1049 1834 tunc
1073 1802 1205 1844 fulgens
1230 1802 1326 1834 mitra
1349 1803 1481 1845 puellae

613 1853 741 1885 Olarior
764 1854 881 1886 enituit
904 1854 972 1886 sole
997 1855 1135 1886 rubente
1159 1854 1249 1886 mihi.

495 1912 507 1930 ⁵
560 1904 624 1935 Illa
645 1915 781 1946 procera
804 1905 899 1936 nimis
922 1908 1062 1947 tangens
1085 1915 1105 1936 a
1131 1905 1254 1936 vertice
1279 1905 1415 1945 caelum,

611 1956 744 1988 Florida
767 1957 895 1988 telluris
919 1956 995 1988 dum
1020 1956 1223 1999 graderetur,
1248 1960 1329 1988 erat.

565 2008 705 2039 Lumina
729 2009 915 2040 contulerat
937 2009 1069 2051 gemina
1093 2008 1255 2040 radientia
1278 2008 1399 2040 fronte:

613 2059 694 2096 Quis
718 2059 807 2091 videt
829 2060 986 2100 aetheria,
1010 2071 1087 2092 rura
1111 2071 1266 2103 mareque
1290 2060 1403 2097 aimuh

564 2111 678 2143 Ubera
700 2111 852 2143 laetifera
873 2112 1040 2144 referebat
1063 2115 1197 2155 pectore
1221 2111 1311 2143 bina:

482 2170 506 2189 1⁰
612 2163 674 2194 His
697 2163 805 2205 pascit
827 2163 985 2205 modicos,
1009 2174 1090 2206 quos
1113 2164 1215 2204 iubat,
1240 2166 1339 2206 atque
1362 2163 1469 2196 rudes.

301 2283 341 2317 [L]
369 2284 382 2310 1
403 2286 516 2311 cremina
531 2285 553 2310 G
640 2284 657 2310 2
679 2289 756 2310 totum
777 2294 878 2311 versum
899 2286 1023 2318 expanaeit
1038 2286 1067 2311 6¹
1156 2285 1174 2310 4
1197 2290 1259 2318 quat
1276 2294 1342 2311 corr.
1359 2286 1383 2311 G
1464 2290 1525 2319 poet
1547 2286 1564 2311 4
1582 2287 1637 2312 Lex
1655 2287 1765 2313 hominis
1782 2288 1853 2314 intus

195 2331 249 2352 arte
267 2329 362 2353 resistit
380 2329 403 2354 ei
422 2329 484 2354 add.
501 2329 531 2353 G‘
549 2329 618 2354 male
635 2338 657 2353 υ.
676 2328 693 2354 2
711 2333 861 2361 sanaturus,
877 2338 941 2354 nam
959 2330 986 2354 in
1004 2329 1098 2355 mentis
1116 2337 1174 2354 aree
1193 2333 1228 2354 eet
1244 2333 1272 2354 ut
1290 2329 1362 2362 apud
1375 2328 1511 2354 Sedulimn
1530 2338 1550 2354 e.
1561 2339 1588 2362 9.
1603 2330 1622 2354 I
1631 2333 1674 2352 111
1685 2329 1790 2364 ¹01129·
1804 2330 1855 2356 155

300 2370 353 2404 [IL]
380 2370 397 2396 2
422 2373 495 2397 sessis
509 2372 601 2404 priore
619 2380 631 2396 s
649 2380 727 2397 erasa
742 2372 766 2396 G
851 2371 868 2397 3
889 2371 1045 2397 Αιιῑίοόωειθ
1060 2373 1083 2397 G
1135 2372 1243 2405 quedam
1259 2372 1282 2397 G
1327 2371 1409 2397 *mira
1423 2371 1455 2405 G]
1475 2373 1525 2398 del.
1542 2377 1566 2398 et
1583 2374 1664 2398 forma
1680 2382 1806 2406 cuperem.
1822 2373 1854 2398 G‘

195 2427 280 2459 puelle
295 2427 318 2452 a
405 2427 422 2452 5
440 2428 488 2453 lusi
506 2410 646 2461 prsi‘iifims
662 2428 696 2459 o,
722 2437 759 2452 an
779 2428 858 2453 votuit
881 2431 909 2452 ut
931 2427 1068 2460 legerem-r:
1092 2428 1201 2453 Prooera
1222 2428 1268 2453 ina
1289 2428 1364 2453 nimis
1382 2428 1394 2453 12
1452 2428 1537 2453 celum
1552 2428 1576 2453 o
1667 2428 1684 2454 6
1707 2428 1816 2455 *teu-m
1831 2429 1854 2454 o

194 2470 340 2502 gradiretur
354 2470 377 2495 G
394 2479 462 2496 corr.
481 2470 631 2496 Dzaemmler
689 2469 736 2496 *ea
750 2470 773 2495 G
861 2469 875 2495 7
898 2471 1002 2504 gemina
1023 2469 1056 2503 G]
1074 2470 1123 2496 del.
1143 2475 1166 2496 et
1183 2479 1260 2504 super
1278 2471 1361 2496 fronte
1378 2480 1428 2496 scr.
1446 2480 1558 2504 superna
1577 2471 1607 2496 θ’
1661 2473 1784 2498 radientia
1803 2473 1853 2503 cfr.

194 2521 275 2544 supra
289 2522 317 2545 p.
338 2512 388 2538 113
406 2522 466 2546 app.
555 2512 571 2539 8
589 2514 688 2539 etheria
702 2514 726 2539 G·
812 2513 828 2538 9
847 2514 973 2539 referebat
988 2513 1020 2547 G]
1039 2514 1183 2547 preferebat
1200 2523 1267 2539 corr.
1283 2514 1314 2539 G‘
1333 2513 1385 2539 *an
1403 2515 1533 2540 reserabat
1544 2514 1557 2539 ‘3

298 2589 324 2622 1)
343 2589 385 2615 De
404 2589 559 2616 Gunthario
581 2590 628 2623 cfr.
650 2592 756 2623 praeter
773 2590 933 2616 Duemmler.
956 2592 980 2616 et
1003 2590 1118 2624 Niqram
1140 2589 1220 2617 Nolte
1238 2590 1327 2617 Revue
1347 2589 1393 2616 dcs
1415 2590 1527 2617 seiences
1547 2590 1631 2618 coeles.
1650 2590 1704 2618 IV.
1721 2599 1771 2618 ser.
1791 2596 1855 2619 1877

190 2648 219 2673 p.
240 2643 288 2666 281
335 2648 367 2674 q..
863 2660 874 2668 x

297 2648 352 2726 [iil]
373 2692 507 2719 Personae
523 2693 595 2726 fictio
613 2694 722 2720 Boethio
739 2693 846 2720 debetur
863 2693 894 2719 de
911 2701 980 2719 cons.
1001 2693 1067 2726 phil.
1086 2693 1108 2719 I
1106 2713 1115 2727 ‚
1135 2694 1158 2720 1.
1178 2693 1275 2719 Boethi
1297 2701 1399 2727 quoque
1416 2693 1588 2727 Philosophia
1611 2694 1723 2728 pulsare
1742 2695 1851 2722 caelum

192 2742 292 2769 summi
312 2743 424 2770 verticis
443 2745 587 2771 cacumine
606 2746 762 2773 videbatur.
853 2748 866 2774 1
886 2754 923 2779 sq.
943 2754 1070 2772 somnum
1089 2755 1203 2781 carpere
1219 2755 1239 2773 e.
1255 2755 1280 2781 9.
1300 2747 1408 2774 Iovem.
1428 2747 1466 2780 II,
1485 2747 1527 2774 33.
