2040 2996
728 90 778 119 AD
796 90 956 121 BERTAM.
992 91 1160 121 LUDICRA.
1707 99 1770 131 229

894 190 988 212 LXXIX
991 204 999 212 .

479 239 548 271 Nos
571 243 683 282 grates
707 240 838 273 domino
862 241 1045 274 referamus
1068 243 1195 285 riteque
1219 243 1342 284 laudes,

529 291 635 324 Ornat
656 293 711 335 qui
733 293 866 335 plebem
890 304 1020 336 semper
1042 294 1076 326 in
1099 294 1177 327 orbe
1202 306 1305 327 suam.

481 343 564 375 Nam
589 344 673 376 sicut
696 344 806 376 caelos
830 345 1000 377 stellarum
1022 346 1144 378 lumine
1166 347 1282 389 pinxit,

527 395 651 428 Vestiit
672 399 710 428 ut
731 399 839 428 terras
861 397 996 429 floribus
1020 398 1090 440 ipse
1113 399 1223 430 novis:

414 454 426 472 ⁵
478 446 663 479 Ecclesiam
686 447 820 479 decorat
843 451 990 480 sanctam
1013 450 1059 481 sic
1083 450 1228 482 conditor
1251 451 1355 483 almus

525 498 720 540 Virginibus
742 498 850 531 viduis
873 500 1132 543 coniugibusque
1156 502 1228 544 piis,

479 548 533 581 Sic
555 549 680 582 fructus
703 550 823 593 triplex
846 555 1032 584 sanctorum
1056 554 1173 585 crescit
1196 554 1230 585 in
1253 565 1343 596 agro,

527 600 633 638 Quam
654 602 823 644 pulchram
847 606 994 646 segetem
1019 608 1092 646 post
1114 605 1285 647 paradisus
1308 606 1420 638 habet.

480 652 677 696 Coniugium
700 665 792 686 sacro
816 655 971 697 fulgescit
993 655 1026 687 in
1050 656 1162 688 ordine
1185 657 1336 699 primum,
1383 694 1385 696 ³

401 711 426 730 10
529 704 582 736 Ex
606 715 668 747 quo
693 708 770 737 sunt
792 705 910 739 viduae
934 707 1166 749 virginitasque
1190 708 1311 740 nitens:

477 756 606 789 Primus
629 757 735 789 honor
755 757 863 790 fuerat
885 758 988 799 vobis,
1011 759 1131 801 gradus
1155 760 1267 792 ordine
1290 761 1422 803 primus,

520 808 560 840 In
583 819 647 851 quo
670 810 826 842 servastis
849 810 920 842 iura
942 810 1060 853 pudica
1085 811 1180 843 thori.

476 859 664 891 Florentem
687 860 839 892 iuvenem
863 861 1039 903 peperistis
1062 862 1172 894 nobile
1195 863 1316 903 lumen,

522 911 721 943 Francorum
744 911 855 944 'viridis
879 912 933 954 qui
960 913 1052 955 quasi
1075 913 1199 956 palmes
1223 914 1301 955 obit,

396 971 420 989 ¹⁵
477 963 606 1005 Aspera
629 974 717 995 mors
741 964 846 996 secuit
868 965 1098 1007 perpulchram
1122 966 1185 997 heu
1209 966 1285 1008 quia
1307 967 1446 1009 virgam:

523 1015 587 1048 Sed
611 1015 670 1047 tali
691 1016 784 1058 virga
807 1027 892 1048 nunc
915 1016 1088 1059 paradisus
1111 1021 1197 1050 ovat,

474 1067 678 1100 Terrestrem
701 1078 858 1110 sponsum
881 1069 989 1111 rapuit
1011 1080 1097 1101 mors
1121 1069 1231 1102 invida
1254 1073 1416 1102 vestrum:

520 1119 585 1151 Pro
608 1129 672 1162 quo
695 1119 848 1152 caelestis
872 1131 1010 1163 sponsus
1034 1132 1192 1154 amoenus
1215 1122 1319 1154 adest.

474 1170 543 1202 Iste
566 1171 672 1213 magis
695 1170 787 1204 dives
809 1182 889 1214 prae
911 1173 1034 1204 cunctis
1058 1173 1190 1215 regibus
1215 1174 1312 1214 orbis,

395 1228 421 1247 ²⁰
523 1221 695 1254 Pulchrior
717 1222 770 1254 hic
793 1223 900 1263 violis,
923 1224 1089 1266 pulchrior
1111 1227 1210 1267 atque
1234 1226 1326 1257 rosis.

473 1272 576 1306 Cuius
599 1274 759 1307 mirantur
781 1274 850 1315 Sol,
873 1286 976 1308 aurea
998 1276 1094 1308 Luna
1115 1276 1279 1316 decorem,

518 1325 648 1358 Laudat
670 1329 704 1359 et
727 1327 895 1369 angelicus
918 1338 1014 1370 quem
1039 1339 1137 1372 super
1159 1332 1247 1361 astra
1270 1329 1400 1369 chorus,

472 1376 574 1409 Cuius
596 1377 692 1410 dulce
715 1377 838 1421 iugum,
863 1379 956 1411 cuius
979 1380 1144 1412 miseratio
1167 1381 1291 1412 suavis:

519 1428 658 1462 Exultat
680 1429 779 1463 talem
803 1430 922 1463 Bobila
944 1431 1067 1464 habere
1091 1432 1207 1464 virum.

389 1488 414 1508 ²⁵
474 1481 550 1524 Ipse
573 1481 632 1514 tibi
655 1493 801 1525 gemmas
823 1483 980 1516 virtutum
1004 1485 1150 1527 congerit
1172 1485 1284 1522 almas,

519 1533 660 1576 Insuper
681 1537 834 1567 aeternas
858 1535 930 1578 ipse
953 1535 1074 1568 dicabit
1097 1547 1188 1579 opes.

471 1585 567 1622 Quod
588 1586 739 1618 manibus
761 1586 888 1626 tribuis,
912 1587 1007 1619 hilari
1030 1588 1117 1630 quod
1134 1592 1315 1630 menteque
1339 1587 1440 1619 donas

517 1635 734 1680 Pauperibus,
757 1637 844 1669 vitae
868 1638 1020 1670 scribitur
1042 1649 1119 1671 ecce
1141 1639 1242 1671 libro:

470 1687 542 1719 Illic
565 1688 739 1721 thesauros
761 1699 819 1721 vos
843 1689 1017 1722 invenietis
1041 1691 1178 1734 opimos,

390 1746 416 1765 ³⁰
525 1738 589 1776 Qui
611 1750 717 1783 neque
740 1745 955 1781 marcescunt,
979 1742 1036 1774 sed
1060 1753 1159 1785 super
1181 1746 1269 1774 astra
1291 1742 1406 1774 virent.

883 1858 979 1881 Lxxx.

468 1911 558 1944 Mitis
581 1915 616 1944 et
638 1911 744 1944 Arcas
768 1923 835 1953 ero,
859 1923 932 1945 rore
956 1917 1084 1946 sacrate
1109 1914 1196 1945 sitim
1221 1933 1261 1938 -—

470 1964 552 1996 Arte
574 1975 666 1997 mera
687 1964 831 2005 modero,
854 1976 944 1998 more
968 1965 1101 1998 domare
1125 1970 1241 1999 metra.

469 2049 582 2082 Nostri
607 2050 799 2093 simplicitas
822 2051 956 2083 fratrem
981 2062 1138 2094 superare
1162 2052 1348 2094 trilinguem

469 2101 608 2134 Exultat
630 2102 764 2134 victrix:
794 2103 937 2146 palmam
960 2103 1047 2143 date,
1071 2103 1157 2135 laeta
1180 2104 1341 2136 iuventus.

469 2153 534 2190 Qui
557 2153 640 2186 fodit
662 2154 802 2195 foveam,
825 2155 940 2197 grandi
963 2155 1122 2187 ceciditne
1144 2156 1260 2187 ruina?

469 2205 586 2238 Victus
610 2209 642 2238 et
666 2206 829 2246 occubuit,
854 2207 956 2238 voluit
979 2207 1034 2249 qui
1057 2207 1161 2238 victor
1183 2210 1219 2238 ut
1242 2209 1353 2239 esset?

402 2265 414 2284 ³
467 2258 510 2298 Et
532 2261 670 2291 cornuta
690 2258 823 2302 'quidem
846 2259 968 2292 devicit
990 2260 1097 2291 bestia
1120 2260 1257 2299 calvam,

203 2370 311 2404 [unx]
329 2372 369 2398 ed.
389 2372 538 2397 Duemmler
555 2372 588 2398 ib.
604 2381 633 2405 p.
651 2371 686 2398 34
703 2381 738 2404 sq.
821 2371 838 2397 4
857 2381 939 2398 nouas
954 2373 976 2397 0
991 2381 1058 2398 corr.
1079 2372 1226 2397 Dnemmler
1307 2372 1340 2397 18
1358 2381 1465 2398 amenus
1479 2373 1502 2398 C
1579 2372 1613 2398 22
1631 2373 1718 2397 laudet
1732 2373 1754 2397 O

101 2415 168 2441 tecit.
186 2423 253 2440 coa-r.
271 2415 421 2440 Dum-mer
510 2415 545 2440 26
562 2414 682 2441 *dicabat
696 2415 718 2440 G
837 2414 934 2448 [mum]
953 2416 1026 2440 nullo
1044 2416 1176 2440 interstitio
1194 2415 1306 2448 sequitur
1323 2415 1351 2440 in
1365 2415 1392 2446 C,
1409 2415 1449 2440 ecl.
1462 2415 1610 2442 Duemmler
1627 2416 1659 2441 ib.
1676 2424 1704 2448 p.
1717 2414 1751 2440 35

196 2483 313 2518 ‘[1.xx1x.]
331 2483 348 2510 8
367 2482 443 2511 Fon-t.
457 2483 509 2517 IV,
522 2483 610 2515 17,12
628 2491 710 2517 quem
730 2483 876 2518 paradisus
894 2483 987 2510 habet.
1075 2483 1106 2509 17
1125 2491 1146 2509 e.
1162 2491 1188 2517 9.
1207 2483 1282 2511 Fort.
1296 2483 1349 2516 IV,
1368 2483 1409 2515 26,
1427 2483 1461 2509 47
1474 2483 1606 2518 Abripuit
1624 2484 1749 2510 teneram

101 2534 194 2563 subito
220 2544 294 2563 mors
320 2535 418 2563 invida
443 2535 570 2563 formam.
707 2535 804 2569 [LxxxJ
827 2535 981 2568 Hauptium
1004 2534 1084 2560 latere
1107 2542 1163 2560 non
1188 2534 1275 2567 potuit
1295 2535 1308 2560 1
1327 2542 1364 2568 sq.
1391 2542 1481 2561 versus
1505 2537 1666 2561 recurrentes
1691 2542 1750 2560 esse.

13 2577 15 2579 “
39 2585 44 2587 “
100 2585 169 2614 Pan·
192 2587 305 2620 mem
327 2587 399 2614 amr
415 2587 564 2614 Karounoe
581 2587 732 2614 strabam
755 2595 823 2613 mm
839 2589 875 2612 aa
893 2586 924 2612 αι
941 2585 1040 2612 lauda).
1059 2593 1079 2611 s.
1097 2585 1182 2611 mea
1197 2586 1240 2619 fia·
1258 2585 1407 2618 xxvm,
1426 2585 1496 2619 quoa
1512 2586 1566 2619 ipse
1582 2586 1694 2619 explieat
1710 2585 1750 2612 ed.

99 2639 189 2666 Hence
202 2647 232 2674 p.
244 2639 379 2667 LXXV:
408 2640 440 2667 In
459 2648 540 2667 cruce
552 2639 745 2667 antecedentis
758 2639 879 2674 paginae
898 2640 939 2665 est
959 2647 1030 2664 unus
1042 2647 1136 2664 versus
1149 2637 1268 2671 scriptus
1282 2637 1386 2664 XXVII
1399 2637 1566 2667 litterarum.
1584 2637 1631 2671 qui
1646 2637 1749 2663 eisdem

99 2690 202 2718 litteris
220 2691 326 2726 legi2get
342 2692 429 2727 relegi
443 2694 538 2727 potest.
555 2693 585 2719 in
603 2693 678 2719 hunc
693 2692 818 2719 modum:
838 2691 892 2718 Oro
911 2692 939 2718 te
952 2699 1044 2717 ramus
1057 2698 1142 2720 aram,
1162 2697 1210 2715 ara
1223 2698 1323 2716 sumar:
1343 2690 1371 2715 et
1387 2697 1443 2715 oro.
1528 2690 1533 2721 Ι
1548 2689 1564 2714 2
1584 2689 1629 2715 Ge.
1643 2689 1703 2722 III,
1716 2689 1749 2715 63

99 2742 176 2770 laeta
192 2743 330 2771 iuventas.
