2040 2996
280 144 319 175 24
768 143 855 170 VITA
875 144 983 171 BEA'I'I
1004 144 1226 172 LEUDEGARII
1247 145 1446 173 MARTYRIS.

645 229 854 262 ‘Criminibus
877 232 996 262 nostris
1021 242 1106 263 nunc
1130 232 1300 274 indulgere
1325 233 1501 274 rogamus’,
1552 256 1554 258 v

645 281 757 318 Aiunt,
782 287 852 313 ‘nos
877 282 1016 314 benedic
1041 283 1149 315 etiam.
1174 285 1361 316 venerande
1386 285 1558 319 sacerdos’:

644 333 799 364 Protinus
824 334 878 365 ille
904 345 1000 365 manu
1025 338 1161 366 extenta
1184 336 1401 368 benedixerat
1424 337 1496 368 illis.

549 391 585 409 ⁶⁸⁵
644 384 799 427 Increpat
822 385 882 416 hos
906 390 1057 427 quartus:
1090 386 1219 419 ‘Procul
1243 387 1318 419 hinc
1342 388 1502 428 absistite,
1525 388 1626 428 victi’,

643 435 751 473 Dixit;
776 437 845 468 ‘sed
869 437 945 479 quid
969 448 1074 479 agam,
1099 438 1211 470 timida
1235 449 1320 470 nunc
1346 440 1468 471 cernite
1492 444 1612 472 mente.

644 487 756 519 Tende
781 492 878 531 caput
901 489 1033 531 iugulo',
1057 489 1150 524 dixit,
1177 491 1238 522 ‘vel
1263 502 1384 523 cernua
1408 492 1513 523 colla'.

644 539 776 571 Arduus
800 540 870 582 ipse
896 541 986 572 stetit
1011 542 1122 573 stricto
1147 553 1301 575 mucrone
1325 554 1513 581 coruscans;

643 591 797 623 Protinus
821 592 876 624 ille
900 603 987 634 genu
1011 594 1083 625 fixit
1106 595 1297 637 palmasque
1322 596 1472 635 tetendit,

550 650 588 668 6⁴³⁰
645 643 738 675 Haec
763 645 903 686 supplex
927 645 1080 687 precibus
1106 647 1251 688 rogitans
1276 648 1441 680 et'sidera
1463 648 1613 690 pulsans:

644 695 748 727 ‘Alme
771 700 874 738 pater,
897 697 1044 738 genitum
1068 697 1196 738 direxti,
1221 703 1255 730 ut
1279 700 1414 731 crimina
1436 700 1547 732 mundi

586 783 588 785 ¹
644 746 788 785 Tolleret
811 752 909 790 atque
935 759 1049 780 cruore
1074 750 1126 792 pio
1151 751 1214 782 iam
1238 751 1374 783 vulnera
1399 755 1510 789 sanet;

644 799 709 831 Per
732 810 829 842 quem
851 803 884 831 te
908 802 1028 832 meruit
1051 802 1191 834 mundus
1215 813 1415 845 cognoscere
1439 814 1552 839 verum

644 851 824 883 Auctorem
848 856 964 884 cuncto
990 854 1119 885 sublato
1143 865 1254 886 errore
1278 858 1418 887 vetusto.

547 909 584 927 ⁶07»
644 902 746 934 Error
769 903 837 935 abit
860 914 974 943 vanus,
1000 905 1118 937 cedunt
1141 906 1316 938 fincmenta
1340 907 1489 939 deorum:

644 954 759 986 Gratia
782 959 933 999 prompta
956 957 1049 995 redit,
1075 958 1164 989 venit
1188 959 1316 990 cultura
1338 958 1456 998 fidelis,

643 1005 741 1038 Orbis
764 1007 887 1049 ubique
912 1009 998 1047 colit,
1022 1010 1121 1041 tellus
1146 1021 1285 1052 quoque,
1309 1014 1428 1053 pontus
1452 1015 1486 1043 et
1508 1015 1596 1043 astra

643 1057 701 1098 Te,
726 1059 882 1101 pecudes,
906 1061 1067 1099 volucres,
1091 1062 1211 1104 pisces,
1236 1063 1290 1104 qui
1314 1063 1448 1094 flumina
1471 1066 1614 1101 tranant.

643 1110 815 1142 Factorem
841 1122 952 1143 verum
976 1115 1138 1145 testantur
1160 1118 1277 1145 cuncta
1301 1124 1443 1147 creasse.

549 1168 586 1186 5⁰0
645 1162 697 1194 Da
719 1164 848 1195 veniam
873 1165 1009 1204 cunctis,
1034 1166 1193 1197 miserans
1219 1170 1252 1197 et
1275 1177 1373 1208 parce
1398 1167 1538 1198 inimicis

643 1214 802 1246 Omnibus
826 1219 924 1257 atque
949 1216 1031 1256 istis,
1055 1217 1123 1248 veri
1148 1218 1224 1259 quia
1246 1218 1357 1249 nescia
1381 1218 1480 1250 corda

643 1265 792 1304 Gestant,
817 1277 915 1298 saeva
938 1268 1037 1299 etiam
1061 1272 1187 1310 ponunt
1210 1272 1373 1301 tormenta
1396 1281 1588 1313 necemque.

643 1317 715 1349 Hos
739 1322 874 1360 propter
897 1319 994 1350 claris
1018 1321 1260 1362 conspectibus,
1284 1322 1371 1354 alme
1395 1321 1591 1365 redemptor,

645 1368 751 1401 Credo
776 1369 842 1401 tuis
866 1380 917 1401 me
942 1372 1126 1413 presentari
1153 1375 1186 1404 et
1209 1383 1343 1415 carpere
1367 1374 1466 1405 vitam

547 1427 583 1445 ῑυῑἸ
642 1420 860 1463 Perpetuam.⁴
883 1421 979 1454 Hanc
997 1423 1138 1455 animam
1152 1424 1290 1466 placidis
1307 1435 1393 1457 nunc
1406 1426 1518 1468 accipe
1535 1426 1672 1469 palmis'.

642 1472 797 1515 Armiger
820 1474 869 1505 his
892 1474 988 1506 dictis
1013 1475 1126 1507 stricto
1150 1476 1257 1518 capud
1280 1477 1416 1509 abstulit
1439 1488 1528 1516 ense,

643 1525 800 1557 Infaustis
824 1527 974 1558 manibus
999 1531 1126 1559 sacrato
1151 1530 1310 1571 sanguine
1335 1533 1455 1562 terram

642 1576 806 1615 Perfudit;
830 1578 933 1609 victor
956 1578 1079 1610 clarum
1104 1580 1151 1612 sic
1174 1580 1310 1612 aethera
1334 1581 1471 1613 scandit.

644 1629 806 1661 Continuo
831 1629 979 1662 dominus
1004 1632 1160 1664 miracula
1182 1642 1302 1675 magna
1323 1634 1466 1676 peregit:

547 1689 584 1707 ⁷10
643 1682 689 1713 Ut
712 1682 885 1724 psalmista
909 1683 997 1714 canit
1020 1683 1143 1725 (cuncti
1167 1695 1252 1717 nunc
1276 1685 1400 1717 cernite
1425 1686 1542 1727 vultu),

643 1733 731 1765 Ecce
756 1744 850 1765 suum
875 1734 1026 1766 dominus
1050 1739 1201 1767 sanctum
1225 1747 1344 1778 magno
1368 1741 1462 1769 ornat
1485 1738 1617 1770 honore.

642 1785 686 1817 Et
708 1787 817 1828 capite
840 1787 971 1818 absciso
997 1788 1174 1830 superabat
1197 1799 1315 1831 corpus
1339 1789 1372 1820 in
1395 1790 1497 1821 altum

642 1836 810 1876 Erectum,
834 1841 870 1869 ut
891 1838 1004 1877 fertur,
1029 1839 1174 1881 spatioso
1197 1843 1357 1882 tempore,
1381 1844 1536 1882 quantum

642 1888 748 1920 Unius
772 1889 873 1921 horae
897 1892 1019 1921 metam
1044 1891 1092 1922 sol
1117 1891 1246 1922 scandit
1268 1891 1301 1923 in
1325 1902 1399 1924 axe.

547 1947 583 1965 ⁷1⁵
646 1940 785 1972 Vividus
809 1940 906 1972 ardor
929 1944 1000 1973 erat
1023 1942 1189 1979 membris,
1215 1944 1306 1975 calor
1328 1955 1403 1975 ossa
1425 1944 1571 1982 tenebat,

643 1993 819 2035 Inpaciens
844 1993 1007 2025 homicida
1031 1993 1097 2025 suis
1122 2005 1197 2026 nam
1221 1995 1366 2027 calcibus
1389 1996 1480 2027 illum

639 2044 817 2083 Percussit,
842 2045 938 2076 citius
961 2048 1049 2077 terra
1073 2056 1136 2088 quo
1159 2047 1307 2079 membra
1330 2048 1486 2080 iacerent.

643 2115 682 2119 -—
707 2096 841 2128 Ensifer
863 2097 988 2136 infelix,
1014 2108 1110 2129 roseo
1134 2099 1297 2130 maculate
1322 2110 1437 2131 cruore

641 2148 795 2190 Martyris
819 2152 853 2180 et
877 2159 1005 2180 sacrum
1030 2160 1147 2192 corpus
1171 2150 1225 2192 qui
1249 2151 1338 2182 calce
1362 2151 1483 2193 petisti,

545 2207 583 2225 ⁷20
642 2200 713 2231 Nec
737 2199 829 2231 licuit
853 2200 969 2240 haste
993 2211 1095 2243 penas
1119 2201 1241 2244 inpune
1264 2201 1391 2243 tulisse,

643 2251 708 2284 Sed
731 2262 807 2283 mox
830 2252 1005 2294 multiplici
1029 2253 1222 2285 constrictus
1246 2257 1341 2296 peste
1366 2256 1488 2287 teneris

378 2407 428 2432 1595
446 2409 557 2433 caedunt
577 2409 599 2433 G
617 2418 684 2434 corr.
703 2409 728 2434 P
814 2408 864 2434 705
882 2408 1010 2435 *animum
1032 2410 1055 2435 (τ’
1083 2444 1085 2446 Ι

377 2484 428 2510 683
443 2484 520 2511 Fort.
535 2484 562 2512 C.
577 2485 599 2518 I,
615 2485 654 2516 15,
668 2485 700 2511 31
715 2485 871 2512 venerande
885 2485 1019 2512 sacerdos.
1090 2486 1142 2513 684
1155 2486 1229 2512 Fast.
1243 2486 1304 2520 III,
1316 2487 1367 2513 872
1380 2489 1507 2514 extentas
1522 2509 1528 2515 .
1539 2508 1545 2514 .
1559 2497 1666 2515 manus.
1736 2491 1789 2516 656
1799 2490 1849 2522 cfr.
1866 2491 1926 2520 169;

277 2534 353 2561 Trise.
367 2535 387 2560 I
388 2556 395 2568 ‚
425 2537 450 2567 l,
474 2537 506 2562 87
532 2536 632 2563 timida
656 2536 836 2571 circumspice
859 2538 962 2564 mente.
1061 2539 1111 2564 688
1128 2538 1175 2571 cfr.
1195 2538 1253 2564 450.
1351 2540 1401 2565 689
1420 2540 1484 2566 Aen.
1512 2540 1562 2572 Vt,
1586 2542 1637 2567 685
1662 2541 1770 2575 palmas
1793 2543 1926 2576 utrasque

274 2586 402 2613 tetendit.
474 2588 523 2614 691
543 2587 645 2614 direxti
662 2596 694 2614 ew
707 2590 772 2615 Aen.
793 2589 839 2622 VI,
860 2589 902 2616 57.
973 2590 1024 2616 694
1043 2589 1167 2616 Aldlwlm.
1182 2590 1255 2617 laml.
1270 2590 1331 2625 mbry.
1346 2591 1413 2618 1732
1432 2600 1522 2618 errore
1542 2594 1660 2619 vetusto.
1731 2594 1783 2620 695
1802 2593 1928 2621 Aul-dm.

273 2637 346 2663 laud.
365 2638 428 2671 vim.
453 2640 521 2666 1052
543 2640 677 2674 figmenta,
701 2641 821 2667 deorum.
919 2642 969 2668 697
997 2642 1043 2669 Ge.
1062 2642 1126 2675 III,
1154 2643 1206 2669 270
1230 2644 1258 2669 et
1282 2643 1397 2670 flumina
1423 2645 1546 2670 tranant.
1644 2644 1693 2682 701
1719 2645 1767 2671 Ge.
1787 2645 1838 2679 IV,
1861 2645 1927 2676 470;

264 2689 378 2723 Juvenc.
392 2690 453 2723 III,
475 2691 524 2717 104
540 2699 578 2724 sq.
597 2692 691 2718 nescia
710 2712 732 2719 ..
745 2713 751 2718 .
770 2692 861 2719 corda..
956 2694 1005 2721 706
1025 2694 1144 2720 Ermold.
1162 2694 1255 2728 Mycale.
1275 2695 1335 2728 ΙΙΙ,
1359 2696 1408 2722 461
1435 2696 1486 2730 (ΙΙ,
1505 2696 1551 2727 54)
1578 2696 1675 2724 stricto
1700 2698 1786 2731 eaput
1807 2697 1927 2725 abstulit

272 2749 344 2767 ense.
439 2742 490 2768 710
510 2743 557 2775 cfr.
576 2744 635 2770 216.
733 2745 782 2771 711
805 2745 850 2772 Ps.
866 2745 919 2779 IV,
945 2746 962 2772 4
986 2745 1023 2772 Et
1050 2745 1150 2772 scitote
1179 2746 1312 2780 quoniam
1340 2746 1499 2774 mirificavit
1524 2747 1654 2775 dominus
1682 2750 1810 2776 sanctum
1834 2758 1925 2777 suum.

273 2793 322 2819 715
343 2794 409 2819 Aen.
423 2794 480 2827 ΙΙΙ,
499 2795 550 2821 3Οὸ
570 2795 644 2822 calor
663 2804 724 2822 ossa
743 2796 865 2830 reliquit.
955 2798 1005 2825 718
1024 2798 1130 2825 Iztoenc.
1145 2798 1202 2831 III,
1224 2798 1274 2825 729
1292 2799 1434 2826 maculata
1453 2807 1556 2826 cruore.
