2040 2996
771 107 934 134 CIPRIANI
953 108 1128 135 CARMINA.
1706 113 1766 143 145

487 193 575 225 Dum
598 194 695 225 finem
719 193 838 225 adieris
860 193 955 225 istius
978 196 1059 226 tecae
1083 194 1231 236 legendo,

425 252 436 270 ⁵
488 245 552 276 Pro
575 255 627 276 me
650 244 746 276 deum
768 245 922 287 preceris,
946 246 1059 284 lector,
1083 246 1207 278 intente
1230 247 1382 289 deposco:

488 296 544 328 Sic
565 297 676 329 valeas
701 296 806 328 Cristo
829 299 903 339 post
926 307 1022 329 evum
1045 297 1107 328 frui
1127 308 1271 330 securus.

915 451 976 483 III.

487 508 594 550 'Perge
617 508 740 540 luctum
763 518 906 540 merens:
930 512 1023 551 prata
1047 510 1184 541 virentia
1207 511 1307 549 vides,

486 559 631 602 Alesque
654 560 767 602 pipant
789 559 919 592 diverso
943 561 1161 593 modulamine
1185 573 1281 594 voces

487 611 531 642 Et
552 611 633 643 licor
655 612 736 644 meri
760 615 867 643 currat
889 612 921 644 in
945 623 1001 644 ore
1024 614 1168 646 tomenti.

916 770 974 803 lv.

558 830 761 863 EIUSDEM
785 812 989 864 CIPRIANI
1013 831 1146 865 CUIUS
1171 833 1327 866 SUPRA.

486 892 626 925 Renidet
649 893 682 924 in
705 904 803 926 manu
826 894 990 926 flabellum
1014 895 1139 926 comitis
1162 895 1238 926 almi
1262 914 1302 918 —

484 945 618 977 Litteris
642 946 859 988 conscriptum
882 946 999 984 aureis,
1022 949 1059 978 ut
1081 947 1236 989 competit
1259 947 1316 986 illi,

483 996 621 1028 Nomine
646 997 726 1040 (qui)
751 997 928 1029 Guifredus
951 1009 994 1029 ex
1018 1008 1110 1029 sacro
1132 999 1260 1040 gurgite
1285 998 1388 1030 dictus
1413 1017 1453 1021 ——

486 1047 532 1079 Ut
553 1047 654 1090 pellat
677 1051 791 1080 aestum
814 1058 895 1080 aurs.
917 1048 1076 1081 suadente
1100 1049 1238 1082 flabello.

421 1106 432 1123 ⁵
485 1099 591 1132 Trade
614 1100 731 1140 libens,
754 1110 863 1132 comes
887 1100 1036 1143 gloriose,
1059 1101 1187 1143 coniugi
1209 1101 1298 1140 illud,

485 1151 590 1183 Simili
612 1155 648 1184 ut
670 1152 765 1184 modo
787 1153 1028 1185 incumbentem
1052 1152 1172 1196 disipot
1195 1156 1309 1185 aestum

483 1203 641 1236 Guisinde
664 1204 751 1237 dicte
775 1207 808 1236 et
830 1208 886 1236 tuo
909 1205 942 1236 in
964 1205 1066 1238 latere
1090 1215 1184 1237 nexe.

921 1358 962 1391 V.

546 1418 656 1451 ITEM
679 1419 772 1451 ALII
794 1419 998 1452 EIUSDEM
1020 1419 1068 1451 IN
1091 1418 1336 1451 FLABELLO.

485 1478 651 1511 Guisindis
675 1478 822 1512 dextram
845 1480 979 1512 illustris
1003 1481 1135 1520 adorna,
1159 1480 1303 1511 flabelle:

483 1530 591 1563 Prebe
616 1531 693 1564 licet
714 1532 816 1564 falsos
839 1537 965 1572 ventos,
990 1536 1026 1564 ut
1049 1535 1210 1575 temperet
1233 1535 1359 1570 aestum,

484 1582 647 1626 Tempore
671 1584 783 1616 aestivo
806 1583 938 1617 defluxa
960 1585 1106 1617 membra
1129 1584 1291 1623 refobens,

484 1634 612 1667 Pansus
636 1638 669 1667 et
692 1635 834 1668 officium
857 1636 998 1679 implens
1022 1647 1121 1679 super
1143 1635 1252 1668 omnia
1275 1638 1376 1667 tuum.

912 1790 959 1823 VI

166 1846 463 1881 EPITAPHYUM
486 1849 610 1887 QUOD
633 1850 773 1884 ISDEM
795 1851 843 1883 IN
867 1851 1102 1884 SEPULCRO
1125 1850 1291 1883 DOMINI
1315 1849 1532 1883 SAMSONIS
1555 1847 1712 1880 EDIDIT

757 1903 912 1935 METRO
936 1902 1127 1936 EROYCO.

484 1961 563 1999 Quis
586 1966 768 2006 quantusve
790 1963 851 1996 fuit
874 1964 1013 1996 Samson
1037 1963 1237 1996 clarissimus
1261 1963 1355 2001 abba,

484 2015 585 2047 Cuius
607 2016 640 2048 in
663 2027 746 2048 urna
767 2020 901 2048 manent
923 2016 985 2048 hac
1009 2026 1101 2048 sacra
1123 2016 1269 2048 membra
1291 2015 1324 2047 in
1347 2015 1431 2054 aula,

483 2067 644 2100 Personat
666 2067 806 2111 Esperis.
827 2068 914 2101 illius
938 2069 1057 2100 famine
1081 2068 1159 2101 fota.

482 2118 595 2151 Flecte
618 2119 716 2152 deum
738 2119 902 2162 precibus,
926 2120 1036 2159 lector,
1060 2130 1146 2151 nunc
1169 2120 1276 2159 flecte,
1300 2130 1426 2162 peroro,

419 2177 430 2195 ⁵
483 2171 618 2203 AEthera
641 2174 677 2204 ut
700 2172 803 2214 culpis
826 2172 936 2204 valeat
959 2171 1178 2204 conscendere
1203 2171 1309 2204 tersis·

486 2222 647 2256 Discessit
669 2224 765 2266 longe
788 2227 885 2256 notus
907 2224 1088 2266 plenusque
1111 2223 1246 2255 dierum.

483 2272 631 2317 [Sextilis
655 2286 795 2318 namque
818 2276 940 2308 mensis
963 2275 1017 2308 die
1041 2275 1198 2308 vicesima
1220 2272 1348 2317 prima]

484 2325 618 2359 Sextilis
641 2337 780 2370 namque
804 2328 926 2359 mensis
950 2328 1053 2370 primo
1077 2330 1110 2359 et
1132 2326 1286 2358 vicesimo
1310 2325 1378 2357 sole

795 2377 861 2410 Era
885 2388 1085 2410 nccccxxvm.

222 2495 287 2529 [HL]
297 2497 471 2530 sraqmentum
485 2502 521 2523 ent
597 2498 614 2524 3
629 2499 666 2524 acl
674 2499 778 2525 tomenti
793 2500 821 2525 in
830 2508 912 2532 mov-y.
922 2500 976 2525 vini
990 2499 1015 2524 T
1023 2503 1161 2525 tomentum
1172 2507 1222 2531 pro
1235 2498 1321 2524 temeti
1333 2498 1421 2530 forma
1431 2501 1459 2522 ιιι
1470 2497 1544 2525 infra
1553 2505 1579 2529 p.
1590 2496 1639 2522 148
1652 2496 1710 2528 III,
1719 2495 1762 2528 4‚3

225 2538 288 2572 [lv]
306 2539 324 2566 3
340 2538 459 2567 *nomino
476 2541 608 2574 quifiedus
625 2541 650 2567 T
663 2551 688 2567 n.
707 2542 845 2568 Guirrodus
858 2542 902 2568 Fe.

222 2581 272 2615 [v.]
291 2581 308 2608 4
325 2581 367 2608 *in
386 2592 431 2617 per
448 2584 472 2609 T

221 2625 284 2659 [V1.]
307 2626 338 2652 de
359 2627 435 2653 Ιιιάω
457 2629 579 2654 oar-minis
601 2629 751 2654 eduiom'lmu
769 2630 946 2662 peculiaribuo
969 2631 1019 2660 cfr.
1037 2629 1128 2654 1110st
1146 2638 1171 2654 π.
1185 2627 1237 2654 219
1257 2627 1412 2652 Duemmler.
1425 2626 1459 2651 N.
1474 2626 1506 2652 A.
1521 2626 1572 2658 IV,
1589 2625 1640 2652 545
1658 2626 1761 2651 Ewald.

119 2668 150 2694 ''b-
165 2668 210 2700 Vl,
221 2668 272 2694 584
351 2669 365 2695 l
384 2675 530 2704 quantusue
547 2671 646 2697 Tcorr.
658 2671 774 2698 Mor-alea
852 2671 870 2697 5
879 2673 953 2698 torris
967 2671 991 2696 T
996 2681 1063 2698 corr.
1073 2671 1189 2697 Morale-
1268 2670 1284 2696 6
1297 2669 1389 2702 ἠοῖαι,
1406 2669 1476 2702 quod
1487 2670 1514 2694 in
1526 2669 1581 2695 cod.
1594 2673 1638 2700 cot,
1655 2669 1763 2694 adnotat

122 2711 284 2737 amachan*
303 2712 436 2739 Παιώνια-ἰ
458 2714 555 2740 anilem
574 2715 679 2748 {faenum
697 2723 750 2740 cue
767 2723 785 2740 a
803 2715 926 2747 scriptore
943 2714 1036 2740 codicis
1053 2723 1083 2740 ex
1101 2722 1130 2739 eo
1148 2713 1217 2746 quod
1233 2717 1310 2739 antea
1326 2714 1415 2746 fuerat
1432 2717 1507 2738 natus
1525 2712 1600 2745 idque
1617 2712 1664 2738 n'bi
1681 2712 1762 2737 videri

120 2755 301 2787 repmoendmn'
317 2755 410 2782 1801».
418 2766 444 2790 p.
459 2756 511 2783 120
527 2758 564 2783 ad
580 2767 606 2784 π.
617 2757 668 2784 219
755 2758 770 2784 7
788 2757 972 2791 *inter-polam·
990 2763 1025 2784 est

221 2803 322 2829 Pon-u
340 2810 422 2830 mmm
441 2811 500 2830 Αενι
518 2805 644 2836 omousi
663 2807 709 2832 111.
1525 2803 1556 2828 19
