2060 3074
300 130 360 161 748
1006 126 1248 154 PRAETERITA.

601 214 744 245 sublimis
762 214 865 256 gloria
882 225 955 245 eum
970 213 1076 244 animo
1094 223 1250 245 venerans
1266 213 1412 246 subditur
1427 214 1468 254 (v.
1486 214 1552 254 63),
1575 225 1671 257 quem
1687 215 1780 257 plebs
1796 215 1948 248 mundani

604 265 749 296 culminis
773 268 859 296 ostro
883 265 1068 309 posthabito
1084 267 1120 296 ut
1135 264 1263 297 dulcem
1278 269 1404 308 patrem
1421 265 1526 307 diligit
1547 271 1589 305 (v.
1606 266 1748 306 65—66)
1770 286 1810 290 —
1832 266 1947 308 Droqo,

600 317 755 348 Ludovici
770 316 826 348 Pii
845 317 956 356 frater,
978 316 1103 348 videtur
1118 327 1190 355 esse,
1212 319 1310 348 natus
1331 328 1361 348 a.
1378 318 1451 355 801,
1475 319 1585 348 tonsus
1599 319 1672 357 818,
1695 318 1948 360 archiepiscopus

599 368 753 399 Metensis
770 368 883 410 factus
897 369 970 407 823,
993 368 1268 408 archicapellanus
1289 369 1329 400 ab
1344 370 1417 407 834,
1434 379 1543 409 papae
1563 369 1705 401 vicarius
1726 370 1763 402 iu
1787 370 1897 403 Gallia
1919 373 1949 403 et

602 420 776 451 Germania
797 420 836 451 ab
859 422 931 459 844,
955 423 1099 452 mortuus
1121 420 1194 453 855.
1232 421 1316 461 quod
1337 421 1367 452 si
1388 431 1494 452 verum
1516 424 1570 459 est,
1593 421 1806 462 Enqelmodus
1827 422 1949 463 aliquot

597 472 693 503 annis
714 482 810 512 quam
836 471 940 512 Droqo
967 473 1069 511 maior
1091 472 1146 512 (cf.
1171 483 1197 503 v.
1212 473 1284 514 37),
1312 483 1393 504 unus
1416 475 1486 505 erat
1517 483 1559 504 ex
1581 473 1732 505 ministris
1756 474 1824 506 eius
1846 475 1889 516 (v.
1905 476 1948 506 33

599 524 704 564 —34)
726 523 866 555 nondum
882 524 1019 565 episcopi
1033 523 1122 563 facti,
1146 524 1202 564 qui
1217 535 1278 564 quo
1294 523 1358 556 loeo
1373 527 1483 556 tonsus
1504 525 1547 556 sit
1569 527 1599 556 et
1613 525 1766 557 educatus
1781 525 1948 558 dolendum

597 578 642 607 est
663 575 748 615 quod
771 575 952 615 iqnoramus
975 575 1029 616 (cf.
1055 575 1191 614 Simson,
1215 577 1350 617 Ludwiy
1372 577 1402 610 d.
1421 577 1567 609 Fromme
1589 577 1614 608 I
1625 578 1711 616 127).

291 638 367 668 paq.
407 630 447 658 61
470 638 496 658 v.
534 629 577 659 82
599 628 634 659 in
656 627 859 659 adnotatione
881 627 942 667 leqe
965 627 1105 666 ‘versus³,·
1127 627 1170 670 cf.
1194 628 1312 660 Avian.
1331 628 1401 670 fab.
1417 630 1470 667 27,
1487 630 1507 659 6
1529 631 1558 660 et
1579 631 1631 667 31,
1647 630 1676 660 8.

406 682 447 710 63
468 690 494 712 v.
533 679 574 711 35
598 690 662 711 non
684 679 728 710 ad
749 678 963 719 Fulqentium,
987 679 1041 711 sed
1062 680 1106 711 ad
1120 679 1244 711 Sedulii
1265 691 1392 712 carmen
1409 680 1560 720 paschale
1582 681 1623 720 (I
1634 682 1713 718 347)
1735 681 1948 722 adlegandum

599 734 676 763 erat.
700 751 739 755 —-—
762 742 789 762 v.
807 730 849 763 52
871 731 1011 763 carmine
1034 734 1123 771 recte,
1146 731 1190 774 ef.
1212 732 1256 764 ad
1278 732 1472 764 Audradum
1488 743 1563 774 paq.
1581 733 1623 764 97
1644 743 1671 764 υ.
1687 734 1760 765 213.

785 917 1005 953 AUDRADI
1031 917 1196 954 MODICI
1225 917 1412 954 CARMIN
1413 917 1457 954 A.

406 1002 554 1033 67--121
599 1000 641 1042 cf.
664 1001 754 1040 apud
775 1011 832 1032 nos
847 1011 924 1041 paq.
942 1001 1132 1040 739—745‚
1155 1001 1210 1033 ubi
1231 1001 1444 1033 necessarium
1466 1001 1715 1041 supplementum
1731 1001 1950 1044 fflaefatiowis

596 1055 625 1084 ct
647 1053 795 1084 editionis
817 1053 986 1085 invenitur.

404 1107 446 1136 72
592 1105 809 1147 fraqmentum
841 1105 1008 1137 Passionis
1038 1105 1072 1137 S.
1095 1105 1222 1137 Iuliani
1248 1116 1269 1137 a
1299 1105 1455 1137 Gulielmo
1483 1104 1620 1138 Schmitz
1654 1106 1690 1137 in
1718 1105 1822 1137 codice
1852 1105 1948 1138 Gueb

595 1156 759 1197 ferbytano
780 1167 860 1188 saec.
877 1157 934 1188 IX
954 1157 1107 1189 detectum
1129 1157 1187 1199 (ef.
1212 1157 1357 1196 Schmitz,
1381 1157 1547 1198 Beitraeqe
1568 1167 1628 1190 zur
1649 1157 1705 1189 lat.
1722 1157 1950 1197 &nachkunde

590 1220 664 1249 paq.
684 1209 763 1247 188)
786 1211 815 1240 ct
836 1220 955 1240 mecum
971 1209 1200 1249 officiosissime
1222 1210 1487 1242 communicatum
1509 1220 1531 1241 a
1547 1209 1700 1242 Bolhmdi
1717 1210 1820 1249 capite
1834 1213 1949 1250 quarto

596 1261 709 1300 incipit
732 1261 781 1300 (in
805 1263 951 1303 tempore
974 1261 1029 1292 illo
1057 1261 1091 1292 in
1118 1261 1249 1293 ciuitate
1273 1261 1458 1293 anthiochia
1481 1261 1664 1304 persecutio
1687 1261 1848 1301 inualuit),
1875 1262 1950 1302 finit

595 1313 631 1343 in
652 1313 765 1351 verbis,
795 1324 877 1353 quae
898 1313 988 1352 apud
1009 1323 1057 1344 me
1077 1315 1154 1345 sunt
1169 1323 1244 1354 paq.
1262 1315 1318 1352 93,
1349 1314 1526 1345 martianus
1549 1313 1626 1345 dicit
1647 1313 1700 1346 hic
1722 1325 1806 1346 nunc
1829 1325 1948 1357 parcae

595 1365 726 1405 fabulis,
756 1365 811 1396 sed
839 1365 943 1396 media
971 1364 1064 1396 verba
1090 1375 1155 1397 non
1184 1366 1290 1397 omnia
1317 1365 1435 1398 adsunt
1463 1365 1586 1397 duobus
1611 1365 1700 1406 foliis
1720 1366 1836 1406 quibus
1853 1366 1949 1409 fraq-

595 1419 734 1448 mentum
757 1417 837 1448 inest
858 1427 880 1448 a
902 1417 1032 1458 liqatore
1054 1417 1258 1449 circumcisis.
1285 1436 1323 1440 —
1347 1417 1366 1449 l.
1383 1418 1405 1448 8
1427 1417 1466 1450 ab
1487 1428 1608 1449 summo
1631 1417 1692 1459 leye
1714 1417 1880 1450 ‘wncinos².

465 1470 540 1501 adn.
554 1471 573 1500 1
597 1468 806 1511 blasphemiis
828 1469 910 1500 aeris
932 1468 968 1500 in
983 1468 1176 1509 Leudeqarii
1198 1469 1273 1501 Vita
1287 1470 1403 1510 optimo
1424 1469 1495 1502 iure
1509 1469 1706 1509 scripseram,
1729 1469 1772 1511 ef.
1789 1469 1834 1502 ibi
1847 1470 1874 1502 Ι
1885 1471 1950 1502 441

594 1531 667 1561 paq.
686 1522 736 1554 18.

402 1575 484 1604 73-
493 1575 534 1604 84
593 1573 718 1604 videtur
733 1572 914 1604 Audradus
928 1572 1121 1605 Descensum
1141 1571 1261 1606 Christi
1279 1574 1324 1605 ad
1337 1573 1459 1616 inferos
1474 1573 1581 1614 legisse
1596 1572 1764 1614 (Evanyel.
1779 1573 1948 1619 apocryph.

594 1624 659 1657 ed.²
683 1623 899 1667 Tischendorf'
909 1634 987 1665 paq.
1004 1626 1094 1663 389).

403 1679 445 1709 77
465 1688 492 1708 v.
511 1678 572 1708 145
589 1687 652 1716 pro
675 1677 794 1708 Eberto
817 1676 1001 1708 laudandus
1023 1679 1092 1709 erat
1113 1677 1217 1718 Buzy,
1244 1677 1396 1710 Travauo:
1417 1677 1455 1709 dc
1477 1677 1658 1709 l’aeademie
1680 1677 1718 1709 de
1740 1677 1850 1710 Reims
1863 1677 1952 1711 LIX

595 1729 808 1771 (1875-76)
824 1739 900 1769 paq.
917 1729 991 1761 249.
1016 1748 1056 1752 —
1079 1739 1107 1762 v.
1124 1728 1187 1760 158
1210 1732 1244 1761 et
1265 1740 1367 1772 grege
1390 1729 1476 1769 Neff.

403 1783 445 1813 78
466 1792 493 1813 v.
509 1783 573 1813 206
595 1781 677 1814 solvi
698 1783 788 1820 recte,
811 1780 854 1823 cf.
879 1792 904 1814 c.
925 1791 955 1822 9.
970 1791 1047 1822 paq.
1065 1782 1106 1812 90
1127 1792 1155 1813 v.
1171 1783 1223 1814 39.
1286 1786 1288 1788 '

403 1835 444 1864 99
466 1844 493 1866 v.
511 1835 573 1864 114
596 1833 658 1874 leqe
679 1836 798 1865 terrae.
824 1851 863 1856 —
887 1844 914 1864 v.
930 1834 996 1865 286
1018 1833 1134 1865 tiranni
1157 1833 1242 1873 Neff.

383 1887 444 1916 101
466 1896 494 1917 v.
530 1886 572 1917 25
595 1896 706 1918 versus
735 1885 776 1917 de
805 1885 934 1927 ploratu
962 1886 1182 1929 poenitentiae
1215 1886 1251 1918 in
1277 1886 1380 1918 codice
1411 1886 1564 1918 Parisino
1588 1885 1672 1917 1154
1701 1885 1757 1926 (cf.
1785 1886 1874 1927 apud
1901 1896 1950 1919 me

589 1947 665 1978 paq.
683 1938 745 1969 721
767 1937 843 1969 adn.
859 1938 895 1976 3)
916 1947 1118 1978 nequaquam
1140 1948 1162 1970 a
1187 1938 1375 1971 Godescalco
1393 1937 1480 1980 facti
1500 1940 1586 1971 sunt.

381 1989 444 2020 105
466 2001 493 2022 v.
511 1990 573 2021 149
589 1992 666 2030 post
687 1989 817 2032 repulso
841 1988 907 2021 dele
929 2000 1057 2022 comma.

383 2043 445 2072 106
478 2041 497 2073 l.
526 2043 567 2073 13
598 2041 637 2073 ab
660 2041 722 2073 imo
744 2040 807 2082 leye
829 2041 972 2073 viriliter.

383 2094 446 2124 108
466 2103 493 2124 v.
553 2095 574 2124 8
596 2094 675 2135 (non
698 2094 754 2131 12)
784 2093 896 2125 ambro
917 2104 980 2134 pro
1003 2093 1118 2126 umbro
1140 2094 1269 2134 scripsi,
1302 2093 1345 2136 cf.
1369 2105 1393 2126 e.
1415 2104 1444 2134 q.
1468 2093 1654 2126 Aldhelmus
1681 2093 1720 2126 de
1748 2093 1839 2126 VIII
1862 2093 1950 2126 vitiis

598 2145 674 2177 dum
696 2145 832 2177 vetitum
855 2145 934 2188 ligni
956 2146 1077 2177 malum
1100 2145 1293 2189 decerperet
1316 2146 1443 2187 ambro,
1466 2146 1512 2177 ad
1531 2156 1623 2186 quem
1644 2156 1768 2178 versum
1789 2146 1826 2178 in
1847 2146 1950 2178 codiee

599 2197 739 2238 Reqinae
760 2198 847 2230 2078
868 2196 898 2239 f.
920 2199 983 2228 111
1005 2198 1204 2238 adscriptum
1236 2197 1295 2239 leqi
1323 2199 1427 2241 glutto
1455 2197 1644 2238 deuoretor,
1664 2200 1710 2230 ‘et
1733 2201 1832 2238 poeta
1861 2197 1952 2238 apud

596 2249 762 2282 Baehrens
789 2249 876 2281 Poet.
900 2249 953 2281 lat.
983 2249 1060 2282 min.
1082 2249 1136 2281 IV
1149 2251 1214 2282 442
1240 2261 1266 2282 v.
1287 2251 1332 2282 22
1358 2250 1487 2292 Tityrus
1523 2251 1700 2282 ammonuit
1735 2251 1820 2282 cives
1853 2261 1949 2293 quam

598 2312 697 2344 saepe
721 2311 847 2342 cavere,
870 2312 912 2333 ne
935 2301 1030 2344 lupus
1052 2302 1086 2333 in
1108 2301 1244 2334 stabulis
1267 2302 1375 2334 ovium
1390 2303 1544 2335 miseeret
1566 2313 1715 2339 acervom
1740 2302 1869 2335 dissona
1891 2302 1950 2334 sed

597 2356 744 2386 cunctam
778 2354 881 2386 vetuit
914 2353 1074 2386 discordia
1107 2354 1252 2396 plebem,
1287 2365 1328 2386 ne
1362 2355 1469 2387 saltim
1501 2354 1646 2387 excubiis
1677 2355 1730 2387 vel
1757 2365 1857 2398 saepe
1889 2355 1950 2394 (sie

598 2406 693 2438 codex
719 2408 813 2444 recte,
844 2405 1003 2438 ablativus
1029 2407 1089 2444 est)
1118 2406 1326 2438 ambronibus
1349 2406 1472 2447 obstet,
1501 2416 1528 2438 v.
1547 2406 1672 2438 Traube
1694 2405 1950 2447 Abhaudlunqen

600 2457 620 2489 l.
644 2469 669 2490 c.
686 2468 763 2499 paq.
779 2458 853 2489 391.

386 2511 448 2540 110
470 2520 495 2540 v.
535 2512 575 2541 71
598 2510 735 2551 corriqo:
757 2510 859 2542 multa
881 2520 940 2552 per
961 2510 1156 2550 innumeras,
1181 2520 1260 2553 quas
1282 2511 1352 2542 auri
1373 2509 1528 2553 pondere,
1553 2520 1682 2553 gypsus.

385 2563 447 2592 116
469 2573 496 2594 v.
511 2563 576 2593 278
598 2562 663 2594 dele
685 2573 804 2594 comma
822 2565 895 2602 post
918 2562 1019 2594 mixti.

384 2615 446 2645 120
468 2625 496 2646 v.
511 2615 575 2645 419
598 2615 716 2655 corriqo
749 2625 812 2657 quo
842 2614 947 2657 sopita
978 2614 1124 2656 (condita
1146 2614 1256 2656 codex)
1285 2615 1392 2646 iacent
1420 2614 1536 2646 Iuliani
1557 2614 1706 2657 martyris
1729 2625 1817 2650 ossa;
1851 2613 1950 2656 sopiri

594 2676 654 2706 pro
686 2666 838 2698 tumulari
869 2676 961 2706 saepe
989 2666 1062 2707 leqi,
1093 2666 1139 2698 sic
1170 2666 1206 2698 in
1236 2666 1405 2698 Laudibus
1433 2666 1555 2698 domini
1582 2677 1609 2698 v.
1631 2666 1673 2698 35
1705 2666 1767 2707 (ed.
1799 2665 1950 2698 Brandes
2007 2695 2012 2711 2

593 2728 668 2758 paq.
688 2719 723 2757 6)
746 2718 851 2760 sopita
870 2728 1040 2760 resurgere
1060 2718 1207 2750 membra
1220 2734 1259 2745 =
1272 2729 1299 2750 υ.
1315 2720 1377 2750 117
1395 2718 1500 2758 (apud
1512 2718 1664 2751 Brandes
1675 2729 1751 2759 paq.
1764 2719 1800 2759 9)
1820 2717 1950 2750 conditu

598 2770 745 2802 membra
767 2779 948 2812 resurgere.
974 2789 1012 2793 —
1036 2781 1063 2802 v.
1079 2771 1143 2803 421
1166 2770 1286 2811 corriqo
1307 2770 1446 2802 iamiam.
