2060 3074
739 150 851 177 VITAE
870 151 896 178 S.
915 151 1082 179 GERMANI
1102 153 1210 180 LIBER
1223 154 1269 181 IV.
1765 159 1823 190 481

542 235 702 267 Redditus
726 240 825 278 utque
849 237 931 278 dies,
955 239 1022 270 noti
1045 240 1170 271 iactura
1193 241 1311 273 vehicli

541 286 705 324 Noscitur3
729 291 763 320 at
785 289 862 320 furti
886 290 949 321 iam
974 301 1010 322 se
1034 291 1238 324 subduxerat
1262 297 1384 325 auctor.

540 337 631 371 Neve
655 339 816 371 sacerdoti
839 351 996 382 praesens
1021 343 1146 374 evectio
1171 343 1312 380 deesset,

464 402 503 421 220
540 389 687 422 Clericus
711 391 902 434 obsequium
927 397 1039 425 sancto
1063 394 1249 437 dependere
1274 400 1386 428 suetus

540 442 577 474 In
601 442 743 485 peditem
768 447 911 476 mutatur
935 455 1049 487 eques:
1076 447 1122 478 sic
1146 448 1246 489 exigit
1271 448 1360 479 ordo.

540 493 691 537 Dumque
716 495 775 527 iter
799 497 994 535 accelerant,
1019 497 1139 539 liquido
1162 499 1297 541 perfusa
1320 511 1438 532 screno

540 545 637 578 Clara
659 547 719 578 viri
742 547 840 579 facies
865 548 974 580 sobrio
998 549 1218 582 moderamine
1242 551 1350 584 fulsit:

540 597 606 630 Sed
629 601 760 640 praeter
783 598 914 630 solitum
939 599 1044 631 laetae
1068 601 1245 642 spiramina
1270 603 1386 633 mentis

465 661 504 680 221⁵
541 649 660 682 Fronte
684 650 811 692 premit.
856 650 978 683 Videre
1003 651 1052 682 sui
1076 652 1264 694 cunctisque
1290 654 1407 685 viritim

539 701 696 733 Attonitis
720 701 828 734 audax
852 703 1013 745 pauloque
1037 705 1259 746 expromptior
1282 716 1375 743 unus.v

539 752 710 790 Quaenam
733 758 835 791 tauta,
861 758 962 797 rogat,
988 756 1064 787 laeti
1089 757 1130 787 sit
1153 757 1258 798 gratia
1283 757 1400 789 vultus.

539 805 600 837 Ille
625 805 685 837 sub
710 805 790 838 haec
814 806 999 847 ‘Modicum‚
1024 808 1114 845 socii,
1139 807 1316 840 subsistite’
1345 808 1426 840 dixit

539 857 594 889 ‘Et
617 857 770 890 ridendus
795 862 828 890 et
851 859 972 891 infelici
996 863 1084 891 sorte
1108 859 1268 892 dolendus

463 922 502 942 πο
538 909 608 941 Iam
632 910 749 942 vestris
773 910 874 942 oculis
898 911 997 943 miser
1019 911 1236 943 obiectabitur
1259 912 1323 951 ine,

539 961 644 998 Quem
667 955 742 994 mox
765 963 931 1005 torquebit
954 963 1040 995 foedi
1065 974 1156 995 mens
1181 965 1310 996 conscia
1333 963 1431 996 tacti!

539 1013 632 1045 Dixit
655 1017 688 1046 et
710 1014 743 1046 in
766 1018 892 1057 partem
916 1016 1075 1057 porrectis
1099 1015 1223 1048 visibus
1248 1027 1326 1048 ecce

539 1064 674 1097 Eminus
697 1066 873 1109 inspiciunt
897 1066 1039 1109 peditem
1063 1067 1197 1110 loroque
1223 1078 1384 1109 manuque

538 1118 681 1161 Raptum
705 1118 823 1150 animal
847 1122 922 1161 post
945 1130 979 1150 se
1005 1119 1192 1162 pudibunda
1215 1119 1321 1152 fronte
1346 1120 1539 1152 trahentem.

461 1182 499 1202 2³5
538 1170 688 1213 Dumque
712 1170 766 1202 ille
789 1171 952 1202 accelerat
975 1171 1116 1214 dumque
1141 1171 1173 1203 hi
1196 1182 1259 1203 non
1282 1172 1385 1203 multa
1408 1176 1584 1211 morantur,

539 1221 819 1264 Consequiturque
842 1222 933 1254 brevi
957 1233 1058 1265 seque
1083 1222 1124 1255 ad
1148 1224 1287 1265 vestigia
1312 1223 1426 1255 sternit

539 1273 661 1306 Ordine
684 1274 890 1306 commissum
913 1274 1019 1306 fassus
1043 1285 1101 1318 per
1125 1275 1255 1317 singula
1278 1275 1401 1307 crimen

539 1326 646 1369 Seque
669 1325 715 1358 ita
738 1327 835 1358 totius
859 1326 1037 1369 implexum
1061 1331 1208 1369 tempore
1232 1328 1346 1360 noctis.

538 1378 582 1410 Ut
605 1378 694 1410 nullo
717 1388 879 1420 quoquam
905 1382 1017 1421 posset
1039 1378 1202 1411 divertere
1226 1383 1333 1421 pacto·

462 1442 500 1462 ’.τω
536 1430 577 1462 Ni
601 1440 678 1462 mox
701 1429 943 1473 quadrupedem
969 1431 1112 1463 vovisset
1137 1430 1272 1463 reddere
1297 1435 1438 1473 captum.

537 1481 620 1514 Tum
644 1492 735 1514 sacer
758 1482 897 1514 indoluit
919 1482 1074 1525 mollique
1098 1483 1250 1514 affamine
1274 1483 1421 1515 mulcens

537 1534 608 1574 ‘Em
632 1534 688 1566 tibi
712 1534 797 1577 quod
820 1534 907 1566 nudo
932 1535 1056 1574 deerat,
1081 1535 1108 1566 si
1132 1535 1216 1567 sorte
1239 1535 1413 1567 dedissem.

536 1586 692 1618 Patrandi
715 1586 849 1619 sceleris
874 1587 1026 1629 impulsio
1050 1587 1139 1632 nulla
1162 1587 1287 1619 fuisset.

536 1638 631 1670 Nunc
654 1649 746 1682 cape,
771 1639 863 1671 cuius
887 1649 981 1681 eges:
1005 1638 1092 1681 quod
1115 1642 1259 1671 nostrum
1284 1644 1342 1677 est,
1367 1639 1504 1671 reddito·
1530 1640 1625 1672 dixit:

457 1703 496 1722 ’.ηε
534 1690 589 1722 Sic
612 1701 687 1723 reus
711 1690 871 1723 indultam
896 1691 1022 1722 revehit
1046 1701 1119 1722 cum
1143 1701 1277 1723 munere
1302 1702 1430 1733 pacem.

580 1742 708 1775 Secreti
731 1741 868 1785 cupidus
893 1746 1005 1775 sancto
1029 1743 1078 1774 vir
1101 1743 1233 1774 numine
1258 1743 1384 1785 plenus.
1563 1747 1606 1774 De
1619 1757 1726 1774 occursu
1736 1758 1817 1781 popu-

535 1793 608 1826 Non
632 1794 736 1837 magis
759 1797 914 1827 externos
938 1794 1052 1826 doctus
1076 1795 1180 1826 vitare
1204 1794 1334 1827 favores
1645 1793 1735 1817 lorum,

536 1846 706 1889 Quamque
729 1846 950 1879 ministrorum
974 1846 1090 1878 solatia
1114 1846 1228 1878 crebra
1252 1857 1410 1882 suorum,1

536 1898 623 1930 Voto
646 1897 811 1931 detulerat
834 1898 1057 1941 latebramque
1081 1898 1193 1931 fovere
1217 1898 1418 1941 perhennem

459 1963 499 1982 πο
535 1950 780 1993 Immunemque
803 1961 913 1989 aurae,
937 1961 1034 1993 quam
1058 1951 1154 1992 longa
1178 1954 1238 1988 est,
1262 1950 1381 1983 ducere
1405 1952 1514 1983 vitam.

535 2003 735 2035 Inconcussa
757 2007 866 2035 manet
889 2003 998 2045 magni
1021 2003 1079 2035 sed
1104 2003 1236 2045 sponsio
1260 2003 1337 2034 Iesu

535 2054 700 2087 Montibus
722 2054 906 2098 impositam
929 2065 991 2086 non
1015 2054 1090 2087 abdi
1114 2054 1237 2086 visibus
1261 2054 1388 2091 urbem;

536 2106 706 2150 Quemque
730 2107 812 2149 tegit
835 2106 959 2138 meritis
984 2106 1148 2138 absistens
1171 2106 1277 2148 gloria
1299 2106 1455 2148 pulchris,

534 2157 662 2191 Indicat
684 2158 827 2200 egregiis
851 2158 1016 2190 illustrans
1039 2158 1145 2200 gratia
1168 2158 1286 2199 signis;

460 2223 498 2242 πω,
535 2209 578 2242 Et
600 2221 731 2253 quaqua
753 2210 875 2242 tulerat
897 2210 1025 2242 facilem
1050 2220 1108 2252 per
1130 2210 1273 2252 compita
1297 2218 1456 2252 gressum,

534 2261 679 2294 Urbibus
698 2265 735 2294 et
758 2262 840 2294 vicis
863 2262 982 2305 raptim
1005 2261 1189 2304 promiscua
1213 2272 1285 2293 sese

535 2313 641 2356 Obyia
663 2313 759 2346 turba
781 2313 881 2346 dabat
903 2313 1079 2356 praeclaris
1103 2313 1212 2345 excita
1237 2313 1331 2345 factis

536 2365 579 2397 Et
601 2376 786 2408 quanquam
810 2366 899 2407 longi
922 2365 1018 2397 facilc
1042 2375 1157 2397 secura
1180 2364 1306 2396 laboris.

275 2511 382 2538 Scholia
399 2527 434 2532 —
451 2512 504 2539 258
521 2522 610 2539 secura
628 2512 732 2546 laboris]
751 2514 768 2539 i.
786 2522 807 2539 θ.
827 2517 1010 2546 contempnens
1028 2512 1140 2538 laborem

273 2605 324 2631 237
342 2607 437 2634 crimen
456 2617 487 2633 ex
504 2617 570 2633 corr.
590 2608 614 2633 P
716 2606 767 2633 2⁴4
785 2608 851 2633 inter
869 2608 965 2633 reddito
984 2611 1006 2632 et
1025 2607 1090 2632 dixit
1108 2615 1174 2632 eras.
1194 2599 1228 2641 ἶῇ
1249 2607 1273 2632 Ρ
1366 2605 1417 2632 245
1435 2616 1540 2632 munere
1559 2607 1660 2641 pacem]
1681 2617 1707 2634 re
1725 2617 1812 2640 pacem

171 2648 199 2673 in
217 2649 233 2674 1.
253 2658 274 2674 r.
292 2649 317 2675 P
412 2650 464 2677 249
481 2660 617 2684 perennem
635 2654 652 2676 2
669 2660 700 2676 m.
722 2651 746 2676 P
839 2650 887 2676 251
909 2651 1065 2676 Inconcussa
1082 2658 1114 2676 ea:
1131 2650 1170 2675 all.
1190 2649 1222 2683 P]
1244 2650 1396 2675 inconvulsa
1415 2650 1506 2675 Bacch.
1561 2655 1647 2676 manet
1666 2656 1750 2676 munet
1768 2651 1811 2676 sed

171 2700 237 2716 corr.
256 2692 282 2717 P

272 2785 324 2812 228
342 2785 392 2813 llle
409 2785 461 2813 sub
478 2786 548 2813 haec
566 2786 635 2813 Aen.
655 2786 746 2813 V394.
849 2787 899 2814 251
910 2794 946 2820 sq.
967 2786 1064 2812 Matth.
1084 2786 1108 2817 5,
1124 2786 1163 2812 14.

274 2840 377 2868 Pom:
395 2850 477 2869 ιΑτικι
494 2849 551 2869 Αενι
571 2842 694 2870 clinnum
712 2842 760 2874 ΙΙΙ,
774 2844 798 2870 ².
1573 2843 1606 2870 61
