2060 3074
218 170 279 200 550

788 163 964 190 IOHANNIS
983 162 1111 189 SCOTTI
1130 162 1229 189 CARM
1235 161 1307 187 INA.

586 251 653 282 Sed
676 251 702 281 si
724 250 913 292 perspicuos
937 259 1048 280 sensus
1071 248 1126 279 vix
1148 258 1227 279 voce
1250 247 1402 289 loquaris,

514 317 538 335 ιο
626 303 676 334 Sis
700 312 827 344 quoquc
852 303 1036 335 contentus:
1060 311 1134 331 nam
1158 299 1293 330 meliora
1315 302 1416 330 tenes.

586 355 619 385 Si
643 354 778 385 meliora
802 356 904 392 tenes,
930 362 1089 394 quaenam
1112 351 1171 382 tibi
1194 361 1271 382 cura
1293 354 1415 390 tenere,

629 406 720 442 Quae
746 407 819 436 sunt
842 404 1008 435 inferius?:
1034 414 1163 446 semper
1185 403 1218 434 in
1241 402 1306 433 alta
1328 405 1415 444 pete.

1024 509 1067 530 111.

587 559 739 601 Quisquis
763 562 852 590 amat
875 559 1013 590 formam
1036 559 1190 601 pulchrae
1213 558 1346 591 laudare
1369 559 1513 602 sophiae,

629 612 677 643 Tc
701 612 791 653 legat
814 611 954 652 assidue,
978 610 1122 642 Maxime
1145 611 1342 653 Graiugena.

586 663 636 695 Ac
659 663 762 706 primo
786 666 892 694 motus
915 673 1022 694 rerum
1046 663 1223 694 rationibus
1247 663 1320 694 altis

629 715 784 747 Mundum
809 714 995 746 sensibilem
1019 714 1150 746 deserat
1172 717 1270 757 atque
1292 717 1403 756 neget,

530 780 541 798 5
587 766 657 798 Nec
679 777 744 798 non
769 769 802 798 et
825 777 938 798 sensus
962 767 1059 808 ipsos,
1083 767 1138 809 qui
1161 776 1260 809 saepe
1284 765 1460 806 retardant,

630 818 785 850 Gnostica
809 817 884 849 dum
908 818 1033 850 scandit
1054 818 1187 850 bemata
1210 819 1326 850 mentis
1349 818 1420 850 iter.

586 870 720 902 Deliciis
744 870 867 912 fragilis
889 870 976 902 vitae
999 870 1186 913 mundoque
1209 870 1318 912 fugaci

629 922 673 954 Et
696 922 800 954 carnis
823 932 900 954 cura
923 922 976 965 qui
998 925 1102 962 vacat,
1125 922 1188 954 ista
1210 922 1314 964 legat;

586 974 824 1016 Mundanisque
849 974 943 1006 datus
966 974 1079 1006 studiis
1101 973 1276 1016 tardusque
1300 974 1457 1016 pigerque

515 1039 540 1058 ιο
627 1026 702 1058 Huc
724 1037 790 1058 non
813 1026 965 1058 accedat:
989 1026 1095 1057 nullus
1118 1025 1212 1057 adest
1235 1025 1350 1057 aditus.

589 1077 744 1110 Sensibus
767 1078 895 1109 inflatus
919 1077 1056 1120 propriis
1079 1077 1285 1119 tumidusque
1308 1075 1466 1119 superbus

632 1129 704 1161 Stet
726 1130 840 1172 procul
863 1129 933 1172 ipse
956 1139 1080 1171 negans
1103 1129 1156 1161 hic
1178 1129 1322 1172 reperire
1346 1129 1462 1160 locum.

589 1181 722 1213 Artibus
746 1182 899 1222 imbutus,
924 1191 1004 1224 quas
1026 1181 1115 1213 novit
1136 1181 1254 1213 mentis
1277 1191 1423 1221 acumen,

631 1233 732 1265 Fidus
754 1233 927 1275 procedat:
950 1243 1026 1265 nam
1049 1244 1107 1265 sua
1130 1235 1194 1265 stat
1217 1233 1331 1275 patria.

518 1298 541 1317 15
587 1285 735 1317 practica
757 1285 810 1316 hic
833 1285 921 1317 lucet
943 1295 1069 1317 morum
1092 1285 1261 1328 praeclara
1283 1285 1450 1327 magistra,

631 1337 749 1369 Custos
771 1334 925 1369 virtutum
947 1337 1096 1380 pervigil,
1119 1336 1247 1370 idonea.
1287 1367 1293 1371 ,

588 1389 652 1421 Ηίο
674 1389 809 1432 physice
833 1400 947 1421 causas
971 1399 1080 1421 rerum
1102 1389 1245 1432 vestigat
1267 1399 1387 1432 opacas

631 1442 851 1483 Inventasque
875 1442 969 1473 simul
993 1444 1157 1484 segregat,
1179 1441 1319 1473 unificat.

587 1493 650 1525 Hic
673 1493 767 1525 theo·
792 1494 855 1525 fert
877 1494 1017 1536 palmam
1042 1494 1163 1526 cunctis
1185 1493 1380 1536 perpulchra
1403 1493 1520 1535 -logiaz

513 1557 539 1577 ρο
628 1547 685 1578 ΟΝ
709 1545 806 1588 quod,
830 1545 918 1588 quod
939 1556 1004 1578 non
1027 1547 1095 1585 ΟΝ,
1119 1544 1262 1588 denegat
1285 1555 1380 1577 omne
1404 1545 1508 1577 simul.

1022 1816 1083 1849 IX.

489 1886 662 1919 VERSUS
686 1885 904 1918 IOHANNIS
929 1885 1088 1918 SOOTTI
1111 1885 1174 1918 AD
1198 1885 1421 1918 KAROLUM
1445 1885 1609 1919 REGEM.

589 1947 695 1979 Aulae
719 1946 868 1978 sidereae
894 1947 1057 1989 paralelos
1079 1946 1221 1989 undique
1245 1947 1346 1979 circos

590 1998 740 2030 Crinibus
763 1998 883 2029 auratis
905 1998 1006 2030 nectit
1029 1997 1159 2030 Titania
1180 1999 1315 2040 lampas.

589 2050 748 2082 Umbram
770 2049 820 2081 bis
843 2049 907 2081 luci
929 2050 1067 2091 parilem
1089 2049 1139 2082 bis
1162 2050 1255 2082 lance
1279 2053 1438 2082 staterans

590 2102 670 2134 Sese
693 2101 743 2133 bis
767 2101 909 2143 tropicos
933 2101 1102 2133 ambarum
1125 2102 1223 2133 vertit
1244 2102 1278 2134 in
1300 2104 1424 2142 auctus,

533 2166 544 2185 5
590 2153 639 2185 Ac
663 2154 708 2185 sic
733 2153 911 2195 distingens
934 2153 1018 2184 binis
1040 2152 1090 2184 bis
1113 2153 1255 2185 motibus
1279 2163 1398 2185 annum

590 2206 722 2248 Regnat
745 2208 952 2247 tetragonum
975 2205 1087 2247 pulcro
1111 2204 1293 2237 discrimine
1317 2205 1470 2237 mundum

591 2258 697 2300 Signis
721 2257 877 2289 ambitum
900 2257 950 2289 bis
973 2257 1058 2288 senis
1081 2257 1184 2289 limite
1209 2268 1316 2298 curvo,

593 2310 685 2346 Quae
709 2309 847 2341 totidem
869 2319 999 2341 menses
1022 2309 1160 2341 terrenis
1182 2309 1294 2342 usibus
1317 2312 1439 2352 aptant.

591 2362 725 2393 Talibus
748 2361 900 2402 articulis,
925 2371 1006 2403 quos
1030 2361 1149 2393 circum
1173 2364 1322 2404 tempora
1344 2364 1484 2402 currunt,

520 2427 545 2446 ιο
589 2413 742 2445 Partibus
766 2413 887 2444 octavis
911 2412 983 2444 dico
1006 2413 1173 2455 libraeque
1198 2414 1329 2456 criuque

591 2465 661 2498 Nec
684 2475 749 2497 non
772 2465 934 2507 aegoceri,
958 2465 1064 2496 cancri
1087 2465 1234 2508 praefixa
1256 2469 1380 2508 tropea.

330 2598 438 2623 Glossae
458 2611 488 2614 —
509 2595 565 2630 [ιιι]
585 2596 601 2622 6
620 2594 735 2628 bemata]
754 2595 851 2628 gradus
870 2595 1028 2621 ascensionis
1046 2594 1107 2619 AM

330 2682 385 2716 [uh]
405 2683 421 2708 4
440 2687 518 2716 negat
537 2682 568 2707 M
656 2681 688 2707 19
708 2682 798 2714 pulcra
816 2681 849 2706 M
899 2680 976 2715 logia]
996 2682 1072 2714 logea
1092 2691 1159 2707 corr.
1179 2681 1203 2706 A
1290 2680 1325 2706 20
1343 2673 1399 2709 0—ss
1417 2681 1474 2705 AM
1531 2673 1588 2709 ΟΝ
1607 2680 1631 2705 Δ
1649 2689 1698 2706 um.
1717 2680 1751 2705 M

329 2725 397 2759 [IX.]
418 2725 648 2758 (Xantabriyiemla
668 2724 775 2758 Colleyii
793 2724 910 2757 corporis
930 2724 1025 2750 Christi
1039 2725 1098 2755 223)
1187 2724 1203 2750 5
1221 2724 1365 2757 distingens
1382 2724 1418 2749 sic
1431 2723 1454 2749 C‘

331 2810 398 2844 [IX.]
421 2810 460 2843 Cf.
479 2810 564 2843 praef.
581 2818 642 2844 pay.
656 2810 716 2836 526.
