2138 3106
312 169 372 199 322
913 167 1081 193 CARMINA
1100 166 1195 193 CENT
1201 166 1363 193 ULENSIA.

616 262 640 279 10
677 254 719 285 Et
743 265 855 285 resera
876 253 979 292 nobis,
1004 264 1087 295 quae
1112 253 1189 284 talia
1213 253 1308 295 signa
1332 253 1508 295 requirunt,

677 305 794 341 Qualia
817 316 924 345 nemo,
949 316 1033 344 reor,
1058 305 1203 337 mortalis
1228 306 1330 337 erevit
1354 306 1386 336 in
1409 306 1498 337 orbe.

1071 379 1205 411 MVSA.

677 435 771 466 Musa
795 435 910 467 refert:
936 435 1105 474 ‘Ventura,
1131 435 1190 477 tibi
1214 446 1297 477 quae
1321 435 1467 478 pandere
1491 436 1630 477 quaeriS,

677 486 769 517 Illius
794 487 840 518 rei
864 486 1014 519 dominus
1040 486 1236 518 monstrabit
1259 490 1374 529 aperte

676 538 775 570 Haud
799 538 831 569 in
855 541 999 581 tempore
1024 541 1200 580 protracto,
1225 549 1284 570 ceu
1310 538 1442 571 credula
1465 539 1545 570 sisto
1570 557 1610 561 ——

615 598 638 615 1⁵
677 590 854 630 Sollicitus,
879 601 1005 629 moneo,
1030 586 1228 633 quapropter
1252 601 1383 632 semper
1406 590 1519 622 adesto
1545 610 1583 613 ——

675 641 830 673 Adventu
854 641 1033 681 Danorum,
1058 642 1111 684 qui
1135 641 1193 673 tibi
1218 642 1381 685 pessimus
1405 642 1483 673 olim

677 694 827 725 Perstitit
850 697 948 736 atque
971 696 1082 725 manet
1105 694 1225 736 iugiter
1249 697 1412 736 noctuque
1436 693 1566 736 diuque.

677 745 812 777 Eximat
836 745 920 777 unde
945 746 1016 788 pius
1040 745 1192 777 dominus
1218 746 1280 777 cito
1305 749 1402 788 teque
1427 749 1578 788 tuosque,

677 797 761 833 Quin
786 797 832 829 ita
857 798 1006 840 suspensi
1030 797 1117 829 haud
1142 798 1300 829 maneatis
1325 801 1423 840 atque
1447 798 1562 840 fugelli

615 856 640 875 20
676 849 836 892 Tempore
860 849 990 889 diffuso,
1015 850 1105 881 velut
1128 849 1297 890 hactenus,
1322 861 1389 889 oro,
1413 850 1531 882 fuistis.

678 901 798 932 Cetera
821 911 903 943 quae
928 904 1064 941 restant,
1088 905 1208 940 metuo,
1234 902 1261 933 si
1284 901 1404 933 vixeris
1428 912 1543 944 usque,

677 953 770 989 Quae
794 953 853 984 tibi
877 963 1027 995 nuncque
1052 953 1165 992 latent,
1189 953 1312 996 poteris
1338 964 1472 985 eraxare
1496 956 1637 996 peraeta.

677 1005 811 1037 Interea
834 1005 1002 1037 humiliter
1025 1004 1191 1036 dominum
1215 1006 1345 1048 placare
1370 1005 1509 1045 studete,

677 1056 726 1088 Ne
751 1057 846 1088 nimis
871 1057 987 1088 offensi
1010 1057 1156 1099 resupini
1181 1056 1264 1089 forte
1288 1057 1391 1089 ruatis

614 1115 638 1134 ‘25
675 1109 880 1150 Ignivomum
900 1108 958 1150 (in)
977 1109 1142 1141 baratrum
1158 1109 1222 1141 heu
1237 1119 1335 1151 quam
1348 1109 1547 1151 nimiumque
1561 1113 1746 1143 cruentum;

677 1161 716 1192 In
742 1171 804 1203 quo
829 1164 922 1193 noete
947 1160 999 1193 die
1023 1161 1133 1193 miseri
1156 1164 1349 1203 torquentur
1372 1172 1482 1193 amare

677 1212 707 1244 N
711 1223 748 1244 ee
772 1223 835 1244 non
861 1216 893 1244 et
917 1212 1036 1244 clausis
1058 1212 1199 1244 tundunt
1222 1223 1280 1244 rea
1302 1216 1437 1255 pectora
1459 1213 1586 1256 pugnis,

678 1265 844 1296 Dentibus
868 1265 980 1307 ignitis
1005 1265 1061 1297 ubi
1085 1264 1202 1296 rodunt
1226 1275 1302 1296 ossa
1325 1275 1454 1296 reorum

680 1316 752 1348 Diri
778 1320 961 1360 serpentes,
985 1317 1084 1349 etiam
1107 1327 1301 1359 vermesque
1325 1315 1473 1349 cruenti.’

616 1375 641 1394 ³⁰
676 1368 820 1408 Poscite,
843 1368 1004 1409 Pierides,
1027 1369 1122 1400 laxas
1147 1369 1345 1411 restringere
1369 1368 1467 1409 loras,

678 1421 804 1453 Inflatis
828 1431 923 1463 mage
947 1431 988 1453 ne
1013 1420 1150 1452 valeatis
1175 1431 1305 1452 currere
1330 1420 1439 1452 buccis

679 1473 775 1504 Invia
797 1483 920 1515 perque
945 1473 1015 1504 loca
1037 1483 1099 1505 nee
1122 1483 1186 1504 non
1209 1483 1269 1515 per
1291 1475 1387 1515 prata
1410 1472 1598 1515 sophorum.

1063 1727 1217 1759 LXXIV.

647 1801 712 1836 AD
742 1799 974 1844 QVENDAM
999 1799 1247 1836 NEPHITVM
1275 1800 1636 1836 CELLARARIVM.

679 1883 899 1915 Gentaculum
923 1884 1037 1923 nostri,
1063 1884 1168 1926 cupio,
1193 1884 1346 1926 frangant
1368 1887 1404 1915 ut
1428 1883 1525 1916 adelfi

721 1935 936 1967 Transactam
960 1938 1033 1978 post
1056 1935 1150 1975 hane,
1174 1947 1192 1967 o
1215 1939 1318 1978 pater,
1343 1935 1576 1972 ebdomadam;

682 1987 747 2019 Sed
772 1991 898 2019 eertum
923 1988 1056 2019 minime
1081 1988 1175 2020 valeo
1199 1991 1314 2020 taxare
1337 1987 1500 2030 diemque,

722 2039 853 2072 Debeat
876 2039 958 2072 haee
982 2040 1111 2082 quando
1135 2042 1229 2082 parte
1253 2051 1328 2072 mea
1349 2040 1430 2072 fieri.

630 2099 641 2117 ⁵
677 2091 787 2123 Unum
812 2091 870 2124 sed
894 2102 1025 2124 moneo:
1051 2092 1186 2124 studeas
1209 2092 1289 2123 mihi
1313 2092 1398 2124 ferre
1422 2092 1585 2130 iuvamen,

723 2144 822 2175 quta
845 2144 932 2186 quod
956 2144 1041 2176 velle
1066 2155 1104 2176 ae
1127 2155 1224 2186 posse
1247 2144 1307 2175 tibi
1329 2144 1436 2176 fuerit.

682 2195 746 2227 Sed
771 2196 900 2227 eotilam
924 2196 1001 2227 mihi
1027 2207 1126 2239 poseo
1150 2196 1220 2228 dari
1243 2199 1411 2228 tantumve
1435 2195 1555 2237 sinapi;

722 2248 805 2280 Nam
829 2248 906 2280 vino
930 2259 972 2280 ex
995 2248 1088 2280 acido
1112 2249 1250 2281 alteram
1273 2248 1396 2280 habere
1421 2248 1503 2279 volo.

415 2412 451 2438 22
469 2412 585 2445 craxare]
600 2412 717 2445 priorem
736 2421 748 2437 r
766 2421 797 2438 επ
815 2421 831 2438 a
850 2422 916 2438 corr.
936 2413 961 2438 B
1065 2412 1099 2438 ‘23
1117 2413 1219 2439 studere
1237 2413 1262 2438 B
1280 2421 1347 2438 corr.
1366 2412 1464 2438 Bethm.
1569 2410 1604 2437 24
1621 2411 1738 2444 resupini
1756 2411 1781 2436 B
1876 2409 1911 2435 25
1928 2409 1971 2434 *in

312 2465 359 2481 om.
381 2456 404 2480 B
507 2455 542 2481 30
559 2465 596 2481 an
613 2455 746 2481 *Pax-cite?
1284 2459 1287 2462 ¹

419 2507 554 2540 [Lxqu
573 2500 703 2532 Nsrnff
721 2501 807 2533 03OE
822 2508 859 2533 B:
877 2509 1025 2542 neophitum
1043 2509 1152 2534 acram
1171 2517 1223 2534 mm
1241 2508 1398 2534 audebamus
1410 2509 1459 2539 cfr.
1473 2507 1636 2534 Schuchardt
1654 2507 1695 2539 II,
1707 2505 1759 2532 513
1827 2506 1844 2532 6
1862 2506 1928 2531 fierit
1945 2505 1971 2530 B

311 2560 378 2576 corr.
397 2550 496 2576 Bellzm.

418 2644 450 2670 16
468 2644 503 2670 Λ.
521 2644 572 2670 859
592 2644 672 2670 Dani
695 2644 867 2670 devastarunt
894 2644 1043 2671 Gamalam.
1166 2645 1199 2671 27
1218 2644 1282 2672 Bed.
1301 2645 1333 2671 de
1351 2622 1393 2671 die
1410 2644 1468 2671 iud.
1489 2645 1519 2671 17
1539 2643 1640 2671 ferient
1658 2651 1705 2670 rea.
1723 2644 1838 2677 pectora
1855 2641 1970 2677 pugnis;

312 2696 360 2728 cfr.
383 2695 488 2722 Traube
506 2695 544 2721 ad
561 2696 632 2722 Poet.
653 2695 738 2723 (karol.
751 2704 839 2730 supra
855 2705 881 2730 p.
894 2697 928 2723 42
946 2696 1011 2724 adn.
1030 2699 1047 2724 5
1065 2699 1089 2723 et
1102 2705 1131 2731 p.
1144 2697 1178 2724 48
1196 2705 1218 2724 v.
1233 2698 1273 2724 78.
1346 2698 1378 2723 31
1397 2697 1444 2729 cfr.
1463 2704 1485 2723 c.
1500 2695 1606 2728 CLXI,
1619 2696 1644 2722 8.
1714 2694 1748 2721 32
1764 2694 1814 2726 cfr.
1826 2702 1847 2721 c.
1863 2693 1932 2727 XX,
1944 2695 1969 2721 5.

418 2756 562 2790 [LXXIV]
591 2757 607 2782 4
632 2757 721 2783 Nescit
752 2765 808 2790 qua
841 2757 883 2783 die
914 2757 1134 2784 hebdomadarius
1165 2766 1217 2785 esse
1247 2757 1372 2792 incipiat,
1404 2757 1454 2790 cfr.
1484 2756 1578 2790 Requl.
1603 2755 1629 2782 S.
1656 2754 1790 2782 Bmodiot.
1813 2762 1835 2780 c.
1861 2754 1970 2781 XLIV.

312 2810 328 2835 6
345 2808 394 2840 cfr.
414 2807 546 2840 LXXII,
561 2808 583 2834 7.
