2060 3074
732 141 779 168 DE
797 141 1027 169 SOBRIETATE
1046 142 1154 169 LIBER
1167 143 1202 170 11.
1729 146 1791 177 667

507 226 584 269 Ipsa
605 228 638 259 in
660 231 764 260 matre
789 229 915 271 probat,
939 229 1028 261 cuius
1051 239 1133 272 puer
1155 230 1257 262 ubera
1282 230 1404 268 lambit,

505 279 663 322 Hancque
687 281 720 312 in
743 281 919 313 seminibus
943 285 1080 314 centeno
1103 282 1250 324 germine
1275 282 1448 325 adaequat.

506 330 580 362 Non
602 334 713 363 tamen
735 333 802 364 ulla
825 333 889 364 suis
913 343 1011 376 super
1033 334 1116 365 hanc
1139 337 1318 376 praecepta
1341 335 1524 378 relinquens

505 382 648 415 Arbitrio
673 385 831 416 concessit
846 395 935 427 *opus
959 388 1025 417 tam
1049 385 1171 428 grande
1196 390 1399 428 sequentum,

426 445 464 464 '155
508 433 617 476 thue
640 435 786 466 minister
808 445 918 478 agens,
941 447 1006 468 non
1029 440 1064 469 ut
1086 441 1280 480 praeceptor
1301 438 1334 470 in
1356 439 1421 479 illa,

507 483 649 517 Consilio
673 485 795 518 Paulus
819 486 972 519 caelestis
992 489 1103 520 consul
1126 489 1277 531 adauget.
1396 496 1418 516 ⁸-

548 546 676 579 XVIII.
699 547 809 591 Atque
833 549 956 581 utinam
978 551 1095 582 nostris
1120 550 1248 582 Christo
1271 551 1446 583 miserante
1470 551 1584 583 diebus

507 599 604 631 Salva
626 599 711 631 foret
733 601 813 632 casti
836 602 961 643 species
986 605 1098 633 ornata
1121 602 1260 634 decoris:

505 650 681 693 Virginitas
705 651 827 683 celsum
850 653 945 694 petiit
966 653 1031 685 iam
1055 653 1226 696 splendida
1249 654 1374 686 caelum

423 715 462 735 τω
505 702 689 744 Pennigero
711 703 877 745 penitrans
899 705 1007 736 aulam
1030 715 1128 747 super
1149 708 1236 736 astra
1260 706 1380 745 volatu,

505 754 593 786 Rara
615 754 664 785 sui
687 754 790 786 cultus
813 756 908 787 terris
930 756 1068 799 vestigia
1089 757 1192 799 liquit.

505 805 627 838 Iudicio
650 805 776 838 Paridis
798 806 920 839 Veneri
944 809 1063 840 servire
1087 809 1238 840 subactos

506 857 637 890 Crimen
659 868 756 890 nemo
779 859 889 900 refert,
913 860 1026 892 vitium
1048 863 1164 892 natura
1185 863 1327 892 vocatur.

506 910 676 942 Moechiae
700 911 802 953 turpis
826 911 949 943 facinus
971 911 1148 954 plaudente
1172 912 1326 944 cachinno

423 975 460 994 ηε.
505 962 648 1004 Quisque
671 961 762 994 videt
783 962 895 995 laudat
918 964 1063 1006 tantique
1085 964 1217 996 infamia
1240 964 1316 995 facti

507 1013 546 1046 In
568 1014 713 1056 patiente
736 1018 862 1052 manet;
886 1015 992 1047 nullus
1016 1015 1210 1047 condemnat
1232 1019 1395 1058 agentem.

505 1065 655 1098 Univiras
677 1065 791 1098 viduas
814 1069 988 1099 tenuerunt
1011 1068 1133 1110 templa
1156 1067 1289 1099 dearum

504 1117 652 1160 Vivaque
676 1117 806 1151 defossa
829 1122 878 1151 est
894 1119 1036 1151 Vestalis
1058 1120 1150 1162 virgo
1174 1123 1280 1151 reatu:

506 1169 636 1212 Vixque
659 1170 847 1202 sacerdotes
870 1171 935 1203 iam
958 1171 1054 1204 sorde
1078 1182 1190 1204 carcre
1213 1171 1371 1203 secundos

423 1234 461 1254 πο
504 1221 601 1254 Flere
625 1221 731 1263 decet,
755 1222 814 1254 sed
837 1223 918 1255 scire
942 1223 1055 1266 pudet,
1079 1224 1134 1266 qui
1156 1224 1287 1255 crimine
1310 1224 1409 1256 stolas

503 1273 577 1305 Non
599 1273 702 1305 vitant
722 1275 886 1306 maculare
910 1285 1000 1312 suas;
1023 1276 1206 1307 reverentia
1227 1275 1306 1307 celsi

504 1325 613 1368 Digna
635 1326 802 1359 ministerii
826 1331 916 1359 tenet
938 1328 998 1360 hos
1019 1338 1084 1360 non
1107 1328 1174 1360 ulla
1195 1338 1256 1360 neo
1277 1328 1349 1371 ipsa

504 1377 643 1410 Pollutis
664 1378 814 1411 manibus
839 1378 996 1411 sacranda
1019 1379 1138 1411 offerre
1161 1382 1325 1411 recusant:

505 1427 611 1461 Altior
632 1429 718 1461 unde
742 1430 872 1472 gradus,
896 1431 1026 1473 gravior
1048 1431 1121 1463 hinc
1145 1431 1282 1463 culmine
1307 1441 1408 1462 casus.

422 1493 460 1513 πε
505 1481 632 1524 Quique
656 1481 756 1514 duces
780 1483 869 1515 caeci
894 1493 1064 1515 caecorum
1087 1486 1244 1526 praepete
1268 1493 1360 1515 cursu

505 1532 543 1565 In
564 1533 730 1565 baratrum
754 1533 839 1576 lapsi
860 1535 970 1566 miseri
994 1534 1168 1577 turbasque
1192 1534 1358 1566 trahentes
1407 1548 1410 1551 ·

504 1584 543 1616 In
565 1584 694 1617 foveam
717 1585 850 1618 trudunt
873 1589 1027 1618 aeternae
1050 1585 1249 1629 perditionis.

506 1636 558 1668 De
581 1636 737 1679 gradibus
759 1638 903 1680 reliquis,
926 1638 1119 1670 monialibus
1141 1641 1240 1680 atque
1262 1637 1379 1680 puellis

506 1687 647 1720 Crimina
670 1689 824 1731 colligere
849 1693 882 1722 et
904 1690 1012 1722 verbis
1035 1689 1218 1722 damnanda
1240 1693 1353 1721 notare

423 1753 462 1773 τω
506 1740 580 1772 Non
603 1741 711 1783 operis
733 1742 834 1773 nostri
858 1745 907 1774 est
929 1752 991 1774 nec
1014 1742 1095 1774 tanti
1118 1742 1266 1774 carminis
1289 1751 1401 1773 ausum

506 1792 670 1824 Innocuae
694 1793 841 1826 mihimet
864 1794 975 1826 tribuit
997 1793 1114 1826 fiducia
1135 1794 1231 1825 vitae.

506 1843 595 1880 Quos
617 1844 752 1876 laudare
776 1845 829 1888 pie
853 1845 951 1877 decus
975 1849 1025 1877 est
1046 1845 1233 1877 venerabile
1256 1848 1409 1885 nostrum,

507 1895 597 1932 Quos
620 1896 765 1929 lacerare
789 1907 888 1939 grave
913 1901 963 1929 est
986 1897 1054 1929 Oza
1076 1897 1235 1928 moriente
1258 1896 1423 1939 periclum.

507 1947 556 1980 Sit
578 1949 740 1980 monuisse
764 1952 874 1981 tamen
898 1950 1054 1981 correctio
1079 1949 1176 1991 digna
1199 1949 1304 1991 piacli,

423 2012 461 2032 785
505 1999 543 2032 In
565 2000 644 2032 vitio
668 2001 801 2033 alterius
824 2002 988 2044 proprium
1012 2002 1066 2044 qui
1089 2001 1208 2043 plango
1232 2003 1366 2032 reatum.

506 2051 570 2088 Qui
592 2051 656 2084 fert
678 2062 757 2084 vasa
781 2052 844 2093 dei,
868 2052 1014 2085 mundari
1037 2053 1098 2084 rite
1121 2051 1261 2090 iubetur,

244 2188 296 2216 '166
314 2191 485 2224 condempnat
503 2190 541 2222 (ut
553 2191 648 2224 pauci·
667 2191 729 2216 lecit
746 2191 862 2224 dampn-)
875 2190 925 2216 AL
1007 2189 1057 2216 786
1075 2190 1123 2215 rite
1136 2188 1170 2223 A]
1190 2190 1245 2215 iure
1258 2189 1281 2214 L

244 2267 296 2295 ⁷56
314 2267 328 2294 1
343 2266 404 2294 Gor.
416 2267 441 2299 7,
453 2267 564 2300 81—39.
635 2267 686 2294 762
704 2256 772 2293 Aen.
793 2266 854 2294 127
872 2266 1007 2293 Iudicium
1021 2265 1137 2293 Paridis.
1209 2265 1258 2292 767
1278 2265 1433 2300 Hieronym.
1446 2265 1478 2291 in
1489 2265 1553 2299 hl.
1566 2265 1603 2292 ad
1616 2266 1704 2293 Galat.
1717 2266 1791 2293 1115

141 2317 253 2353 (Hique
269 2318 312 2351 26,
325 2318 390 2352 48³)
407 2317 476 2352 qnid
494 2326 544 2345 nos
563 2319 676 2353 oportet
693 2318 791 2350 faeere,
810 2318 840 2344 in
859 2326 978 2352 quorum
996 2316 1256 2344 condemnationem
1275 2316 1361 2343 habet
1379 2317 1408 2343 et
1426 2316 1495 2343 Iuno
1514 2317 1639 2344 univiras
1657 2318 1686 2344 et
1704 2317 1790 2344 Vesta

142 2369 266 2404 virgines
293 2371 323 2397 et
349 2369 409 2397 alia
431 2369 509 2397 idola
530 2370 726 2397 continentes?
751 2370 802 2402 cfr.
830 2369 890 2396 adv.
913 2369 1050 2396 lovinium.
1076 2369 1135 2395 111
1161 2368 1213 2400 (Μ.
1233 2368 1274 2401 23,
1287 2367 1366 2402 225);
1391 2368 1537 2402 Angustia.
1564 2368 1618 2396 oio.
1646 2368 1691 2396 dei
1713 2369 1790 2396 1116

141 2421 262 2448 Romani
287 2421 399 2456 antiqui
424 2421 454 2448 in
479 2422 576 2456 stupro
599 2421 724 2449 detectas
742 2421 845 2448 Vestae
867 2420 1023 2448 sacerdotes
1047 2420 1125 2446 vivas
1147 2419 1335 2447 defodiebant.
1423 2420 1560 2447 775-777
1584 2420 1684 2447 Matth.
1704 2420 1790 2453 15,14

143 2472 229 2500 ninitae
246 2473 322 2500 illos:
343 2473 418 2501 caeci
438 2474 505 2500 sunt
522 2474 552 2500 et
569 2473 653 2500 duces
671 2481 827 2505 caecorum;
853 2481 950 2500 caecus
968 2473 1063 2499 autem
1081 2471 1104 2498 si
1125 2478 1205 2498 caeco
1225 2470 1357 2497 ducatum
1375 2472 1511 2505 praestet,
1533 2471 1615 2498 ambo
1633 2471 1663 2498 iu
1681 2472 1790 2499 foveam

143 2524 258 2552 cadunt.
337 2524 389 2552 '183
410 2524 518 2559 (ἕτερον.
537 2525 637 2552 Moral.
657 2525 723 2551 Vll
743 2525 796 2558 (M.
816 2525 857 2556 78,
870 2524 934 2558 691)
952 2531 1043 2558 saepe,
1061 2522 1129 2557 quia
1147 2522 1275 2556 intellegi
1294 2530 1349 2549 non
1369 2513 1472 2554 valent,
1491 2522 1674 2550 deterioribus
1692 2523 1790 2558 displi-

142 2576 208 2602 cent
222 2575 267 2603 vel
285 2575 360 2603 faeta
372 2575 416 2603 vel
434 2575 511 2604 dicta
524 2576 678 2608 meliorum,
697 2576 744 2603 sed
763 2576 798 2603 ab
817 2576 858 2602 eis
870 2584 925 2602 non
944 2577 1047 2604 temere
1061 2573 1289 2608 reprehendenda
1301 2574 1367 2600 sunt
1446 2573 1520 2601 unde
1538 2575 1567 2601 et
1584 2573 1683 2601 levites
1701 2574 1789 2602 isdem

143 2625 201 2654 On
222 2627 250 2658 (2
263 2626 326 2661 Rq.
343 2627 410 2660 631)
433 2629 508 2655 recte
535 2622 652 2659 dicitur,
679 2627 754 2662 quod
777 2626 910 2654 videlieet
936 2626 1066 2653 robustus
1093 2624 1199 2652 domini
1228 2624 1445 2660 interpretatur.
1473 2625 1541 2659 quia
1567 2627 1790 2660 praesumptores

142 2677 256 2712 quique,
275 2678 329 2706 nisi
347 2678 447 2706 audaci
465 2681 559 2706 mente
578 2679 706 2707 robustos
724 2687 752 2706 se
770 2679 800 2706 in
818 2678 931 2706 domino
944 2677 1094 2708 crederent,
1113 2684 1291 2711 nequaquam
1303 2676 1449 2704 meliorum
1468 2677 1544 2703 facta
1558 2676 1601 2704 vel
1621 2676 1699 2704 dicta
1710 2677 1788 2704 velut

142 2729 253 2757 infirma
270 2730 436 2758 iudicarent.
524 2731 574 2758 786
600 2732 613 2758 1
632 2730 721 2758 These.
739 2731 765 2762 4,
777 2730 795 2757 4
813 2731 846 2757 ut
868 2729 939 2756 sciat
957 2729 1147 2763 unusquisque
1167 2729 1288 2755 vestrum
1307 2736 1356 2755 vas
1381 2737 1460 2756 suum
1479 2727 1620 2763 possidere
1638 2728 1667 2754 in
1686 2728 1789 2755 sancti-

142 2780 271 2808 &atione
291 2783 320 2808 et
337 2781 441 2809 honore
461 2803 484 2810 ..
503 2783 518 2808 7
538 2790 593 2809 non
613 2782 686 2809 enim
705 2781 817 2809 vocavit
834 2789 884 2808 nos
903 2781 970 2807 deus
989 2780 1017 2806 in
1036 2779 1251 2807 immunditiam.
