2060 3074
675 156 764 183 VITA
782 157 809 185 S.
823 157 977 184 AMANDI.
1009 157 1119 185 LIBER
1137 158 1163 185 H
1182 158 1228 185 ΕΤ
1247 158 1296 185 ΙΠ.
1749 162 1811 193 589

453 254 479 274 18
522 243 630 275 Altius
652 243 707 276 ille
730 244 829 285 volat,
852 255 948 287 quam
971 245 1100 287 garrula
1122 246 1232 288 lingua
1254 249 1406 279 recurrat.

524 294 575 326 En
598 295 753 337 figmenta
776 299 894 327 canunt
915 296 1005 328 lirieo
1029 307 1176 329 sermone
1198 300 1333 340 poetae:

526 345 618 383 Quae
642 347 761 389 relegis
784 358 849 388 cur,
872 347 984 388 lector,
1009 359 1130 388 amans,
1155 359 1227 381 cum
1249 350 1338 381 nulla
1359 350 1470 381 salutis

524 397 631 430 Lucra
653 401 769 440 gerant
792 399 916 440 animis,
938 399 1031 432 labor
1054 401 1127 441 oris,
1149 401 1255 443 pastio
1278 402 1386 433 venti?

525 448 610 485 Quid
632 450 691 482 tibi
713 461 879 493 pugnaces
902 454 1055 494 poterunt
1076 455 1242 494 praestare
1264 453 1464 496 phalanges?

453 513 478 532 25
523 500 595 537 Qua
617 504 650 533 te
674 505 764 533 veste
788 505 880 545 teget
901 503 988 545 palla
1012 502 1172 535 discordia
1194 505 1311 536 scissa?

524 552 590 585 Cur
612 552 724 585 doleas
746 554 802 585 illa
824 565 936 586 caesas
959 555 1018 586 sub
1042 555 1134 587 clade
1158 559 1323 588 catervas?

522 604 638 637 Funeti
660 605 769 637 fimeta
792 609 923 638 canant:
947 607 1058 638 vivens
1081 607 1192 639 vitalia
1215 618 1333 650 pange.

0 691 5 701 Γ
523 657 574 689 En
595 657 730 689 meliora
751 668 826 690 meo
849 661 1018 690 narrantur
1040 660 1179 691 carmine
1203 662 1311 702 gesta:

0 709 5 748 ξ
524 709 599 741 Non
622 709 748 751 gladios
770 720 831 742 nec
853 711 920 742 tela
941 711 1042 743 refert
1064 711 1315 754 pharetramque
1339 712 1507 753 Camillae,

0 749 7 794 1
454 773 480 792 ³0
524 760 590 792 Sed
612 764 772 793 memorat
794 762 912 794 victam
937 762 1064 794 Christo
1088 763 1147 794 sub
1170 764 1320 806 praesule
1343 766 1481 796 mortem

523 812 566 844 Et
588 823 671 855 quae
695 812 780 845 dona
803 813 892 845 dedit
915 824 990 846 caro
1013 813 1185 856 dignanter
1207 815 1320 847 amico.

525 863 673 899 Qualiter
695 867 729 896 et
751 865 915 908 quondam
939 865 1060 898 domini
1083 865 1219 898 dilectus
1242 866 1410 898 Amandus

524 915 637 948 Mortis
659 916 766 956 adhuc
788 917 847 949 sub
870 918 945 960 lege
968 928 1103 950 1888888
1127 921 1160 950 81
1183 929 1279 950 carne
1303 922 1456 961 gravatus

524 967 637 999 Mortis
658 968 729 999 iura
751 968 833 1009 tulit,
858 969 1001 1000 clausum
1025 979 1153 1012 quoque
1177 979 1308 1001 carcere
1332 970 1455 1002 Averni

453 1032 478 1052 as
521 1019 648 1062 Eripuit
670 1020 821 1063 vitaeque
844 1020 1008 1052 hominem
1032 1020 1072 1052 de
1096 1023 1200 1052 morte
1225 1021 1362 1063 reduxit,

526 1071 754 1104 Commemoro
778 1071 925 1115 stupidus
948 1073 1030 1104 tanti
1052 1071 1224 1105 formidine
1249 1073 1334 1105 facti.

568 1131 611 1163 II.
635 1131 721 1164 Urbs
744 1132 850 1164 fuerat
873 1132 1045 1175 quondam,
1069 1132 1156 1176 quod
1178 1132 1284 1165 adhue
1307 1134 1446 1176 vestigia
1469 1137 1656 1175 monstrant,

526 1183 701 1224 Tornaeus,
724 1180 808 1216 nnnc
830 1184 999 1227 multiplici
1022 1187 1185 1227 prostrata
1208 1185 1299 1216 ruina

525 1235 683 1267 Funditus
708 1236 767 1268 ah!
792 1239 896 1268 turres
920 1236 1019 1268 deflet
1042 1235 1198 1268 cecidisse
1222 1237 1389 1279 superbas.

453 1300 479 1320 ω
521 1287 582 1319 Ε81
603 1290 713 1319 tamen
734 1287 809 1320 inde
833 1288 995 1331 frequens,
1020 1288 1107 1331 quod
1130 1289 1221 1331 aquis
1244 1291 1278 1320 et
1298 1299 1406 1321 merce
1430 1289 1599 1330 redundat,

525 1339 645 1371 Nititur
669 1342 703 1372 et
724 1340 861 1382 geminis
883 1340 948 1372 iam
972 1351 1036 1372 non
1058 1341 1189 1383 lapsura
1213 1341 1378 1373 columnis.

525 1391 674 1434 Namque
697 1402 772 1424 arce
794 1392 827 1424 in
849 1392 958 1424 media
980 1393 1103 1436 templo
1127 1395 1281 1435 surgente
1305 1397 1441 1426 venusto

526 1443 718 1476 Pontificale
742 1447 834 1476 tenet
855 1444 982 1485 solium,
1005 1455 1067 1476 nec
1089 1445 1188 1487 longe
1212 1448 1338 1478 remota

525 1495 672 1527 Nicasius
694 1495 830 1528 recubat
851 1497 993 1539 pretiosa
1015 1499 1137 1539 martyr
1158 1497 1191 1528 in
1213 1507 1303 1538 urna,

455 1559 480 1579 4⁵
524 1547 702 1579 Remorum
727 1549 866 1591 praesul,
889 1548 970 1580 felix
992 1549 1043 1580 oui
1064 1549 1132 1580 vita
1154 1560 1305 1581 coronam
1404 1587 1407 1589 q

526 1598 684 1632 Praebuit
707 1602 740 1632 81
762 1599 891 1632 rutilam
914 1600 986 1632 fuso
1009 1610 1068 1643 pro
1093 1601 1248 1643 sanguine
1272 1602 1423 1644 palmam.

527 1651 623 1688 Quod
645 1651 745 1684 multo
768 1651 811 1684 ad
834 1654 973 1684 castrum
995 1651 1192 1684 Francorum
1215 1653 1316 1685 milite
1339 1657 1450 1697 septus

524 1703 638 1744 Dotto,
661 1713 771 1736 comes
793 1703 926 1746 rigidus,
949 1705 1052 1747 regali
1074 1705 1191 1737 missus
1214 1705 1256 1737 ab
1280 1705 1354 1737 aula

527 1755 686 1788 Venerat:
711 1758 745 1788 et
767 1756 908 1798 querulis
930 1756 1065 1799 impleta
1088 1759 1138 1788 est
1161 1757 1248 1789 curia
1270 1758 1391 1790 turmis.

456 1820 482 1839 1ο
524 1806 610 1839 Ecce
634 1807 823 1839 trahebatur
844 1818 964 1850 magna
987 1809 1126 1851 stipante
1150 1812 1281 1841 caterva

526 1859 594 1891 Fur
615 1859 740 1891 vinctus
764 1859 872 1891 multis
895 1860 997 1892 multo
1021 1871 1080 1902 pro
1104 1861 1235 1892 crimine
1258 1861 1361 1893 nodis.

527 1911 740 1943 Conclamant
762 1911 875 1951 cuncti,
899 1911 994 1954 plebs
1017 1911 1119 1943 omnis
1143 1913 1320 1944 comminus
1342 1916 1466 1946 asstans

528 1963 676 1995 Concinit
698 1973 770 1995 esse
793 1973 895 2003 reum,
918 1963 997 1995 nihil
1019 1963 1071 1995 hic
1091 1964 1218 1996 veniale
1242 1964 1371 1996 fatetur.

526 2014 587 2046 His
610 2014 712 2047 turbis
734 2018 862 2047 sanetus
884 2015 1028 2047 medium
1051 2026 1086 2048 se
1108 2016 1218 2048 iniecit
1239 2015 1422 2049 Amandus:

454 2079 480 2099 ιι
524 2066 599 2098 Flet
621 2066 723 2109 gemit
744 2067 896 2109 implorat
918 2066 1008 2098 dolet
1030 2067 1154 2099 heiulat
1177 2067 1326 2100 obsecrat
1349 2072 1429 2109 orat,

526 2118 683 2156 Quatinus
705 2118 779 2150 huic
802 2119 919 2150 misero
943 2119 1088 2151 misereri
1111 2122 1144 2151 et
1166 2130 1300 2162 parcere
1323 2121 1455 2162 vellent,

527 2170 596 2202 Illis
618 2171 840 2213 cunctipotens
863 2171 1009 2202 misereri
1031 2173 1067 2202 ut
1089 2170 1234 2203 Christus
1257 2171 1404 2204 haberet.

527 2222 593 2254 Sed
615 2233 680 2254 non
703 2222 842 2254 obtinuit
864 2226 1002 2263 sanctus,
1027 2222 1114 2265 quod
1136 2222 1243 2254 flendo
1267 2223 1414 2265 rogabat,

526 2275 627 2307 Dotto
650 2285 759 2307 comes
781 2274 921 2306 tumidus
945 2275 1095 2317 quoniam
1119 2274 1277 2306 crudelior
1299 2276 1386 2307 omni

453 2339 479 2358 ω
523 2326 628 2359 Belua
651 2330 721 2358 erat
743 2326 899 2368 iussitque
923 2336 980 2357 suo
1003 2336 1062 2368 pro
1086 2326 1218 2358 crimine
1242 2327 1345 2358 furem

527 2378 644 2420 Stipite
668 2378 830 2410 confixum
853 2378 984 2409 meritas
1007 2378 1177 2409 exsolvere
1200 2388 1333 2420 poenas.

526 2430 658 2462 Interea
680 2433 730 2461 est
753 2429 877 2470 ductus,
899 2439 1082 2471 suspensus,
1105 2440 1182 2461 mox
1206 2440 1334 2472 quoque
1358 2430 1460 2462 victus

528 2481 634 2514 Morte
658 2482 727 2514 fera
751 2484 850 2513 tetras
872 2481 1012 2513 animam
1037 2482 1211 2514 transmisit
1233 2481 1275 2513 ad
1298 2482 1437 2514 umbras.

265 2611 299 2637 24
317 2612 458 2646 phalangas
471 2612 495 2637 A
582 2611 617 2638 42
635 2613 717 2639 medio
730 2613 754 2638 A
841 2613 884 2639 48.
896 2612 939 2639 59.
958 2612 991 2638 69
1010 2614 1091 2638 Docto
1111 2613 1135 2637 V
1216 2612 1250 2638 63
1268 2614 1321 2639 sere
1333 2613 1359 2638 B

264 2688 299 2715 25
325 2688 366 2715 De
386 2687 524 2715 „brinate
549 2689 634 2715 1838.
720 2689 755 2715 29
779 2689 845 2715 Aen.
868 2688 977 2715 X1649
1001 2689 1164 2722 pharetrata
1187 2688 1313 2715 Camilla.
1407 2689 1441 2715 59
1464 2688 1569 2715 Heu-ici
1589 2689 1677 2723 (quem
1698 2689 1810 2716 subinde

164 2739 234 2767 nizo
250 2739 386 2774 mur)
403 2741 460 2768 vita
476 2741 504 2768 S.
519 2741 605 2768 Gom.
624 2741 690 2767 Vl'l
710 2740 794 2767 belua
811 2740 949 2767 crudelior
967 2740 1056 2772 omni;
1075 2739 1121 2766 sod
1133 2739 1349 2767 Raudemundua
1365 2748 1471 2774 quoque
1491 2740 1585 2767 11113
1603 2740 1688 2768 Dotto
1706 2761 1712 2767 .
1724 2761 1730 2768 .
1750 2742 1810 2768 erat

162 2800 261 2820 saevus
278 2794 366 2827 atque
383 2793 460 2820 omni
478 2792 562 2820 belua
581 2792 726 2820 crudelior.

266 2854 370 2881 Pon-u
387 2861 471 2880 urm
489 2858 549 2880 um
566 2853 690 2880 cinnum
709 2853 757 2886 111,
769 2853 794 2880 2.
1571 2843 1605 2870 ⁷5
