2040 2996
282 118 316 147 14
764 113 853 140 VITA
873 113 979 140 BEATI
1001 112 1221 141 LEUDEGARII
1239 112 1437 140 MARTYRIS.

642 199 733 232 Hora
756 200 848 232 ducis
872 201 957 232 vitae
982 200 1128 232 Hiltrici:
1153 201 1269 233 funera
1294 210 1394 233 saeva

547 260 583 277 ²⁸³»
642 252 744 284 Plebs
769 252 924 291 celebrat,
949 253 1051 284 furvis
1074 253 1257 285 conduntur
1279 253 1427 285 membra
1451 252 1619 295 sepulcris.

641 304 845 336 Theodricus
869 304 1002 336 tandem
1027 305 1220 347 populorum
1245 304 1316 336 iura
1340 305 1483 346 capessit

643 355 670 387 E
695 356 845 387 claustris
869 357 1000 395 missus,
1025 356 1148 388 strictis
1171 356 1290 398 quibus
1314 359 1391 388 ante
1414 355 1577 388 manebat.

643 407 730 438 Ecce
753 411 864 440 autem
888 408 1028 450 populus
1051 407 1183 440 diversa
1206 411 1299 450 parte
1324 407 1546 450 propinquans

642 458 770 501 Regem
793 459 877 490 adit:
902 459 1054 491 ‘Oramus
1079 458 1235 503 (humiles
1258 470 1300 491 ne
1324 470 1443 502 sperne
1466 460 1645 502 petentes),

546 518 584 536 ²⁹⁰
644 510 689 541 Ut
713 510 851 542 reduces
876 510 989 542 iubeas
1012 515 1144 543 nostros
1168 521 1315 543 remeare
1339 515 1505 553 patronos,

644 562 767 605 (Ardor
790 555 874 595 inest
898 563 1024 595 cunctis
1049 563 1217 595 amborum
1240 574 1376 596 cernere
1399 563 1551 605 vultum),

644 616 785 648 Sedibus
809 619 844 647 ut
868 616 983 658 priscis
1008 616 1113 648 laetus
1137 615 1292 648 reddatur
1314 620 1464 658 uterque,

643 667 808 700 Ebroinus
833 668 919 700 enim
942 678 1003 700 nec
1027 678 1091 700 non
1116 671 1149 700 et
1173 668 1346 711 episcopus
1369 669 1472 700 almus

643 720 838 762 Leudegar'.
884 720 1040 752 Placidus
1064 723 1179 752 contra
1203 721 1250 752 sie
1274 731 1350 752 orsa
1373 721 1556 763 respondit:

549 780 585 797 2¹⁹⁷»
646 772 718 810 ‘Ite,
743 772 819 803 viris
844 772 939 804 claris
965 772 1059 804 citius
1083 783 1156 804 mea
1180 772 1268 804 dicta
1290 773 1428 805 referte:

646 824 695 855 Sit
718 824 767 855 fas
790 823 831 855 ad
855 824 1004 866 proprias
1028 823 1124 856 sedes
1149 835 1316 857 remeasse
1339 824 1516 867 patronos'.

646 875 837 908 Comfestim
860 886 1012 918 proceres
1037 876 1141 908 veloci
1165 876 1249 908 calle
1272 877 1400 909 viantes

644 927 757 970 Usque
780 929 1014 960 monasterium
1038 928 1097 960 tali
1120 938 1192 960 cum
1218 939 1296 960 voce
1319 932 1502 962 recurrunt:

646 979 782 1019 ⁴Redde,
806 984 909 1022 pater,
932 983 1028 1012 notos
1051 983 1161 1022 patres
1186 991 1271 1012 nunc
1295 980 1406 1020 redde,
1431 991 1592 1023 rogamus,

549 1038 586 1056 ³0¹·
648 1031 729 1067 Quis
754 1031 823 1063 sine
848 1034 1015 1073 pertesum
1039 1035 1089 1063 est
1111 1042 1230 1074 supera
1253 1033 1317 1064 iam
1341 1033 1467 1064 vescier
1490 1043 1578 1064 aura.

646 1082 751 1114 Cerne
775 1083 943 1125 fatigatos:
969 1083 1052 1114 imus
1076 1094 1135 1126 per
1158 1084 1255 1126 longa
1280 1085 1405 1116 viarum

645 1134 720 1166 Huc
744 1133 872 1176 spatia’.
914 1134 979 1169 His
1003 1134 1098 1166 dictis
1121 1136 1242 1167 mansit
1262 1139 1358 1178 pater
1381 1135 1640 1179 obstupefactus:

647 1185 707 1217 ''Ne
730 1196 794 1225 me,
818 1196 859 1218 ne
884 1185 926 1217 ad
950 1186 1044 1225 tales,
1069 1187 1148 1226 nati,
1172 1187 1384 1229 constringite
1409 1186 1546 1227 causas’,

647 1238 796 1277 Dixerat,
820 1240 866 1270 ‘ut
890 1249 1005 1280 cogam
1029 1239 1169 1271 famulos
1195 1251 1344 1272 remeare
1367 1244 1544 1272 retrorsum

551 1297 587 1314 ³¹⁰⁵
651 1289 880 1322 Christicolas’.
927 1290 1073 1322 Tandem
1099 1291 1239 1333 spatium
1263 1292 1424 1323 concessit
1446 1291 1543 1323 eundi

646 1341 773 1374 Invitus
796 1342 951 1384 precibus
976 1343 1185 1384 rogitantum,
1209 1343 1267 1374 sed
1291 1344 1396 1385 magis
1419 1344 1466 1375 illi

647 1393 744 1425 Inviti
769 1405 900 1427 cessere
924 1394 1006 1426 loco.
1052 1394 1229 1427 Benedixit
1252 1398 1368 1428 euntes

645 1446 803 1478 Attamen
826 1442 994 1489 egregius:
1020 1447 1101 1479 ‘Pax
1125 1458 1183 1480 vos
1208 1458 1294 1479 nunc
1318 1458 1444 1480 summa
1467 1451 1633 1490 sequatur,

646 1497 836 1530 Concordes
861 1499 988 1530 animos
1011 1499 1196 1541 iugiterque
1220 1502 1332 1531 tenere
1357 1510 1490 1533 necesse
1513 1503 1574 1539 est,

550 1557 588 1575 2¹¹⁰
649 1549 811 1582 Cordibus
834 1551 867 1582 in
891 1551 1009 1582 vestris
1033 1551 1161 1583 exultet
1184 1562 1250 1594 pax
1273 1552 1328 1594 pia
1351 1551 1503 1595 semper',

714 1602 886 1645 Progressi
910 1604 1032 1646 pariter
1055 1608 1196 1646 pergunt
1219 1604 1357 1646 urbique
1381 1605 1611 1647 propinquant,

646 1654 752 1691 Quam
776 1655 939 1697 quondam
963 1656 1095 1687 monitis
1121 1655 1227 1687 clarus
1252 1660 1438 1688 sacraverat
1461 1657 1566 1689 almis.

645 1706 714 1738 Nec
737 1717 842 1739 mora:
866 1707 954 1739 fama
978 1708 1059 1739 citat
1081 1708 1231 1750 populos,
1255 1708 1320 1739 ruit
1342 1707 1484 1750 undique
1507 1708 1613 1746 turba,

647 1758 734 1791 Urbs
759 1760 919 1802 populosa
943 1764 1046 1800 sonat,
1072 1761 1232 1793 iaculatur
1256 1761 1378 1792 clamor
1401 1761 1554 1804 Olympo.

551 1818 587 1836 2³¹5·
650 1811 763 1853 Pergit
785 1812 817 1843 in
842 1823 1013 1845 occursum
1036 1822 1156 1855 magno
1181 1813 1359 1845 comitante
1382 1813 1547 1856 triumpho

647 1863 760 1903 Plebs,
783 1864 906 1906 pariter
929 1868 1084 1907 properat
1107 1865 1214 1897 laetus
1237 1865 1407 1907 maiorque
1430 1865 1611 1908 minorque,

647 1914 762 1947 Patres
786 1926 824 1947 ac
849 1916 994 1956 iuvenes,
1019 1917 1113 1959 pueri
1136 1916 1359 1959 innuptaeque
1382 1917 1525 1959 puellae,

648 1966 770 1999 Matres
796 1968 986 2000 coniunctae
1011 1972 1217 2011 matrumque
1242 1969 1302 2001 sub
1327 1969 1429 2002 ubere
1452 1970 1531 2008 nati,

648 2018 752 2051 Aetas
776 2023 893 2052 cuncta
915 2021 1013 2060 volat,
1036 2020 1132 2052 laetis
1158 2020 1389 2053 resonantibus
1410 2021 1538 2063 hymnis

554 2078 592 2097 ³20
653 2071 797 2114 Suscipit
820 2073 990 2115 egregium
1013 2075 1156 2115 patrem;
1180 2083 1277 2114 quem
1300 2073 1475 2115 planxerat
1497 2073 1594 2115 olym,

649 2123 861 2156 Abscessisse
885 2124 945 2156 sua
968 2123 1009 2156 de
1034 2124 1124 2164 sede,
1148 2124 1272 2166 quievit
1294 2123 1336 2156 ab
1360 2124 1422 2156 isto

650 2176 739 2208 Actu
760 2176 865 2208 turba.
911 2176 1039 2210 Dehinc
1063 2177 1143 2209 socii
1165 2176 1341 2208 incubuere
1366 2176 1491 2209 screnis

650 2228 721 2260 Iam
744 2227 894 2271 dapibus,
917 2228 1039 2271 pariter
1063 2229 1213 2260 convivia
1236 2229 1323 2260 laeta
1345 2228 1565 2271 frequentant,

649 2280 831 2312 Instructas
856 2281 962 2323 epulis
986 2283 1113 2313 certant
1137 2280 1337 2313 circumdare
1360 2291 1508 2318 mensas;

388 2427 439 2452 299
457 2427 507 2453 *an
525 2429 650 2455 nostros?
736 2427 787 2454 318
807 2429 1003 2455 suburberenati
1025 2429 1047 2454 G
1065 2438 1132 2455 corr.
1151 2429 1177 2454 P
1261 2427 1311 2454 321
1330 2428 1470 2455 *abseessis
1491 2429 1515 2454 G

386 2504 437 2530 284
458 2504 605 2532 childeroeh
622 2505 772 2538 interfectus
790 2508 826 2531 est
845 2506 903 2532 673.
930 2507 996 2532 Aen.
1021 2506 1102 2539 VIII,
1121 2506 1173 2532 570
1190 2514 1227 2539 sq.
1246 2514 1330 2532 saeva
1349 2526 1354 2532 .
1375 2525 1381 2532 .
1397 2506 1402 2539 Ι
1417 2505 1524 2532 funera.
1596 2504 1648 2532 295
1665 2505 1732 2532 Aen.
1754 2505 1791 2540 X,
1809 2506 1860 2533 491
1879 2514 1937 2533 me-

284 2563 372 2581 mores
395 2563 458 2583 mea
481 2556 557 2583 dieta
580 2556 680 2584 referte
702 2558 705 2591 [
726 2557 866 2584 Euandro.
960 2558 1010 2584 297
1028 2558 1077 2591 cfr.
1096 2566 1118 2584 v.
1138 2558 1195 2584 153.
1237 2547 1240 2549 ’
1288 2557 1339 2584 300
1357 2558 1422 2583 Aen.
1443 2557 1471 2590 I,
1489 2556 1541 2583 546
1559 2556 1681 2584 vescitur
1698 2565 1767 2584 aura
1782 2558 1787 2591 1
1802 2557 1937 2592 aetheria.

283 2607 335 2632 303
348 2615 431 2633 causa
442 2618 473 2629 =
484 2615 527 2634 res
536 2608 582 2640 cfr.
593 2608 652 2634 DC.
706 2609 756 2635 309
771 2610 836 2635 Ae‘n.
853 2608 898 2642 VI,
911 2609 963 2636 828
973 2609 1126 2636 Concordes
1135 2609 1254 2636 animae.
1306 2609 1356 2636 311
1371 2610 1436 2635 Aen.
1453 2608 1538 2642 VIIL
1550 2609 1596 2636 101
1608 2609 1726 2643 urbique
1737 2609 1936 2644 propinquant,

284 2658 335 2684 313
347 2666 402 2691 6-51·
418 2660 482 2685 Aen».
502 2659 530 2692 V,
544 2661 595 2686 368
613 2661 670 2687 Nec
689 2669 778 2691 mora;
797 2661 842 2694 cfr.
862 2670 886 2687 v.
905 2662 964 2689 268.
1034 2662 1085 2688 31ss
1104 2661 1224 2688 Ermozd.
1243 2661 1287 2695 ΙΙ,
1305 2662 1339 2688 43
1357 2661 1408 2695 (ΙΙ,
1427 2661 1472 2694 25)
1485 2660 1628 2694 maiorque
1641 2660 1787 2695 minorque
1800 2661 1936 2696 popellus.

285 2709 334 2734 317
353 2717 390 2742 sq.
411 2710 458 2736 Ge
478 2711 526 2743 IV,
546 2711 597 2737 475
614 2719 652 2745 sq.
672 2712 776 2739 Matres
794 2714 880 2746 atque
898 2712 950 2739 viri
970 2733 975 2738 .
994 2734 999 2739 .
1019 2714 1021 2746 Ι
1041 2733 1047 2739 .
1067 2733 1072 2739 .
1092 2734 1097 2739 .
1117 2713 1195 2747 pueri
1214 2712 1406 2748 innuptaeque
1429 2711 1554 2746 puellae-3
1574 2713 1639 2738 Aen.
1664 2711 1692 2744 V,
1711 2712 1764 2739 285
1780 2712 1832 2739 sub
1850 2712 1936 2739 ubere

286 2761 352 2786 nati.
441 2762 490 2787 323
511 2763 612 2789 Iurene.
634 2763 689 2795 HJ,
711 2764 760 2790 73³3
779 2765 904 2791 convivia
926 2765 1000 2790 laeta,
1019 2765 1196 2798 frequentent
1293 2765 1343 2792 324
1363 2767 1427 2791 Am.
1447 2764 1505 2797 III,
1519 2764 1567 2790 231
1588 2763 1753 2790 lustu-nimus
1771 2772 1887 2791 mensas.
