2092 3094
50 948 90 968 ²⁷0

49 1228 88 1248 2⁷5

125 301 366 339 NEQVITVR·

125 411 334 458 Omana-

125 476 354 509 OCEANVM·

125 528 315 568 ostraco-

125 579 300 612 onmzo-

127 630 304 665 ossmoo·

125 681 318 716 omnam*

123 733 300 767 OPINOR·

125 785 346 819 OBLATRo·

124 837 277 871 ossEA·

125 889 420 926 OBNVBITQVE

124 940 367 974 OBSTVPET·

124 991 367 1026 OBSTREPO·

124 1043 411 1076 omelevs·

120 1103 378 1149 PAeToLvs·

124 1220 310 1253 PEONES·

123 1270 344 1305 PANTERA·

120 1323 327 1356 POTITVR·

122 1374 359 1407 PERFVRIT-

122 1427 336 1460 PEPONES·

121 1478 291 1510 PAPHIA
298 1488 306 1495 ·

121 1529 350 1562 PERSEDIS·

122 1581 363 1614 PRAECAVE

121 1632 326 1666 PEDICAS·

123 1684 211 1717 PRO
234 1685 389 1717 PVDOR

122 1730 301 1769 PELEvs·

123 1787 363 1820 PERFORAT

323 1934 374 1961 262
392 1934 462 1968 ullis]
476 1936 484 1961 i
497 1944 528 1961 ez
540 1945 552 1961 s
566 1936 590 1960 B

220 1977 269 2004 267
295 1979 350 2004 sine
373 1987 452 2004 manu
475 1980 554 2012 possit
576 1987 643 2004 corr.
666 1979 691 2004 B

221 2022 398 2054 Exornantque
421 2030 484 2047 auro
502 2023 613 2056 pactilus
631 2023 675 2054 qui
703 2023 797 2056 inrigat
822 2031 885 2047 auro
903 2022 928 2047 B

220 2062 272 2089 275
292 2065 388 2090 Poenas
407 2073 474 2090 corr.
493 2065 519 2090 B

220 2107 247 2132 in
265 2115 297 2132 ne
315 2116 383 2133 corr.
396 2108 419 2138 b,

775 162 891 190 MICON
893 163 925 190 IS
945 163 1037 190 OPUS
1056 163 1323 191 PROSODIACUM.

496 249 559 281 Hic
583 250 673 281 nasci
696 249 838 292 lapidem
861 251 915 291 qui
939 254 1027 282 tacto
1051 261 1208 282 accensus
1233 251 1273 282 ab
1296 252 1364 293 igni

496 301 643 342 extingui
667 302 820 342 nequitur
842 312 939 343 quem
963 303 1033 343 grai
1056 303 1186 334 nomine
1209 313 1287 334 vero

496 352 659 384 asbestum
683 357 864 384 memorant
887 354 965 385 ferri
987 354 1070 385 nitet
1093 354 1148 385 ille
1173 354 1324 386 colorem.

497 425 583 456 Dum
607 425 698 456 tener
722 430 771 456 est
795 436 918 467 onager
942 426 1076 467 solaque
1100 426 1206 458 lalisio
1231 431 1343 458 mater.

499 477 636 518 Insuper
660 486 817 507 oceanum
841 477 928 508 venit
952 477 1078 508 seniore
1102 478 1231 510 marito.
1467 478 1577 516 QVI—1⁴)

499 527 533 559 Si
557 538 621 570 qua
643 532 760 569 tegunt
782 532 898 559 teneor
920 529 1046 570 patriae
1070 538 1110 559 ne
1134 529 1260 570 legibus
1286 530 1370 562 ullis.
1466 530 1544 568 VII}

498 580 597 610 Iussit
620 584 655 611 ut
678 579 787 611 obrizo
812 590 875 610 non
900 581 991 622 parvi
1015 580 1168 622 ponderis
1194 591 1282 612 auro.
1465 581 1640 620 ALCHIH

439 666 443 667 ⁷
497 631 565 662 Aut
589 631 710 672 frangit
733 631 861 673 tepidos
886 656 894 663 .
918 632 1043 673 obligat
1066 636 1122 663 aut
1144 632 1271 664 dubios
1465 638 1670 670 PROSPER

496 687 687 725 partemque
711 687 801 714 secat
824 682 864 714 de
890 688 981 714 veste
1005 683 1128 714 fluenti.

496 734 600 765 Nemo
624 739 659 765 ut
682 734 796 776 opinor
820 734 881 765 erit
904 734 1032 765 mortali
1057 745 1192 777 corpore
1217 740 1335 767 cretus.
1465 741 1718 773 LVCRETIVS

495 785 565 817 Nec
589 785 615 816 si
639 786 702 817 iam
726 790 838 827 posset
862 786 932 817 sine
957 786 1044 817 inani
1070 791 1181 828 posset
1204 787 1329 829 opinor.

495 836 547 868 Ire
571 847 629 878 per
652 847 747 868 ossea
771 836 903 878 rapidus
929 837 1060 868 boetida
1085 838 1227 879 sanguis).
1463 838 1550 876 LV&

496 898 594 919 cenas
618 894 650 919 et
674 893 836 930 temperat
859 894 947 920 astra
971 890 1093 931 galero.
1465 895 1653 928 STATIVS

495 939 675 982 Tisiphone
699 944 809 982 stupet
833 941 961 972 insolito
986 941 1139 982 clangore
1164 941 1322 974 citheron.
1465 946 1654 979 STATIVS

494 993 539 1023 At
561 992 663 1033 gemit
687 996 719 1023 et
742 993 845 1034 pulsis
869 993 1033 1024 exercitus
1057 993 1217 1035 obstrepit
1241 994 1347 1025 armis.
1465 992 1577 1029 STAT

495 1043 560 1075 Seu
584 1044 655 1085 quis
679 1054 697 1074 o
714 1068 721 1074 .
739 1044 850 1086 limpia
867 1069 873 1076 .
891 1055 950 1076 cae
974 1045 1110 1076 miratus
1134 1045 1259 1087 premia
1280 1046 1420 1088 palmae.
1463 1043 1602 1081 VIRG’I]

494 1116 724 1158 Exercentque
747 1127 826 1148 auro
851 1118 998 1159 pactolus
1022 1118 1076 1160 qui
1100 1118 1219 1160 inrigat
1243 1129 1329 1150 auro.
1463 1115 1603 1153 VIRGT.

493 1167 579 1203 Quid
602 1173 697 1210 tagus
722 1173 754 1199 et
777 1169 874 1200 rutila
898 1170 999 1200 volvit
1022 1170 1170 1212 pactolus
1196 1170 1330 1202 harena.
1464 1167 1635 1205 IVVENT.

494 1219 667 1252 Praeteriit
690 1220 786 1252 ‹lidici
811 1231 875 1262 quo
899 1231 1022 1262 peones
1045 1232 1136 1253 arma
1160 1226 1278 1254 rotatu.
1463 1219 1616 1257 ACHLT,

492 1270 666 1302 Diversum
691 1271 826 1303 confusa
850 1282 954 1314 genus
977 1273 1138 1314 panthera
1161 1274 1297 1306 camelo.
1465 1271 1587 1308 ORAT

492 1323 534 1354 Vi
558 1323 680 1366 potitur
704 1323 779 1365 quid
805 1333 869 1354 non
893 1324 1044 1355 mortalia
1068 1328 1202 1366 pectora
1226 1326 1328 1366 cogis.

492 1374 686 1416 Salvifragis
709 1379 808 1406 vexat
832 1375 942 1406 flabris
965 1376 1010 1406 ita
1033 1376 1170 1417 perfurit
1194 1377 1269 1408 acri.

490 1426 637 1468 Inepitos
661 1436 808 1468 pepones
833 1426 1006 1468 alvumque
1030 1426 1142 1459 inflare
1167 1427 1316 1459 solentes,
1462 1424 1637 1462 ALCHHVI

491 1478 646 1510 Balsama
669 1488 729 1509 nec
753 1477 871 1510 desunt
895 1479 968 1520 quis
993 1478 1088 1510 rediit
1111 1479 1262 1521 paphiae.
1463 1475 1572 1513 OVIU

491 1529 615 1566 Quarto
638 1530 827 1572 martyrium
850 1530 969 1572 papiae
994 1531 1163 1572 maurique
1187 1530 1339 1573 refulget.

491 1591 575 1613 nunc
598 1581 697 1613 miser
719 1591 779 1613 nec
803 1585 835 1612 te
858 1581 934 1613 dum
959 1582 1065 1613 nescis
1090 1586 1123 1613 et
1146 1582 1257 1614 audes.
1462 1579 1550 1616 ALC

491 1633 574 1665 Tum
598 1634 732 1675 gruibus
757 1633 890 1676 pedicas
915 1638 948 1665 et
971 1634 1054 1665 retia
1078 1644 1200 1676 ponere
1223 1635 1338 1666 cervis.
1462 1629 1602 1668 VIRGE

491 1686 663 1727 armigeris
686 1695 778 1716 amor
801 1689 853 1717 est
876 1685 1022 1727 perferre
1047 1686 1188 1718 lacertis.
1461 1681 1489 1718 P

491 1738 613 1769 Auctor
636 1736 722 1768 idem
746 1737 860 1779 peleus
885 1737 989 1779 ipsum
1013 1747 1142 1779 quoque
1166 1738 1254 1779 pelia
1277 1738 1352 1770 foci.
1465 1732 1573 1770 OVIT)

491 1788 586 1820 hasta
610 1789 777 1830 virumque
802 1792 835 1820 et
858 1788 998 1819 confinia
1022 1788 1120 1820 dorsi.

670 1935 722 1962 264
734 1937 846 1969 trepidos
859 1937 873 1961 b

803 1978 854 2004 269
877 1988 953 2004 cenas
976 1980 1002 2004 ιή
1028 1988 1114 2004 comas
1135 1988 1202 2004 corr.
1221 1980 1236 2004 b

959 1935 1011 1961 265
1023 1937 1125 1969 Orrepit
1137 1937 1283 1969 pariterque
1295 1937 1310 1961 b
1363 1937 1460 1962 fluenta
1472 1946 1538 1962 corr.
1552 1937 1577 1961 B

621 2064 673 2090 276
692 2070 797 2098 pumera
815 2074 880 2090 corr.
900 2065 925 2089 Β
1359 2064 1412 2091 280
1429 2066 1529 2098 Phphia
1546 2074 1613 2091 corr.
1627 2065 1652 2090 B

436 2112 464 2133 tu
483 2108 507 2139 b,
524 2109 605 2133 nescit
623 2116 689 2132 corr.
703 2108 726 2138 b,
744 2109 823 2134 audes
842 2109 869 2133 in
886 2109 961 2133 audis
979 2117 1046 2133 corr.
1059 2109 1074 2133 b

1029 2064 1079 2090 279
1098 2066 1223 2098 inemptos
1241 2066 1255 2090 b

220 2149 271 2175 286
290 2151 404 2176 Per-ferat
422 2156 481 2176 ueta
499 2151 513 2175 b

323 2235 454 2261 257-59
473 2235 575 2269 (colore
594 2235 677 2262 ΜΟ.
696 2235 794 2268 Periey.
817 2236 868 2262 4103
886 2235 950 2270 sqq.)

221 2279 269 2304 261
294 2278 352 2304 Iam
377 2286 460 2312 snper
482 2279 573 2305 Amor.
594 2278 619 2312 Ι,
636 2279 679 2311 13,
696 2280 720 2309 1;
738 2278 785 2311 cfr.
799 2278 894 2304 Heius.

219 2329 246 2354 p.
264 2321 324 2352 210,
338 2322 378 2348 10.

223 2363 319 2398 Peipcr
332 2371 360 2397 p.
379 2364 439 2397 209,
450 2365 467 2391 3

223 2406 317 2433 PLM.
336 2406 366 2439 V,
378 2407 411 2434 76
424 2415 446 2433 v.
459 2406 513 2442 76.)

220 2450 272 2477 269
297 2458 390 2477 eomas
416 2449 483 2477 Stat.
515 2450 590 2477 Theb.
613 2450 636 2483 I,
653 2450 712 2477 305.

221 2493 273 2520 272
294 2492 341 2519 Ge.
361 2493 418 2526 111,

222 2535 286 2562 Aah.
318 2535 430 2569 11‚41⁷
458 2536 538 2569 (131).

221 2579 271 2606 277
292 2578 370 2613 (Aen.
383 2579 440 2612 ΠΙ,
453 2579 494 2606 56.
514 2579 712 2607 Praenestinae
730 2579 761 2606 fb.
782 2579 844 2613 VII,
857 2580 928 2614 678.)

223 2622 350 2657 prrian.
382 2622 470 2656 θήσὸῑ.
497 2622 601 2649 Solam.
626 2622 651 2655 Ι,
672 2623 723 2650 237
750 2622 833 2649 Num.
851 2622 902 2649 491
932 2623 1081 2657 inemptos]
1112 2622 1223 2656 ineptos
1249 2622 1298 2648 195
1324 2621 1405 2648 VAT.

789 2666 838 2692 281
860 2665 1062 2700 (Ψαηάαῶειτί
1080 2665 1225 2699 Mar-tyrol.
1245 2665 1290 2690 vol.
1310 2664 1349 2698 IL
1362 2664 1414 2691 579
1432 2672 1454 2690 v.
1466 2664 1507 2690 54.
1527 2664 1642 2698 Popano
1661 2663 1720 2691 va.
1739 2663 1786 2697 VI,
1800 2663 1871 2698 541.)

1760 2706 1811 2732 283
1827 2706 1872 2732 Ge.

222 2673 301 2692 nem.
319 2665 377 2698 (Ba.
391 2664 487 2692 PLM.
501 2665 524 2698 Ι,
537 2665 600 2697 207)
620 2674 640 2692 v.
661 2666 701 2692 16.

716 2315 720 2318 .
1016 2278 1068 2305 262
1091 2286 1142 2305 nec
1167 2279 1234 2304 Aen.
1255 2278 1294 2311 IL
1309 2279 1366 2304 159.

499 2322 550 2348 264
572 2321 682 2356 tepidos
707 2321 842 2356 (trepidos
867 2322 926 2353 alii)
951 2321 1047 2355 Ptosp.
1072 2321 1164 2355 Epiyr.
1192 2321 1292 2354 XVII,
1305 2322 1330 2348 6.

618 2408 668 2434 267
690 2407 784 2442 (Lacr.
804 2408 827 2440 Ι,
841 2407 911 2442 396.)

833 2451 885 2476 270
913 2450 980 2477 Stat.
1012 2450 1088 2476 Theb.
1116 2450 1197 2483 VIII,
1216 2451 1274 2477 346.

429 2493 471 2520 49.
577 2493 628 2520 273
646 2493 698 2520 viri
716 2493 904 2527 Pactolusque
922 2495 989 2520 Aen.
1013 2493 1049 2526 X,
1065 2494 1121 2520 142.
1225 2493 1277 2519 274
1295 2492 1375 2525 Quod
1393 2492 1451 2519 lav.
1472 2491 1555 2525 XIV,
1569 2492 1628 2519 299.

1034 2580 1086 2606 278
1105 2579 1273 2613 (Silvifi-agis
1285 2578 1367 2605 Luem
1382 2578 1405 2611 I,
1418 2578 1489 2612 275.)

221 2707 273 2734 282
284 2707 471 2735 *praecaveas
488 2717 563 2735 nunc
580 2710 609 2735 te
627 2708 765 2740 miserum,
784 2708 850 2735 dum
868 2707 956 2734 nescis
975 2710 1004 2735 et
1021 2707 1101 2734 audis
1119 2708 1168 2740 cfr.
1183 2706 1312 2742 prrian.
1322 2709 1390 2740 poet.
1408 2706 1445 2733 ed.
1460 2706 1588 2740 Peiperp.
1599 2706 1689 2738 209,2.

223 2750 246 2783 1,
259 2750 318 2779 307,

225 2792 298 2819 Ovid.
327 2793 402 2819 Fast.

327 2840 431 2867 ΡοετΛιῑ
450 2848 533 2866 nunu
552 2849 609 2866 Arvi
628 2841 752 2867 emotum
772 2841 818 2870 111.
832 2842 857 2867 2,

440 2750 491 2777 284
513 2750 598 2778 Rud.
622 2751 718 2785 Psych.
741 2751 800 2778 353.

427 2793 472 2826 ῙῙ,
487 2794 530 2820 39.
651 2794 702 2820 286
731 2793 776 2820 Ῥ.
802 2794 829 2820 h.
848 2802 873 2820 v.
893 2797 921 2820 et
951 2793 1051 2828 (trans)
1072 2803 1094 2820 c.
1113 2793 1140 2819 d.
1164 2792 1254 2819 unde?

1634 2839 1667 2866 37

1812 167 1874 197 289

1774 434 1955 477 oleaginus.

1774 537 1900 569 obsono
1924 538 2008 580 quod
2032 542 2082 570 est

1797 579 1996 622 [contradico
2006 592 2080 623 pro-

1775 640 1914 673 obsidet,
1933 623 2079 667 [ducitur.

1775 691 1936 724 obsidere.

1772 742 1902 775 oxibafi.

1773 794 1898 825 obsido.

1772 844 1935 876 obmanet.

1773 997 1891 1040 oppila.

1869 1181 2079 1225 [Priscianus.

1772 1225 1791 1256 i.
1817 1235 1845 1256 e.
1870 1226 2047 1268 parietinis.

1774 1277 1899 1319 priami.

1771 1328 1848 1360 bina
1865 1329 1983 1370 coniug

1771 1379 1997 1412 Praenestina.

1772 1533 1917 1576 Popano.

1770 1585 1913 1627 pigrilea.

1771 1688 1895 1730 patera.

1663 1936 1714 1962 266
1727 1937 1836 1963 *exibafi
1850 1938 1875 1962 B

1348 1979 1400 2005 273
1421 1978 1551 2012 Pactolus]
1578 1988 1671 2005 nomen
1696 1981 1771 2005 fluuii
1793 1984 1832 2006 est
1849 1981 1875 2005 B

998 2023 1124 2048 Exercent
1146 2031 1209 2048 auro
1232 2023 1259 2047 in
1281 2027 1466 2056 exeereentque
1489 2023 1538 2048 uiri
1557 2031 1587 2048 ex
1606 2022 1674 2056 Virq.
1687 2027 1754 2056 poet.
1774 2032 1841 2049 corr.
1859 2024 1874 2048 b

1756 2064 1807 2091 282
1826 2075 1874 2092 nee

1166 2107 1218 2133 284
1238 2109 1286 2133 Pro
1305 2107 1396 2141 pudor]
1416 2117 1540 2141 super-scr.
1559 2116 1619 2133 cum
1638 2108 1734 2141 pudore
1751 2109 1842 2141 loquor
1855 2110 1874 2133 B

1057 2236 1108 2262 260
1132 2235 1244 2269 (matre,
1268 2235 1315 2262 sed
1332 2237 1422 2262 mater
1441 2236 1558 2262 Putean.
1577 2235 1662 2261 Mart.
1683 2234 1769 2268 XIII,
1782 2235 1871 2270 97,1.)

1486 2279 1537 2305 263
1557 2278 1605 2310 cfr.
1633 2278 1762 2312 Cypriam
1781 2278 1874 2312 Peiper

1456 2321 1508 2348 265
1529 2321 1579 2353 cfr.
1600 2320 1727 2355 Cypriwn.
1747 2323 1816 2354 poet.
1835 2320 1872 2347 ad.

581 2365 633 2391 266
657 2364 751 2391 LVCA
775 2364 831 2398 [sed
851 2367 887 2391 est
912 2364 993 2391 Lm.
1014 2364 1041 2397 V,
1054 2365 1081 2398 6]
1104 2365 1138 2390 33
1163 2364 1244 2391 VAT.
1266 2363 1380 2398 <oxibafi
1404 2364 1450 2396 cfr.
1472 2363 1543 2390 codd.
1568 2363 1655 2390 carm.
1675 2363 1706 2389 de
1725 2363 1808 2397 pond.
1827 2363 1873 2390 Rs.

1017 2408 1068 2434 268
1086 2407 1259 2434 Ossaeam—
1271 2406 1412 2434 Boebeida
1431 2405 1556 2440 (boetida
1574 2406 1633 2439 alia)
1651 2405 1718 2432 Luc.
1738 2406 1800 2439 VH,
1815 2407 1872 2433 176.

1395 2449 1445 2476 271
1472 2449 1515 2475 Ad
1543 2449 1611 2476 Stat.
1642 2449 1718 2476 Theb.
1746 2449 1800 2482 XI,
1814 2450 1872 2476 247.

1736 2492 1788 2519 275
1805 2491 1872 2519 Stat.

642 2537 693 2564 276
723 2536 876 2563 HORATII
907 2536 1167 2563 EPISTVLARVM
1197 2535 1307 2563 LIBRO
1326 2536 1339 2562 Ι
1370 2535 1422 2570 [sed
1450 2538 1487 2561 est
1518 2535 1683 2569 11,1,195]
1713 2535 1764 2562 235
1789 2535 1872 2562 VAT.

1602 2578 1654 2604 279
1671 2585 1740 2605 nom.
1759 2586 1808 2604 om.
1829 2578 1874 2612 [est

1526 2621 1578 2647 280
1603 2620 1710 2648 redolet
1737 2621 1824 2647 Carm.
1843 2620 1874 2647 de

922 2751 974 2778 285
998 2750 1148 2778 Actoriden
1171 2750 1286 2782 (Auctor
1308 2749 1381 2776 idem
1400 2749 1476 2783 Ray.)
1501 2749 1585 2776 Pelea
1603 2748 1690 2776 Phoci
1708 2748 1775 2781 (foci
1795 2748 1871 2782 Ray.)
