2138 3106
337 203 397 233 356

335 445 360 460 α.
382 438 436 460 866.

935 198 1102 225 CARMINA
1122 197 1383 224 CENTULENSIA.

1127 351 1192 383 CL.

867 425 932 461 AD
960 423 1189 468 ABBATEM
1217 423 1248 459 N
1250 423 1457 460 OSTRVM.

702 508 730 539 O
754 507 934 550 praeclare,
959 506 1059 538 decus
1084 506 1169 538 claro
1194 506 1235 538 de
1259 507 1418 548 sanguine
1442 517 1592 545 vernans,

744 560 862 601 Regali
887 559 1001 591 dextro
1026 562 1094 590 stas
1118 559 1222 590 latere
1247 559 1341 601 genio

701 612 771 643 Nee
795 612 901 643 minus
926 622 968 643 ex
991 611 1064 643 levo
1088 621 1268 652 generosus
1293 611 1379 642 sistis
1403 611 1435 642 in
1460 611 1555 642 orbe:

745 664 792 696 Te
817 664 911 695 decet
935 664 1056 695 idcireo
1080 663 1184 706 patris
1209 663 1319 695 inesse
1343 663 1424 695 loco.

651 730 662 748 5
707 716 801 748 Eheu
825 727 921 759 quem
946 716 1041 748 nobis
1066 716 1198 747 nimium
1224 716 1288 747 cito
1311 725 1397 747 mors
1420 715 1595 747 furibunda

745 769 918 811 Insperate
942 768 1017 800 tulit
1041 779 1078 799 ac
1104 767 1212 799 subito
1236 767 1354 809 rapuit.

702 821 802 852 Cuius
826 821 914 852 facta
937 820 1028 862 sequi
1053 830 1193 862 semper,
1218 819 1415 851 venerabilis
1439 818 1535 859 abba,

745 872 863 904 Inclita
887 872 1021 904 decerta
1042 874 1137 903 nocte
1161 871 1322 914 simulque
1346 871 1409 910 die,

703 924 775 961 Quo
799 935 871 956 cum
896 924 1110 966 Francigenis
1135 923 1252 956 sedeas
1276 923 1448 955 redimitus
1471 923 1503 954 in
1528 923 1602 954 aula

638 989 663 1007 ιο
742 976 843 1018 Regis
866 976 1024 1019 praeclari
1050 975 1216 1007 candifera
1239 974 1362 1007 Karoli.

703 1027 776 1064 Qua
799 1031 875 1060 tuus
901 1028 1064 1070 egregius,
1088 1038 1218 1069 gemma
1241 1027 1331 1059 velut
1354 1030 1447 1059 aurat
1469 1027 1502 1059 in
1526 1037 1616 1066 auro,

747 1079 874 1111 Enituit
897 1080 1037 1122 genitor,
1061 1079 1161 1111 insita
1185 1079 1394 1122 splendifluo;

703 1131 753 1163 De
778 1142 841 1174 quo
865 1132 952 1163 clara
975 1134 1085 1163 manet
1108 1132 1241 1163 nimium
1265 1143 1349 1164 nunc
1373 1131 1512 1164 Francia
1535 1134 1640 1163 mesta

746 1183 796 1215 Ac
820 1183 968 1215 desolata
991 1184 1077 1215 illius
1101 1184 1233 1217 auxilio,

638 1248 662 1267 ιε»
702 1235 754 1267 Sis
778 1235 917 1278 ideoque
941 1236 1033 1267 virile
1057 1235 1158 1267 decus
1182 1236 1361 1278 lucensque
1387 1235 1521 1267 lucerna

747 1287 840 1319 Illius
865 1287 906 1319 ad
931 1288 1098 1330 specimen
1122 1291 1219 1330 atque
1244 1288 1358 1320 salutis
1383 1298 1489 1330 opem.

705 1339 841 1371 Iustitiis
864 1336 998 1372 maneas
1024 1339 1139 1371 divinis
1162 1343 1275 1382 pastus
1300 1339 1430 1372 abunde

748 1392 796 1423 Ac
821 1392 917 1423 simul
942 1391 1092 1423 humanis
1115 1393 1218 1424 fultus
1241 1393 1274 1424 in
1297 1391 1446 1434 eloquiis.

703 1443 826 1475 Aurem
850 1454 910 1475 nec
934 1443 1031 1475 facile
1056 1444 1180 1476 tribuas
1204 1444 1244 1475 ad
1268 1443 1356 1476 dieta
1378 1444 1552 1479 malorum;

637 1508 664 1526 20
743 1495 829 1531 Quin
854 1507 948 1538 mage
974 1496 1159 1528 consultum
1184 1496 1315 1538 percipe
1340 1500 1440 1537 tuque
1464 1495 1613 1538 probum.

704 1548 742 1580 In
766 1548 944 1591 disciplinis
968 1548 1155 1580 moderatus
1179 1559 1309 1591 semper
1331 1548 1457 1588 adestm

747 1599 792 1632 Ut
816 1611 934 1643 scapus
958 1600 1061 1632 laneis
1085 1600 1241 1632 iustitiam
1264 1603 1386 1633 teneat.

705 1652 823 1694 Sisque
847 1653 912 1684 tuis
937 1652 1082 1695 clypeus,
1106 1652 1199 1684 fortis
1223 1655 1390 1695 protector
1408 1651 1539 1694 ubique,

747 1704 797 1735 Ne
822 1704 933 1735 laedat
957 1707 1106 1735 sanctum
1129 1704 1216 1735 ullus
1241 1703 1325 1735 ovile
1349 1706 1450 1736 tuum.

638 1768 663 1786 25
702 1755 745 1787 Et
767 1755 826 1787 tibi
851 1755 1078 1798 cunctipotens
1101 1755 1220 1787 multos
1244 1755 1384 1787 feliciter
1407 1765 1509 1787 annos

747 1807 869 1840 Vivere
894 1807 1053 1840 concedat
1076 1807 1324 1851 multiplicando
1347 1807 1449 1844 hona;

705 1859 868 1892 Scandere
892 1862 966 1902 post
989 1860 1086 1892 finem
1111 1860 1223 1892 valeas
1248 1853 1456 1902 super'astra
1479 1860 1642 1902 polorum:

747 1911 820 1943 Hoc
844 1915 919 1943 tuus
944 1912 1091 1954 exposcit
1113 1922 1195 1954 grex
1218 1911 1413 1954 humilisque
1437 1912 1531 1954 petit.

705 1962 779 1994 Hoc
805 1963 903 1995 etiam
929 1964 1029 1995 faciat
1051 1963 1186 1995 Davidis
1211 1963 1311 2006 stirpe
1335 1966 1446 1995 creata

637 2028 663 2046 au
745 2015 860 2047 Proles
884 2015 1058 2057 magnifica
1080 2015 1251 2058 magnifice
1275 2015 1396 2057 genita,

705 2067 806 2098 Cuius
829 2067 983 2099 nativitas
1007 2068 1098 2099 nulla
1121 2067 1161 2099 de
1186 2067 1282 2099 sorde
1306 2067 1389 2099 virili

747 2119 905 2151 Oandicat
928 2119 959 2151 in
984 2119 1082 2159 caelo,
1106 2119 1198 2151 fulsit
1220 2119 1253 2151 in
1277 2119 1356 2151 orbe
1381 2129 1451 2151 su0.

703 2170 795 2207 Quae
818 2182 922 2213 genus
946 2171 1123 2203 humanum
1147 2175 1283 2214 peccato
1309 2171 1437 2203 solvere
1461 2171 1558 2204 venitr

745 2223 891 2255 Vulnera
914 2234 1039 2266 perque
1064 2234 1124 2255 sua
1147 2223 1337 2255 consociare
1362 2223 1434 2262 sibi,

637 2288 662 2307 35
699 2275 750 2306 Ne
776 2278 878 2307 staret
901 2276 1023 2318 praeda
1046 2276 1153 2308 zabuli
1177 2276 1329 2318 laqueata
1354 2275 1492 2317 maligni

747 2327 900 2359 Attensis
924 2328 1047 2371 pedicis
1072 2328 1327 2370 muscipulisque
1351 2327 1428 2360 suis.

703 2379 730 2411 E
755 2380 872 2422 quibus
896 2384 1029 2423 ereptus
1053 2391 1198 2420 manem,
1221 2379 1443 2411 memorabilis
1466 2378 1561 2419 abba,

747 2431 898 2464 Extimus
923 2433 1049 2475 hocque
1073 2435 1148 2464 tuus
1171 2434 1372 2474 poseopeto
1395 2431 1551 2464 famulus:

442 2599 510 2632 [(“1,.]
530 2601 690 2625 NOSTRVM
709 2609 775 2626 eran.
794 2600 819 2625 Β
919 2600 952 2626 13
970 2601 1031 2627 dura
1049 2601 1074 2626 B
1092 2610 1158 2626 corr.
1177 2599 1275 2626 Bethm.

338 2644 364 2667 in
383 2653 464 2675 marg.
483 2644 545 2670 add.
563 2644 588 2669 B

443 2737 515 2771 [CL]
536 2738 584 2763 Aa
609 2738 803 2771 Welphonem
827 2739 973 2766 abbatem
996 2738 1106 2772 Rudolfi
1130 2739 1239 2765 Abbatis
1259 2738 1353 2771 filium.

1379 2599 1413 2625 36
1431 2600 1636 2625 TENDICVLIS
1653 2600 1770 2624 TENSIS
1788 2599 1986 2632 dinoqrnphu'am

1475 2738 1492 2764 5
1515 2737 1665 2764 furibunda
1686 2745 1744 2763 cum
1762 2745 1783 2763 c.
1804 2736 1986 2769 XXX11L4

337 2792 519 2822 cmnpwrantes
535 2798 640 2816 carmen
657 2790 692 2816 ad
714 2791 840 2817 Nithurdi
858 2799 1026 2818 successorem
1044 2792 1207 2824 retulerunt,
1234 2790 1280 2816 sed
1300 2790 1430 2823 epitheton
1452 2792 1565 2816 ceta-um
1586 2797 1642 2815 mm
1659 2788 1774 2815 insolens
1790 2788 1839 2820 cfr.
1854 2788 1986 2822 CX11‚25

336 2843 421 2874 potest
439 2847 552 2874 spectare
571 2841 606 2866 ad
620 2842 776 2875 passionem
796 2843 979 2877 col[ex]ica1n,
998 2852 1051 2876 qna
1072 2843 1208 2876 Rudolsus
1221 2842 1301 2877 perii!
1322 2842 1370 2874 cfr.
1386 2842 1538 2868 Duemmler
1551 2841 1585 2868 G.
1599 2842 1624 2868 d.
1639 2841 1722 2873 Ostfr.
1737 2839 1862 2867 ReicJaes2
1874 2841 1916 2874 11,
1927 2840 1985 2887 ¹4²:

1963 2886 1983 2905 ⁰.
