2138 3106
305 185 367 214 320
908 180 1077 207 CARMINA
1096 179 1361 207 CENTULENSIA.

1058 309 1217 341 LXVIII.

935 373 996 409 DE
1023 372 1332 409 DEFECTIONE.

671 446 752 478 Post
776 450 938 489 sumptam
962 447 1084 478 domini
1108 457 1238 478 carnem
1262 445 1536 487 octingentesimo
1561 456 1645 477 anno

677 498 788 529 Primo
813 502 888 530 acta
912 502 962 530 est
987 499 1194 541 sexagesimo
1219 499 1360 531 defectio
1384 498 1551 537 Phoebae,

672 550 796 586 Quarta
820 551 919 582 etiam
942 550 1078 590 decima,
1102 562 1174 582 cum
1198 554 1302 583 staret
1327 551 1397 582 iure
1422 553 1542 590 creata,

672 601 785 633 Mundi
810 602 968 645 principio
993 602 1165 644 fueratque
1190 602 1242 634 die
1268 612 1328 634 ceu
1352 604 1467 644 quarto

623 662 634 679 5
672 653 753 685 Cum
778 653 896 686 Titane
921 654 1015 686 simul
1041 654 1143 686 stellis
1168 654 1360 686 ardentibus
1384 654 1463 696 ipsis

672 706 722 737 Ao
747 716 846 748 super
868 710 958 738 astra
982 706 1052 737 sitis
1077 706 1160 738 caeli
1184 717 1256 738 cum
1280 707 1401 738 lumine
1427 705 1518 737 sudo.

307 768 332 783 a.
353 759 377 782 sl·
398 758 430 782 X-
450 757 512 801 [fill-
674 758 849 789 Festivitas
874 758 1040 790 celebrata
1064 758 1117 790 die
1141 769 1216 790 nam
1240 758 1384 800 perstitit
1407 758 1478 800 ipso

351 794 401 817 Ου’·
423 794 477 817 8ὁ1’
674 810 763 841 Almi
785 809 933 842 Mauricii
958 810 1085 842 decimo
1110 810 1329 853 Octobrisque
1354 809 1536 842 Kalendas.

678 862 847 893 Credimus
870 862 931 894 hoc
956 873 1110 904 magnum
1132 862 1225 894 nobis
1249 861 1466 904 praetendere
1491 861 1631 903 signum,

614 921 639 939 1⁰
675 913 774 945 quta
798 914 883 956 quod
906 914 1022 956 priscis
1046 917 1222 946 tonuerunt
1246 914 1346 946 verba
1370 913 1514 945 tonantis

676 966 904 1008 Temporibus,
928 967 1066 998 reboant
1089 970 1122 998 et
1145 966 1251 998 adhuc
1275 965 1470 1009 splendiflua
1494 965 1624 997 Christi.

1074 1130 1198 1162 LXIX.

815 1194 864 1229 IN
891 1193 1161 1230 HOSPlTALE
1188 1193 1463 1229 PAVPERVM.

677 1269 784 1300 Parva
809 1269 924 1300 domus
949 1269 1069 1310 iugiter
1092 1270 1205 1310 pateat
1228 1268 1321 1307 haec,
1346 1269 1491 1310 claviger
1514 1269 1619 1306 aulae,

721 1321 929 1363 Pauperibus
955 1320 1086 1357 Christi,
1111 1330 1173 1362 quo
1197 1320 1255 1351 tibi
1278 1323 1374 1362 porta
1397 1320 1474 1363 poli,

683 1373 841 1404 Sordibus
864 1373 1040 1404 aethereus
1063 1375 1188 1404 reserat
1212 1382 1310 1414 quam
1334 1372 1394 1403 rite
1417 1372 1517 1414 piatis

725 1424 856 1464 Custos,
881 1425 1062 1457 catholicae
1086 1428 1198 1467 pastor
1221 1427 1254 1455 et
1277 1424 1428 1456 eclesiae.

1094 1588 1199 1620 LXX.

1023 1651 1214 1688 LVCERN
1217 1651 1260 1688 A.

680 1727 852 1767 Noctibus,
878 1738 907 1765 o,
931 1727 999 1765 tibi,
1023 1730 1181 1769 gestator,
1207 1737 1277 1758 sum
1302 1726 1437 1769 praevia
1459 1726 1552 1758 tetris

681 1781 755 1811 Lux
780 1790 841 1821 ego
865 1779 1062 1821 praesidium
1087 1779 1232 1811 tribuens
1256 1778 1449 1810 abscondita
1472 1789 1639 1820 magnum,

681 1833 719 1863 In
744 1831 887 1863 tenebris
913 1832 1057 1873 speciem
1082 1831 1235 1873 quoniam
1258 1834 1421 1872 teneoque
1446 1830 1587 1866 dierum;

682 1884 748 1915 Sed
771 1894 877 1925 neque
902 1886 1019 1915 ventus
1042 1884 1146 1923 obest,
1171 1883 1309 1915 imbrem
1333 1893 1440 1925 neque
1464 1886 1572 1915 terreo
1596 1883 1698 1914 clusa.

631 1944 642 1961 5
678 1936 761 1967 Nam
786 1935 930 1974 studeas,
955 1935 1031 1966 dum
1055 1946 1106 1966 me
1130 1938 1253 1977 gestas,
1277 1945 1459 1966 memorare
1483 1934 1615 1973 datoris,

682 1988 745 2025 Qui
769 1988 879 2019 lumen
903 1988 1016 2029 statuit
1039 1988 1098 2019 tibi
1122 1987 1283 2030 praebere
1310 1987 1410 2029 (ecce)
1438 1987 1612 2018 reclusum.

1084 2151 1206 2184 LXXI.

1010 2216 1105 2252 LAN
1108 2214 1238 2251 TERN
1239 2215 1284 2251 A.

683 2290 822 2321 Ossibus
847 2301 889 2322 ex
912 2289 1073 2332 pecudum
1096 2289 1279 2321 fabrefacta
1302 2299 1360 2331 per
1383 2289 1491 2320 omnia
1515 2289 1604 2325 sisto,

682 2342 735 2373 Ad
758 2342 901 2384 lapidem
926 2353 1003 2374 casu
1027 2345 1152 2374 tererer
1170 2349 1216 2374 *ne
1240 2341 1324 2373 forte
1348 2341 1458 2372 relisa.

686 2394 725 2425 In
749 2394 893 2426 tenebris
917 2395 1024 2430 valeo;
1049 2394 1108 2426 sed
1130 2394 1203 2426 luce
1227 2393 1343 2425 diurna
1367 2394 1479 2425 refusa

684 2446 881 2489 Muricipum
905 2447 970 2478 ritu
998 2447 1133 2478 nimium
1158 2446 1316 2488 despecta
1339 2445 1484 2487 quiesco.

423 2577 558 2609 [LXVIII]
574 2577 586 2602 1
601 2581 703 2610 snptam
716 2578 742 2602 B
811 2577 827 2602 2
840 2579 930 2603 foebao
943 2578 967 2602 B
1037 2578 1053 2603 (3
1065 2577 1116 2603 *At
1129 2578 1154 2603 B
1216 2578 1232 2603 9
1245 2587 1281 2602 απ
1293 2577 1477 2611 *Ροηθιιάοῐθὲ
1549 2577 1581 2603 10
1593 2578 1678 2611 pristis
1691 2578 1717 2602 B
1788 2577 1816 2602 ll
1831 2578 1940 2603 roboant
1952 2578 1977 2602 B

423 2629 521 2662 [LXX]
539 2629 556 2655 4
575 2639 610 2655 an
627 2629 751 2655 *hort-eo?
855 2630 870 2655 G
889 2629 964 2655 *ecce
983 2638 1030 2655 om.
1050 2629 1076 2654 B

424 2714 710 2748 [LXVIII.-—CX[X.]
726 2714 879 2740 Carmina
896 2723 914 2740 a
931 2713 1138 2748 Fredeyario
1155 2713 1348 2740 xenodochii
1371 2714 1500 2740 custode
1522 2714 1616 2740 intra
1634 2723 1659 2742 a.
1672 2715 1816 2741 861—871
1841 2715 1974 2748 scripta,

319 2767 438 2801 quibus
456 2767 603 2793 admixta
620 2769 693 2793 sunt
715 2767 860 2793 Miconis
878 2767 1023 2800 quaedamj
1041 2768 1089 2800 cfr.
1109 2775 1195 2801 supra
1208 2776 1237 2801 1).
1256 2767 1307 2793 276
1325 2774 1360 2799 sq.

425 2818 567 2853 [LXVlll.]
589 2819 644 2851 Cfr.
665 2819 752 2845 L’Art
770 2819 799 2845 dc
817 2819 917 2852 vc'rifier
935 2820 970 2846 les
987 2819 1061 2846 (lates
1080 2820 1102 2853 I,
1117 2820 1175 2846 324.
1284 2821 1315 2847 10
1333 2827 1368 2852 sq.
1388 2828 1409 2846 c.
1426 2828 1452 2853 y.
1473 2819 1524 2846 Ies.
1547 2820 1586 2852 13,
1602 2821 1646 2852 105
1668 2818 1766 2845 Matth.
1786 2819 1829 2851 24,
1841 2820 1884 2845 ⁶29.
