2040 2996
734 149 784 177 AD
802 151 981 178 KAROLUM
999 151 1157 179 CALVUM.
1715 156 1775 187 193

898 248 996 271 xxvii.

864 302 881 334 Ι
896 302 923 334 Τ
939 302 968 334 Ε
985 302 1029 335 Μ.

487 361 627 402 Christe,
649 366 704 394 tuo
728 363 835 405 clipeo
858 362 1019 394 Dermoth
1041 362 1193 403 defende,
1217 375 1399 406 precamur,

486 413 632 457 Cumque
657 414 725 446 suis
749 414 845 447 sociis
869 414 980 446 veniat
1003 414 1087 446 hanc
1107 415 1219 447 ‘laetus
1242 416 1275 447 in
1298 417 1424 451 urbem.

483 465 537 498 Sis
560 469 691 509 proreta
712 469 829 509 potens
853 465 974 498 nostris
998 466 1032 498 in
1056 466 1204 506 navibus,
1228 468 1327 500 alme:

530 517 578 550 Te
601 518 683 560 sine,
707 518 943 563 cunctipotens,
967 527 1126 562 prospera
1149 519 1239 551 nulla
1262 524 1394 563 queunt.

888 658 996 682 xxvul.

710 712 826 744 IDEM
847 712 910 744 AD
934 712 1170 746 KAROLUM.

483 771 606 804 Caesar
629 775 700 805 erat
722 772 864 805 Karolus
888 776 956 806 toto
979 774 1177 807 clarissimus
1201 775 1280 808 orbe

530 823 682 868 Europae
705 825 868 868 princeps,
890 825 1061 868 imperiale
1085 827 1201 864 decus;

479 875 597 908 Inclita
619 877 794 919 progenies
817 877 928 920 magni
951 878 1096 921 celsique
1120 879 1226 922 Pipini

527 927 667 960 Sedibus
689 928 848 961 astriferis
872 939 958 962 nunc
981 940 1065 962 nova
1087 941 1191 973 regna
1214 935 1316 972 tenet,

410 985 422 1004 ³
479 978 533 1011 Ex
555 990 620 1022 quo
642 980 817 1023 progenies
839 980 1035 1013 Ludewicus
1058 982 1178 1014 nobilis
1202 983 1296 1015 heres

526 1029 642 1063 Gloria
663 1031 905 1074 Francigenum
928 1032 1020 1065 fulsit
1043 1033 1076 1065 in
1099 1034 1178 1066 orbe
1202 1038 1329 1077 potens.

477 1081 614 1115 Mitibus
636 1083 692 1116 ille
715 1083 778 1116 fuit
800 1084 886 1116 mitis
910 1085 1114 1128 multumque
1137 1097 1283 1126 serenus,

525 1133 653 1166 Blanda
675 1135 827 1168 columba
848 1135 954 1176 bonis,
976 1140 1010 1168 at
1033 1137 1084 1169 leo
1109 1140 1249 1180 truxque
1274 1138 1377 1178 malis,

477 1185 605 1218 Vertex
627 1186 857 1219 Christicolum
881 1188 1086 1230 populorum,
1110 1189 1268 1231 splendor
1290 1189 1419 1221 honoris

396 1244 421 1262 ¹⁰
523 1236 717 1280 Magnificus
741 1237 875 1279 Caesar,
898 1239 1036 1282 dapsilis
1059 1250 1098 1272 ac
1122 1241 1268 1284 sapiens:

477 1288 550 1326 Quo
573 1290 732 1322 moriente
754 1291 808 1333 pio
832 1290 959 1324 faustae
982 1294 1058 1334 post
1079 1295 1228 1335 tempora
1251 1292 1337 1325 vitae

523 1340 621 1374 Orbis
644 1342 839 1374 contremuit
861 1343 1114 1386 caeruleumque
1138 1354 1239 1376 mare.

475 1391 542 1425 Sed
564 1396 675 1426 tamen
698 1393 849 1436 astrigeri
872 1394 1015 1426 laetatur
1037 1398 1150 1426 coetus
1174 1394 1305 1438 olimpi,

522 1443 619 1481 Quod
640 1444 834 1478 Ludewicus
857 1456 958 1478 ovans
981 1455 1084 1488 regna
1106 1446 1223 1478 beatus
1247 1446 1362 1482 habet:

394 1502 418 1521 ¹⁵
475 1495 627 1529 Plaudite
650 1496 719 1538 sed,
744 1497 856 1540 populi
879 1497 1088 1537 Francorum,
1113 1498 1258 1541 plaudite
1282 1501 1427 1537 ovantes,

525 1548 684 1582 Cantibus
707 1550 880 1593 organicis,
905 1561 984 1583 voce
1007 1551 1115 1583 levate
1137 1551 1253 1598 melos:

474 1601 558 1633 Nam
582 1601 675 1634 iubar
696 1602 843 1634 exoritur
865 1613 952 1635 nunc
975 1603 1130 1636 Caesaris
1155 1603 1269 1636 inclita
1291 1603 1399 1646 proles

521 1652 630 1695 Atque
653 1663 756 1686 novus
778 1653 922 1686 Karolus
945 1654 1097 1697 splendet
1119 1655 1152 1687 in
1176 1655 1256 1687 orbe
1279 1654 1391 1687 decus.

472 1703 566 1736 Nunc
588 1714 689 1744 mare,
712 1715 798 1737 nunc
819 1705 916 1737 tellus
938 1705 1082 1748 gaudent
1105 1706 1274 1748 nubesque
1298 1706 1468 1749 polusque,

390 1761 416 1781 ³⁰
519 1755 706 1788 chrismata
728 1757 872 1790 laetitiae
895 1768 981 1790 nunc
1004 1759 1059 1802 pia
1082 1758 1181 1791 corda
1204 1759 1348 1802 replent:

471 1805 584 1839 Aurea
606 1818 745 1850 namque
769 1808 863 1841 modo
886 1809 1010 1852 regitur
1032 1813 1103 1842 rota
1126 1810 1283 1852 regminis
1307 1810 1407 1853 ampli

519 1857 649 1890 Eximio
672 1857 796 1891 Karolo
821 1859 966 1893 Caesare
989 1861 1148 1903 glorifico.

472 1909 577 1946 Quam
600 1913 686 1942 rotat
707 1910 779 1954 ipse
801 1921 898 1943 manu
921 1912 1029 1954 patria
1051 1913 1171 1945 virtute
1195 1913 1399 1955 triumphans
1420 1941 1427 1949 ⁴

517 1960 592 1993 Rite
615 1971 766 2005 premens
789 1962 932 1995 tumidos
955 1966 1054 2006 atque
1077 1964 1190 1996 levans
1214 1964 1372 1996 humiles:

389 2018 413 2038 ²³
471 2012 591 2045 Inclita
613 2023 688 2045 nam
712 2013 835 2046 domini
858 2014 1013 2047 sublimat
1035 2015 1173 2048 dextera
1196 2015 1316 2048 Christi

517 2064 683 2097 Illustrem
706 2075 817 2108 regem
840 2067 1052 2109 glorificando
1075 2068 1191 2100 virum.
1215 2086 1255 2091 —

469 2115 592 2149 Dicite:
617 2117 671 2150 cui
692 2118 806 2160 populi
830 2117 1021 2151 conceditur
1043 2119 1153 2162 ampla
1175 2122 1322 2162 potestas

516 2169 588 2202 Iam
610 2170 711 2213 prisci
732 2169 882 2203 Karolii:
905 2181 1015 2204 nonne
1039 2182 1122 2204 novo
1146 2171 1291 2204 Karolo?

470 2220 530 2254 Ille
553 2221 617 2254 suit
638 2222 790 2259 manibus
814 2222 908 2255 fortis
931 2223 1039 2255 David
1063 2223 1154 2256 velut
1175 2223 1259 2255 alter

387 2278 413 2297 ³⁰
507 2272 710 2316 -Allophylos
733 2277 846 2306 contra
869 2274 1041 2318 splendida
1064 2277 1174 2307 castra
1197 2285 1346 2307 movens:

470 2324 534 2356 Hic
557 2318 651 2357 sedet
673 2325 867 2358 altitrhonus
891 2327 972 2359 celsi
997 2327 1180 2358 Salemonis
1204 2326 1246 2358 ad
1269 2326 1369 2358 instar

515 2375 695 2409 Floriferae
718 2378 810 2420 pacis
834 2378 954 2420 gaudia
977 2378 1058 2410 dans
1083 2378 1220 2421 populis.

469 2426 544 2459 Uno
568 2427 626 2460 sed
650 2427 804 2461 Salemon
827 2431 950 2473 templo
975 2430 1160 2462 celebratur
1180 2430 1212 2461 in
1236 2429 1329 2461 orbe:

515 2478 606 2512 Mille
630 2480 689 2512 sed
711 2481 764 2513 hic
787 2482 919 2525 templis
942 2492 1059 2514 nomen
1082 2481 1116 2513 in
1138 2484 1227 2513 astra
1250 2481 1349 2513 levat.

206 2587 308 2623 [μνη]
325 2590 364 2616 ed.
382 2590 532 2618 Dama-102-
550 2592 566 2618 l.
584 2601 603 2618 ο,
619 2601 648 2625 p.
670 2591 700 2617 17
823 2591 933 2626 [xxvu1.]
951 2593 991 2618 ed.
1013 2593 1106 2618 Graue
1118 2601 1148 2625 p.
1168 2591 1183 2617 7
1270 2591 1288 2617 2
1314 2593 1416 2625 Europe
1437 2595 1460 2617 et
1485 2592 1587 2624 saeJn'us
1606 2600 1620 2617 e
1634 2601 1686 2624 pro
1706 2591 1758 2628 90

107 2629 140 2657 14
157 2631 306 2659 lodewicus
320 2634 343 2660 G
425 2634 461 2661 30
477 2635 622 2669 Allophilos
639 2644 738 2669 semper
752 2637 775 2662 Ο

206 2699 308 2735 Luna]
327 2699 455 2728 Damam
471 2710 527 2728 non
542 2702 599 2729 eine
615 2711 699 2730 causa
717 2703 836 2731 Scottum
850 2706 932 2737 pacat
951 2703 1104 2730 Duemnaer
1121 2710 1200 2729 carm
1221 2701 1280 2729 Sal.
1294 2710 1323 2736 p.
1338 2703 1362 2730 2.
1486 2702 1595 2736 [xxvm.]
1615 2702 1663 2735 cfr.
1684 2702 1754 2730 XII.

16 2788 17 2791 Ἴ
104 2748 122 2776 8
140 2748 217 2778 Fore.
232 2750 279 2784 νζ
296 2751 321 2784 3,
341 2753 355 2778 1
375 2752 477 2780 Inclita
494 2754 649 2788 progenies.
727 2756 744 2783 6
763 2754 840 2782 Fert.
853 2753 903 2789 IV,
915 2755 958 2787 20,
971 2756 988 2782 2
1005 2753 1085 2782 fulsit
1097 2753 1126 2781 in
1139 2753 1204 2781 orbe
1218 2754 1325 2788 potens.
1402 2753 1437 2780 27
1454 2761 1506 2787 sqq.
1519 2754 1567 2786 cfr.
1579 2753 1660 2787 XIV,
1674 2754 1686 2780 1
1701 2762 1754 2788 sqq.

0 2815 2 2819 =
47 2795 49 2798 ’
105 2799 207 2831 38-ίὸ
221 2802 267 2836 d'r.
286 2803 358 2838 XII,
378 2804 487 2832 13-26.
535 2825 540 2831 .

205 2853 308 2882 Pon-u
326 2860 410 2880 ιΑτικι
427 2861 487 2884 uvi
507 2855 632 2885 omousi
650 2857 696 2884 111.
1514 2854 1549 2881 25
