2040 2996
371 227 389 257 7
434 225 488 257 Sic
510 225 706 257 meditantes
946 225 1115 267 migraturi
1140 225 1251 257 seculo

434 277 652 319 apostolorum
945 277 1111 309 imitantes
1135 277 1258 309 monita

433 340 547 372 paoem
571 332 744 372 sequentes
946 329 1043 361 corde
1066 340 1148 372 puro
1172 331 1317 372 exsequi,

432 381 559 413 veniam
583 380 654 412 dari
945 380 1082 412 invicem
1107 381 1268 422 alacriter,

433 433 538 464 finctis
560 432 710 475 loquellis
946 431 1101 474 sordi(da>
1127 432 1301 475 depellere.

369 503 388 533 8
434 501 550 544 Capite
571 512 656 534 unco
944 500 1118 544 defixoque
1141 502 1262 545 poplite

431 557 540 596 grates
563 553 709 596 rependo
944 552 1133 585 devotorum
1157 554 1296 596 agmine,

398 614 401 615 ’
432 606 485 648 qui
509 609 722 649 properanter
943 607 1069 638 viscere
1092 606 1274 637 miserrimo

430 658 524 690 anelo
547 658 671 690 sessus:
945 661 979 691 et
1000 658 1115 690 mortis
1137 658 1291 690 indicium

429 710 531 742 octies
551 709 635 742 dena
941 710 1073 753 vitaque
1096 710 1310 753 protenditur.

366 781 386 810 9
431 778 542 811 Gloria
563 779 658 822 patri,
942 789 1068 811 summo
1090 782 1188 822 atque
1211 779 1289 818 filio,

430 841 501 862 cum
525 831 652 873 quibus,
676 834 788 862 sancto
942 831 1035 870 trino,
1058 833 1158 870 extat,
1183 830 1308 873 spiritu,

428 886 613 926 prestantes
636 882 738 924 digna
941 883 1028 915 servi
1051 883 1221 922 beneficia,

428 935 460 966 in
484 934 572 966 laudi
597 933 728 973 Christi,
941 934 1034 966 cuius
1057 934 1119 966 hee
1142 937 1217 966 sunt
1241 934 1357 973 omnia,

428 986 534 1018 daturi
556 996 693 1029 regnum
939 991 1015 1030 post
1037 986 1129 1019 finita
1151 989 1309 1029 tempora.
1354 985 1469 1016 Amen.

906 1159 966 1192 IV.

208 2619 250 2653 7‚5
271 2619 362 2646 *corde
379 2620 403 2645 Τ

107 2663 271 2690 christiculun
289 2664 313 2689 T

718 137 884 165 CARMTNA
902 137 1171 165 HISPANIENSIA.

479 1218 574 1251 Secla
596 1218 713 1259 Dei—-‚
737 1222 824 1259 nate,
847 1219 966 1252 fruaris
990 1220 1151 1251 consortio
1176 1218 1358 1251 —Serbusz

474 1270 539 1302 Hic
562 1271 692 1303 nomine
715 1274 771 1303 tuo
794 1271 891 1303 misto
914 1271 1094 1304 dinosceris
1117 1282 1207 1303 esse:

476 1321 524 1354 're
548 1333 676 1365 quoque
699 1321 808 1355 vivido
831 1323 928 1355 docili
953 1323 1009 1366 (i)s
1033 1322 1131 1355 corde
1155 1326 1290 1355 amatur.

477 1374 614 1417 Semper
637 1374 768 1414 elucris,
793 1375 819 1406 si
842 1385 974 1418 semper
996 1374 1226 1417 Christumque
1251 1374 1383 1406 vereris.

477 1425 578 1458 Sacro
602 1429 658 1458 tuo
681 1437 781 1469 posco
805 1426 986 1469 obtavili<a)
1013 1437 1088 1459 esse
1112 1429 1214 1467 orata,

476 1477 522 1509 Ut
543 1478 670 1510 valeam
694 1478 777 1520 tergi
800 1489 820 1510 a
842 1478 948 1521 nugis,
971 1489 1034 1521 que
1058 1479 1218 1522 properiis
1242 1478 1304 1520 egi.

911 1651 951 1685 V.

475 1711 589 1744 Inclite
613 1712 757 1756 parentis
781 1712 865 1745 alme
889 1711 1020 1744 Christe
1044 1712 1162 1755 pignus
1184 1711 1310 1749 unicus,

474 1764 632 1803 Membra,
655 1775 718 1807 que
740 1764 853 1797 labore
875 1764 962 1796 fessa
985 1774 1071 1796 nunc
1094 1774 1216 1807 repono
1239 1764 1370 1803 lectulo,

475 1816 581 1848 Cerne
603 1817 690 1848 mitis
713 1827 750 1848 ac
774 1816 933 1859 benignus
958 1819 1056 1859 atque
1080 1816 1364 1848 clementissimus.

473 1885 565 1917 Tolle
589 1888 741 1925 monstra,
765 1886 889 1927 stringe
912 1885 1011 1917 fibras
1035 1888 1068 1917 et
1091 1895 1241 1928 soporem
1265 1888 1420 1927 tempera,

473 1937 615 1980 Inprova
638 1947 689 1976 ne,
711 1937 787 1969 dum
812 1937 923 1980 quiete
946 1941 1184 1980 pregravantur
1206 1937 1342 1976 viscera,

473 1989 656 2022 Demonum
678 1989 793 2022 fraude
816 1990 959 2032 maligna
983 1990 1125 2022 sentiant
1147 1989 1285 2033 piacula.

473 2057 570 2090 Celsa
592 2068 724 2102 prorsus
747 2059 862 2101 iugens
887 2059 934 2091 ori
957 2059 1026 2091 fata
1049 2058 1181 2090 laudum
1206 2058 1332 2090 cantica

472 2109 574 2142 Extat
596 2120 688 2142 mens
712 2110 828 2142 celitus
851 2110 927 2142 almi
951 2110 1059 2142 animo
1083 2110 1277 2142 ferbentior:

472 2161 605 2204 Ingerat
627 2162 785 2204 premium
808 2163 875 2195 vite
899 2165 1027 2205 tempus
1049 2162 1153 2194 noctis
1175 2161 1293 2201 valide,

473 2230 518 2262 Ut
540 2241 598 2273 per
620 2231 807 2265 hocnootis
830 2241 974 2263 errorem
998 2230 1165 2262 devincam
1189 2230 1336 2269 viriliter,

472 2282 671 2326 Expugnato
695 2283 825 2315 ceruleo
850 2282 966 2325 spiritu
989 2283 1189 2325 nequissimo

471 2335 594 2367 Miscar
616 2335 680 2367 tuis
704 2345 776 2367 cum
801 2335 913 2367 amicis
938 2344 1151 2378 supernorum
1174 2333 1308 2365 cibibus.

472 2403 580 2436 Indito
603 2404 707 2436 crucis
730 2404 839 2436 vexilo
862 2406 918 2436 tue
942 2403 1140 2435 fortitudinis

473 2455 631 2498 Presigna
654 2458 722 2488 tum
746 2465 800 2487 cor
823 2458 856 2487 et
879 2465 997 2498 corpus
1020 2455 1162 2487 aeternis
1185 2453 1335 2494 oraculis,

473 2506 586 2550 Clipeo
609 2506 695 2539 fideli
719 2507 862 2549 gliscens
887 2506 995 2538 inesse
1020 2506 1080 2538 sub
1103 2506 1258 2548 tegmine.

1706 142 1766 172 149

494 2619 538 2652 82
558 2619 677 2654 *ngnrina
694 2619 718 2644 T
765 2618 783 2645 3
806 2617 984 2652 *properantes
1002 2617 1026 2642 Τ
1121 2617 1163 2650 9,2
1185 2618 1270 2650 qubus
1287 2617 1311 2642 Τ
1362 2617 1379 2643 4
1402 2619 1496 2644 Christi
1515 2620 1590 2645 cuius
1613 2620 1644 2645 0.
1660 2619 1748 2652 Meyer

209 2705 274 2740 [1V.]
302 2706 320 2732 2
340 2715 431 2732 nomen
454 2710 490 2731 eat
507 2706 654 2738 Servusdez',
675 2706 719 2731 ned
737 2706 778 2731 dei
797 2702 851 2730 rino*
868 2703 962 2729 κοινοῦ
1049 2703 1066 2729 3
1083 2702 1187 2729 *docilis
1205 2703 1229 2728 T
1309 2703 1327 2729 4
1345 2703 1424 2738 *Seps
1441 2705 1486 2730 diu
1503 2705 1554 2730 eris
1570 2705 1594 2729 Τ
1641 2703 1716 2739 *sepe
1733 2714 1748 2730 a

109 2750 210 2775 Christo
227 2750 341 2782 quereris
359 2749 383 2774 Τ

209 2790 261 2825 [v.]
279 2791 320 2825 3‚1
342 2791 411 2818 *rata
427 2791 452 2816 T

465 2748 482 2774 5
498 2747 618 2774 *obtavili
636 2749 660 2774 T
742 2749 759 2773 6
775 2747 900 2782 *proprus
915 2748 938 2773 0

532 2791 574 2824 4,1
593 2791 644 2818 *am
663 2792 814 2824 (mon-orem
826 2791 839 2816 3
