2060 3074
213 154 274 183 ⁴42
865 151 1003 178 HEIRICI
1023 151 1199 179 CARMINA.

578 238 744 269 Hauserat
767 238 827 268 hoc
851 238 923 268 aevi
949 237 1139 279 iuvenisque
1164 240 1295 279 togatus
1320 238 1439 280 agebat

504 303 540 320 105
578 289 707 320 Aetatis
733 289 869 320 solidam
895 289 1059 320 cumulato
1084 289 1200 321 robore
1225 293 1361 331 partem.

579 341 659 372 Cum
684 351 783 382 super
807 340 955 372 addictas
980 341 1176 382 praesulque
1201 344 1234 372 et
1258 341 1324 372 dux
1349 342 1499 383 regiones

579 393 722 424 Effertur
746 393 850 431 terris,
874 403 938 434 qua
962 392 1107 424 Gallicus
1131 393 1264 424 incubat
1287 393 1369 431 axis,

580 444 660 475 Cum
686 444 807 476 vindex
832 444 991 475 scelerum
1018 447 1086 476 tum
1110 444 1318 486 dispensator
1340 445 1509 476 honorum.

622 496 743 528 Orbem
769 505 836 527 tum
860 499 962 527 totum
987 496 1088 527 victor
1110 496 1278 528 Romanus
1302 496 1432 538 agebat,
1605 505 1747 537 Descriptio
1756 504 1859 536 amplis-

505 561 542 578 110
579 548 652 583 Qua
674 559 775 587 marc,
800 559 863 590 qua
886 548 994 586 tellus,
1019 559 1083 590 qua
1108 548 1204 579 cardo
1228 548 1370 590 invergit
1392 551 1537 590 uterque.
1604 549 1682 573 simae
1729 547 1860 580 potestati„

580 599 614 630 Si
637 599 723 641 quod
744 599 776 630 in
799 599 877 631 orbe
900 599 1030 638 fretum,
1053 599 1079 631 si
1101 599 1173 641 quis
1196 600 1285 631 sinus
1305 599 1435 631 abditus
1455 610 1603 642 usquam,
1642 591 1825 616 R⁰”¹‘²¹¹⁰T¹⁴”²·

580 651 613 681 Si
639 651 725 692 quod
750 652 846 683 clima
869 652 954 683 foret
976 651 1150 683 Phoebeae
1174 651 1333 694 lampadis
1357 661 1487 694 expers,

581 702 614 734 Si
639 713 702 745 qua
725 703 787 734 fuit
809 704 910 745 regio,
935 703 1058 734 fulvum
1083 713 1166 745 quae
1190 704 1341 745 gigneret
1364 714 1489 742 aurum,

580 754 634 785 Nil
659 755 720 785 nisi
745 754 886 786 Romani
911 755 1044 786 vivebat
1068 755 1207 786 nominis
1231 755 1356 788 umbra.

506 819 542 838 115
580 806 725 838 Arbitrio
751 807 855 838 sancti
880 807 1076 838 constabant
1099 810 1216 838 cuncta
1240 810 1388 839 senatus:

581 858 729 900 Sceptra,
752 858 974 900 magistratus,
998 859 1094 897 tituli,
1118 859 1292 901 praetoria,
1317 859 1429 892 sellae.

581 910 768 949 Praetexta,
793 910 939 949 trabeae,
963 910 1081 948 fasces,
1104 911 1233 952 insigne
1257 911 1409 949 tribunal,

581 962 719 1002 Aedilis,
744 966 910 1004 quaestor,
934 962 1073 994 dictator
1094 962 1314 1004 iuridicusque

582 1014 635 1054 Et,
660 1025 767 1046 rerum
793 1015 845 1046 cui
869 1025 995 1046 summa
1019 1017 1111 1056 patet
1134 1018 1303 1057 paretque,
1328 1014 1519 1046 monarchos

506 1078 543 1097 120
581 1065 624 1097 Et
647 1066 889 1097 conflandarum
914 1076 972 1108 per
995 1069 1110 1107 gentes
1136 1066 1244 1098 cautio
1269 1066 1377 1108 legum

581 1117 624 1149 Et
647 1129 713 1160 pax
737 1121 770 1149 et
792 1118 926 1157 bellum,
950 1118 991 1150 lis
1015 1122 1048 1149 et
1072 1118 1246 1150 concordia
1271 1129 1378 1150 rerum
1403 1136 1441 1141 -

581 1170 700 1202 Omnia
723 1170 916 1212 conscriptis
941 1170 1109 1201 servibant
1132 1170 1280 1212 patribus
1304 1169 1391 1208 olim,

582 1221 672 1257 Quos
696 1232 799 1263 penes
824 1221 965 1253 inmensi
990 1221 1099 1253 stabat
1123 1221 1270 1253 custodia
1293 1221 1418 1258 mundi;

582 1273 730 1315 Cumque
754 1274 860 1305 forent
884 1274 985 1305 clausi
1009 1273 1136 1305 resides
1160 1274 1192 1305 in
1215 1277 1307 1316 parte
1331 1273 1453 1305 sacelli.

510 1338 546 1357 125
584 1325 713 1357 Divinis
738 1325 896 1367 quadrum
921 1326 1088 1368 fingebant
1111 1325 1239 1367 legibus
1264 1325 1387 1357 orbem.

582 1377 758 1409 Gestorum
784 1378 885 1409 series
909 1378 1116 1420 aliquatenus
1140 1377 1323 1420 intercepta

580 1429 610 1460 A
635 1429 835 1461 deverticulo
860 1429 991 1461 demum
1015 1430 1156 1472 repetita
1180 1428 1333 1471 placebit.

625 1480 802 1513 Crescebat
825 1481 949 1512 meritis
974 1485 1100 1513 mactus
1125 1481 1334 1513 successibus
1357 1481 1453 1512 heros
1611 1490 1685 1520 Quod
1708 1490 1805 1515 occiano
1827 1490 1864 1514 ἐιι-

583 1533 793 1575 Perfectique
817 1543 942 1575 sequax
965 1533 1100 1575 primam
1125 1533 1282 1565 tendebat
1304 1532 1345 1565 ad
1368 1543 1477 1564 arcem
1608 1533 1674 1558 dicio
1727 1533 1866 1558 divinitat-'e

507 1598 543 1617 1³0
582 1585 739 1616 Cursibus
764 1585 912 1627 inpigris,
937 1595 977 1616 ne
1002 1596 1063 1616 non
1087 1585 1253 1627 perfectus
1277 1585 1317 1616 ab
1342 1585 1429 1616 omni
1608 1577 1677 1602 amm·
1698 1577 1866 1627 perjscfimu'e·

581 1637 680 1669 Parte
704 1637 789 1669 foret
813 1647 905 1669 sacer
929 1641 961 1669 et
985 1637 1118 1679 praesul
1141 1637 1205 1668 iam
1229 1637 1358 1679 iamque
1382 1637 1520 1674 futurus,
1605 1624 1865 1688 Ψωᾞὲἑῒίῗῗεω

583 1689 691 1731 thue
715 1688 756 1720 ad
779 1689 943 1720 loetiferas
969 1690 1073 1721 aciem
1097 1688 1294 1721 contendere
1317 1691 1428 1731 pestes
1657 1672 1676 1696 Ρ
1806 1682 1812 1688 ”

580 1741 800 1783 Emersasque
824 1741 957 1773 hereses
983 1740 1154 1772 undeunde
1179 1741 1354 1773 extrudere
1377 1745 1499 1783 posset.

580 1793 741 1825 Armabat
765 1793 894 1825 doctam
918 1794 1017 1825 vivax
1039 1793 1193 1826 facundia
1218 1794 1379 1835 linguam:

319 1940 422 1966 Scholia
448 1955 478 1958 —-
506 1940 555 1965 109
573 1939 678 1973 agebat]
697 1941 851 1973 disponebat
957 1940 1007 1966 125
1025 1940 1166 1974 fingebant]
1186 1941 1381 1974 componebant.
1407 1954 1439 1958 —
1465 1942 1588 1974 Virgilius
1606 1941 1683 1972 (Aen.
1709 1940 1783 1965 VIII
1793 1940 1868 1970 634).-

216 1988 249 2010 ἐι
269 1993 375 2018 corpora
394 1985 490 2017 fingere
509 1984 607 2017 lingua'
711 1983 759 2008 1⁶28
779 1983 887 2020 mactus]
907 1985 988 2017 magis
1006 1988 1099 2010 auctus
1200 1984 1249 2010 129
1267 1983 1382 2017 perfecti]
1401 1985 1563 2017 perfectionis
1615 1982 1708 2016 arcem]
1727 1983 1868 2017 sapientiae

216 2033 242 2053 et
259 2029 362 2053 virtutis
451 2027 500 2052 130
518 2026 635 2060 inpigris]
656 2028 672 2052 i.
690 2036 712 2052 e.
732 2028 863 2052 velocibus
951 2027 1000 2053 133
1018 2028 1156 2053 undeunde
1175 2027 1318 2060 extrudere]
1338 2028 1517 2060 undecumque
1535 2028 1666 2053 eliminare
1754 2025 1803 2052 134
1821 2027 1867 2052 Ar-

216 2070 313 2104 mabat]
334 2071 450 2096 munibat
504 2072 580 2096 vivax
600 2069 730 2103 facundia]
751 2071 893 2096 inmortalis
911 2071 1066 2104 eloquentia.
1087 2086 1119 2089 -
1144 2072 1287 2097 Parabatur
1304 2072 1451 2104 eloquentia
1469 2071 1704 2104 praedicationibus

322 2156 369 2182 105
388 2157 487 2193 Aetatis
500 2158 525 2182 P
610 2157 646 2182 ad
667 2157 715 2183 109
734 2157 893 2190 desscripltio
906 2157 932 2182 P
1018 2156 1068 2183 109
1086 2157 1200 2183 habebat
1217 2157 1279 2192 (qfr.
1299 2158 1402 2183 Petron.
1422 2158 1439 2183 l.
1458 2157 1492 2190 c.)
1509 2157 1636 2183 Bacchius
1724 2155 1774 2182 126
1791 2156 1867 2181 inver-

215 2204 304 2233 coepta
322 2205 345 2226 et
363 2201 398 2226 sic
417 2210 469 2226 rnrm
488 2210 551 2226 raro
569 2210 599 2226 oe
612 2210 666 2233 pro
684 2210 698 2226 e
717 2201 743 2226 in
761 2202 903 2234 compositis
921 2210 938 2225 a
957 2209 1047 2234 capere
1065 2201 1186 2227 derivatis
1203 2202 1229 2227 P

324 2285 462 2312 los—113
481 2285 585 2312 Pevmn.
607 2286 665 2318 119,
680 2286 746 2313 1-5
764 2285 816 2319 (ed.
836 2286 978 2313 Buecheler
990 2294 1054 2320 pay.
1074 2286 1123 2313 152
1132 2288 1180 2320 sq.)

630 2338 731 2366 Orbem
751 2338 806 2365 iam
825 2340 916 2366 totum
934 2338 1025 2366 victor
1043 2338 1185 2366 Romanus
1204 2338 1335 2369 habebat,

631 2390 691 2422 Qua
710 2399 794 2423 mare,
814 2399 870 2424 qua
888 2392 987 2422 terrae,
1007 2399 1064 2424 qua
1082 2390 1158 2417 sidus
1177 2390 1263 2418 currit
1282 2392 1437 2425 utrumque.

631 2442 689 2469 Nec
708 2442 827 2469 satiatus
846 2444 914 2469 erat.
951 2442 1079 2469 Gravidis
1098 2443 1169 2469 freta
1188 2442 1269 2476 pulsa
1287 2442 1388 2470 carinis

629 2493 687 2520 lam
707 2493 930 2528 peragebantur:
950 2494 973 2521 si
991 2493 1053 2528 quis
1071 2494 1147 2521 sinus
1165 2493 1277 2521 abditus
1295 2494 1376 2525 ultra,

630 2546 658 2572 Si
677 2554 733 2580 qua
752 2542 823 2573 foret
841 2547 935 2578 tellus,
956 2546 1062 2573 fulvum
1080 2555 1153 2581 quae
1173 2547 1373 2581 (Scaliycranus
1391 2546 1529 2573 Leidensis
1545 2549 1569 2573 et
1588 2546 1777 2579 Maemmt'amcs,
1795 2555 1868 2580 quae

898 2599 1004 2625 fulvum
1024 2607 1037 2625 e
1056 2598 1210 2625 Buccheleri
1226 2598 1331 2624 silentio
1349 2597 1601 2632 Autissiodorensis)
1619 2597 1744 2625 mitteret
1761 2606 1867 2630 aurum,

630 2649 724 2676 Hostis
744 2651 811 2676 erat.

522 2700 641 2727 Contulit
655 2701 761 2734 primus
780 2701 915 2728 Pithoeus.

219 2753 267 2778 115
292 2752 357 2778 Aen.
384 2752 399 2778 1
416 2753 466 2779 420·
491 2755 673 2788 sanctumque
699 2756 834 2781 senatum.
945 2756 990 2781 123
1020 2755 1075 2787 Cs'r.
1101 2754 1178 2782 Fet-st.
1199 2755 1284 2783 1119.
1392 2754 1438 2782 127
1463 2754 1522 2781 Ius.
1545 2756 1583 2789 15,
1597 2755 1630 2781 72
1654 2755 1678 2782 A
1697 2754 1867 2784 deverticulo

217 2805 361 2838 repetatur
380 2804 483 2832 fabula.

2044 2778 2060 2799 Η
