2060 3074
295 134 356 164 742
768 129 934 157 AUDRADI
952 128 1150 156 CARMINUM
1169 127 1475 154 SUPPLEMENTUM.

659 216 711 248 Ex
734 218 802 248 toto
827 218 940 255 totum,
965 215 1005 246 de
1029 225 1154 246 summo
1177 215 1297 246 lumine
1321 224 1490 254 summum,

659 268 729 300 Neo
752 267 895 310 genitum
919 267 1065 309 genitore
1088 267 1206 303 minus;
1229 277 1315 307 nam,
1339 266 1426 308 quod
1449 268 1542 309 pater
1564 266 1644 308 ipse,

608 333 619 352 5
665 320 764 351 Filius
789 319 1002 361 omnipotens,
1026 319 1142 350 summi
1165 319 1324 361 sapientia
1345 318 1456 360 patris,

660 371 734 404 Hoc
758 374 816 412 est,
840 371 899 403 sed
921 374 1047 413 patrem
1070 371 1214 413 genitum
1237 381 1302 402 non
1324 369 1484 402 credimus
1507 380 1595 406 esse;

662 423 736 455 Una
758 426 867 454 tamen
891 433 963 454 cum
987 425 1078 465 patre
1101 425 1212 454 manet
1235 422 1415 453 substantia
1435 421 1511 453 nati.

664 474 836 517 Indignum
859 475 952 506 nimis
976 477 1026 508 est
1047 474 1192 516 genitum
1215 474 1363 516 genitore
1385 474 1543 505 minorem

662 526 706 558 Et
727 527 816 568 prius
840 536 911 557 esse
934 528 1062 568 patrem
1085 525 1195 567 genito
1218 525 1436 567 miserumque
1460 525 1564 556 fateri.

596 592 619 610 ιο
664 578 813 610 Summus
836 578 869 608 in
891 580 1060 609 aeternum
1084 577 1219 619 genitor,
1243 577 1403 620 sapientia
1424 577 1558 609 verbum

662 629 768 674 Ipsius
793 633 842 662 est
864 630 965 672 patris
988 639 1049 661 nec
1071 629 1134 661 hac
1157 630 1224 661 sine
1248 629 1389 662 creditur
1412 639 1492 661 esse.

663 682 748 714 Nam
772 682 900 724 genitus
923 682 950 713 si
973 691 1098 713 summa
1120 681 1221 723 patris
1244 681 1402 724 sapientia
1425 682 1540 713 summi

661 734 730 774 Est,
753 734 807 776 qui
830 736 922 776 parte
947 733 1027 765 deus
1049 736 1144 775 pater
1165 733 1227 764 hac
1250 733 1318 764 sine
1342 733 1457 765 dicitur
1479 737 1570 765 esse?

662 786 732 818 Nec
754 788 850 828 pater
873 787 923 817 est
944 785 1057 825 maior,
1080 795 1142 816 neo
1163 784 1247 816 filius
1270 788 1320 816 est
1342 785 1446 817 minus
1468 786 1534 817 illo.

598 852 621 870 15
667 838 817 880 Denique
842 848 914 869 cum
938 837 1048 879 genito
1072 847 1243 869 remanens
1266 837 1445 869 substantia
1467 837 1568 878 verbi,

664 890 807 923 Indivisa
830 891 878 922 sui
902 890 1060 933 sapientia
1082 893 1252 933 permanet
1274 890 1330 923 illi.

667 943 694 975 O
719 943 837 975 dilecte
860 945 964 985 pater,
989 942 1098 974 dilecti
1121 943 1224 984 gloria
1246 943 1323 983 nati,

666 994 807 1037 Aequali
830 994 939 1036 genito
964 1004 1093 1037 semper
1115 994 1246 1026 laetaris
1268 995 1301 1026 111
1323 994 1389 1035 1110,
1436 990 1438 992 μ

664 1047 717 1087 Et,
742 1046 877 1089 quodvis
900 1046 1037 1088 genitor,
1060 1046 1189 1088 genitus
1213 1057 1341 1089 quoque
1365 1046 1488 1089 gaudet
1510 1047 1543 1079 id
1565 1048 1680 1090 ipsum.

599 1112 623 1131 ρο
667 1099 727 1130 Ille
750 1098 809 1130 tibi
830 1099 942 1138 virtus,
964 1098 1034 1130 laus
1058 1101 1107 1130 est
1131 1101 1164 1130 et
1186 1098 1289 1140 gloria
1310 1109 1438 1141 perpes.

665 1151 735 1183 Nec
758 1150 826 1182 sine
850 1154 883 1182 te
906 1151 1028 1193 placuit
1050 1153 1161 1182 natum
1183 1161 1332 1192 regnare,
1355 1151 1414 1182 sed
1435 1151 1525 1183 illum

666 1203 788 1235 Tecum
812 1213 942 1245 semper
963 1202 1088 1234 habens
1109 1213 1191 1234 unus
1214 1202 1355 1235 laudaris
1377 1204 1409 1235 in
1430 1214 1539 1236 unum.

665 1256 734 1287 Neo
758 1255 858 1298 patris
880 1256 914 1287 in
936 1255 1003 1286 nati
1025 1255 1145 1297 placuit
1166 1258 1199 1286 te
1222 1258 1350 1289 vertere
1373 1266 1503 1296 nomen,

668 1308 734 1340 Sed
756 1310 852 1350 pater
874 1311 1009 1339 aeterno
1033 1307 1163 1339 voluisti
1185 1308 1314 1340 nomine
1338 1307 1410 1349 dici,

600 1373 625 1393 25
672 1361 773 1392 Filius
796 1363 894 1403 atque
917 1363 990 1392 tuus
1013 1360 1144 1403 proprio
1167 1370 1203 1391 se
1226 1361 1355 1392 nomine
1379 1360 1509 1403 gaudet.

667 1413 738 1445 Nec
760 1415 855 1455 pater
878 1415 928 1444 est
951 1412 1042 1453 alius,
1066 1412 1153 1455 quod
1174 1415 1268 1444 natus
1292 1412 1432 1444 creditur
1455 1423 1541 1450 esse;

669 1465 736 1497 Sed
758 1474 898 1507 persona
920 1464 1021 1506 patris
1043 1474 1219 1506 numquam
1242 1465 1433 1496 transfertur
1454 1465 1488 1496 in
1509 1465 1608 1496 illum.

669 1517 756 1559 Ergo
780 1516 882 1559 patris
904 1526 1045 1559 persona
1067 1516 1147 1548 deus
1170 1526 1235 1547 non
1258 1516 1372 1548 dividit
1392 1516 1482 1558 illud,

671 1569 766 1606 Quod
790 1569 851 1600 sibi
874 1578 946 1600 cum
970 1568 1079 1610 genito
1104 1568 1284 1600 substantia
1307 1569 1450 1600 continet
1471 1579 1545 1610 una,

603 1635 628 1654 30
673 1622 717 1653 Et
734 1621 802 1653 nati
824 1630 964 1663 persona
988 1620 1068 1652 deus
1090 1631 1155 1652 11011
1177 1621 1291 1652 transit
1313 1621 1346 1652 111
1367 1621 1463 1658 illud;

674 1673 740 1705 Sed
762 1676 856 1715 pater
879 1675 929 1704 est
951 1671 1031 1704 deus
1055 1675 1089 1704 et
1111 1673 1239 1715 genitus
1262 1673 1342 1705 deus
1365 1674 1568 1716 omnipotens
1591 1675 1640 1704 est

672 1726 902 1767 Personaeque
927 1724 1022 1766 duae,
1046 1725 1162 1767 quibus
1186 1728 1236 1757 est
1258 1725 1437 1758 substantia
1451 1725 1608 1768 simplex,

671 1778 822 1810 Summus
847 1780 880 1808 et
903 1779 1054 1808 aeternus
1077 1776 1157 1808 deus
1179 1788 1261 1809 unus
1285 1779 1318 1810 et
1341 1778 1544 1821 omnipotens
1568 1780 1625 1810 est.

673 1831 702 1863 O
726 1830 806 1862 deus
830 1832 863 1861 et
885 1829 929 1861 fili
953 1830 1069 1861 summi
1092 1830 1256 1872 genitoris,
1280 1830 1403 1871 adesto,

607 1897 630 1915 35
676 1882 814 1925 Spiritus
838 1884 872 1913 et
894 1881 996 1913 sancti
1020 1892 1104 1924 quae
1127 1882 1168 1914 sit
1191 1882 1383 1924 substantia,
1406 1882 1513 1925 pande

673 1935 716 1966 Et
738 1934 820 1966 mihi
843 1933 885 1965 sis
907 1934 1018 1965 lumen
1040 1934 1175 1972 mentis;
1198 1935 1240 1966 sit
1263 1935 1394 1978 spiritus
1417 1938 1538 1976 auctor,

674 1987 736 2019 His
759 1989 793 2018 et
815 1997 850 2018 se
873 1985 1007 2018 modicis
1031 1985 1182 2028 dignetur
1203 1997 1348 2034 pangere
1371 1987 1488 2019 verbis.

676 2039 706 2071 A
729 2041 822 2081 patre
845 2038 1026 2081 procedens
1050 2041 1084 2070 et
1105 2041 1192 2080 nato,
1216 2040 1345 2082 spiritus
1368 2040 1463 2080 alme,

677 2090 865 2123 Sanctifioas
888 2100 1057 2122 numerum
1080 2101 1204 2122 summo
1229 2091 1358 2123 deitatis
1381 2101 1504 2122 amore:

608 2157 634 2176 40
678 2144 807 2186 Impare
830 2153 906 2174 nam
928 2153 1063 2174 numero
1087 2142 1221 2185 gaudes,
1246 2154 1264 2175 o
1288 2143 1372 2175 trina
1393 2145 1548 2185 potestas.

676 2195 818 2227 Indivise
843 2194 932 2235 deus,
957 2195 1007 2226 cui
1031 2194 1107 2226 dum
1130 2194 1310 2227 substantia
1333 2195 1480 2238 simplex,

677 2248 852 2279 Permanet
874 2257 978 2289 aeque
1002 2247 1111 2279 tribus>
1126 2248 1273 2290 personis
1295 2247 1398 2290 gloria
1420 2247 1548 2289 triplex.

680 2299 774 2336 Quod
795 2302 890 2342 pater
913 2302 963 2331 est
985 2302 1089 2341 natus,
1114 2299 1201 2342 quod
1222 2303 1317 2332 natus
1340 2300 1469 2343 spiritus
1492 2300 1604 2339 almus,

679 2352 750 2384 Nec
771 2352 875 2383 minor
898 2355 953 2383 aut
975 2353 1078 2384 maior
1099 2353 1245 2395 personis
1266 2353 1328 2384 iste
1352 2352 1477 2384 duabus

615 2418 640 2436 45
684 2404 752 2444 Est,
777 2403 835 2435 sed
858 2404 1016 2436 ambabus
1039 2404 1186 2447 procedit
1209 2414 1350 2436 summus
1371 2404 1495 2436 honore

679 2456 903 2498 Processuque
928 2467 985 2488 suo
1009 2467 1182 2498 personam
1205 2456 1349 2488 continet
1370 2466 1477 2495 unam,

682 2508 774 2545 Quae
798 2507 878 2540 deus
902 2511 952 2540 est
975 2519 1127 2549 summus,
1150 2509 1270 2550 legitur
1293 2517 1376 2551 quae
1399 2508 1528 2551 spiritus
1550 2507 1663 2539 almus.

420 2630 437 2655 8
455 2631 531 2655 nimis
549 2631 584 2656 sic
604 2630 626 2655 0
705 2628 738 2655 10
756 2628 898 2655 *Summus
915 2634 941 2655 et
958 2631 985 2655 in
1006 2630 1028 2655 0
1107 2629 1139 2655 11
1158 2630 1270 2655 creditur
1286 2630 1322 2655 sic
1341 2629 1364 2654 Ο
1443 2627 1476 2654 12
1493 2633 1516 2654 et
1534 2627 1566 2654 13
1584 2637 1633 2653 om.
1652 2628 1813 2653 Gaudent-'ua
1889 2625 1921 2652 19
1938 2625 1965 2651 id
2020 2606 2022 2609 -

317 2674 353 2699 elo
374 2674 396 2698 Ο
471 2673 506 2698 20
523 2674 570 2698 fibi
588 2673 624 2698 cic
643 2672 665 2698 Ο
740 2672 774 2698 23
793 2673 867 2698 *Nec
885 2673 964 2706 patris
982 2673 1080 2707 placuit
1097 2673 1125 2698 111
1141 2674 1196 2698 nati
1216 2673 1239 2699 0
1313 2672 1347 2698 28
1365 2673 1430 2698 illud
1447 2672 1484 2697 εἰσ
1499 2672 1521 2697 Ο
1592 2671 1627 2698 30
1643 2670 1734 2697 *illum
1748 2670 1771 2697 C
1835 2669 1869 2695 36
1886 2669 1966 2695 miehi

319 2716 354 2749 (et
371 2717 407 2742 εἰσ
425 2716 536 2748 saepius)
556 2716 578 2741 Ο
656 2715 689 2742 41
708 2715 799 2749 *dum]
818 2718 894 2743 deum
915 2717 937 2742 0
1020 2715 1055 2742 42
1073 2714 1172 2749 *atque
1191 2715 1214 2742 0

421 2785 456 2812 25
474 2792 502 2810 se
520 2792 553 2810 sc.
570 2783 630 2818 dici,
650 2784 685 2816 cf.
703 2791 725 2810 v.
738 2784 779 2810 58.
867 2784 902 2810 40
920 2783 980 2810 Ecl.
1001 2783 1082 2809 VIII
1089 2783 1123 2810 75
1142 2791 1256 2810 numero
1275 2783 1342 2810 deus
1361 2783 1467 2818 impare
1486 2780 1599 2817 gaudet-
1904 2798 1928 2831 ἦ
