2040 2996
252 130 309 160 118
818 123 981 150 AUDRADI
999 122 1129 150 MODICI
1147 121 1322 149 CARMINA.

612 211 691 243 Illos
715 211 780 243 iam
802 211 933 252 poterit,
958 209 1079 241 nostris
1104 208 1180 251 quia
1202 208 1371 250 gressibus
1395 208 1484 239 illam

614 263 793 295 Contritam
816 263 896 294 laeti
920 261 1122 293 cantabimus
1146 263 1223 292 ante
1246 263 1415 292 tonantem
1439 278 1481 283 —-

612 315 703 346 Mille
727 314 785 346 sed
808 314 937 346 iniustis
961 324 1051 344 arma
1072 313 1233 344 inmutata
1254 312 1374 344 furoris

517 375 555 392 ³⁵0
614 366 788 397 Durabunt
811 376 941 407 semper
963 375 1024 396 nec
1047 364 1144 396 finem
1169 364 1327 395 terminus
1350 363 1436 395 ullus

613 418 764 460 Imponet
788 417 909 448 clausis
933 435 974 439 -
997 418 1088 447 vasto
1113 414 1171 446 sed
1194 414 1335 446 carceris
1358 417 1452 446 antro

613 469 800 510 Percipient
822 468 938 510 dignas
963 467 1051 498 socio
1075 477 1147 498 cum
1172 466 1333 498 daemone
1356 476 1491 508 poenas.

613 521 707 552 Haec
730 520 790 552 tibi
814 522 903 551 certa
924 520 1073 550 manent:
1107 529 1149 550 ex
1172 518 1234 549 hoc
1257 518 1322 549 iam
1345 518 1474 556 conice,
1503 519 1644 559 quantae

613 573 726 615 Teque
750 583 911 615 paresque
936 575 1008 603 tuos
1033 571 1243 603 tenebrarum
1266 570 1411 612 tegmina
1434 569 1596 608 claudent,

519 632 556 650 ³55
616 625 810 667 Sulphureis
834 624 935 656 antris
958 623 1059 655 fueris
1082 633 1166 662 cum,
1189 622 1324 664 perfide,
1347 620 1496 654 mersus?

250 686 274 705 c.
288 684 383 705 xvnn.
663 676 809 718 Cumque
832 675 912 707 tuba
935 676 1030 718 parili
1053 675 1238 707 tonuissent
1262 674 1341 706 talia
1364 673 1479 713 sancti,

613 729 765 760 Protinus
789 728 923 760 exsiluit
947 727 1125 769 sedemque
1149 726 1282 769 reliquit
1304 727 1436 758 inanem

615 780 752 812 Praesul
776 783 809 812 et
832 780 979 811 inmenso
1004 782 1224 821 contorquens
1247 777 1394 810 membra
1416 777 1537 816 furore,

615 832 760 864 Miscens
785 831 952 864 caelicolis
977 831 1147 873 reprobos,
1171 830 1314 862 decollat
1336 833 1501 872 utrosque.

519 891 558 909 ³⁶0
618 883 698 915 Mox
721 887 908 916 sanctorum
932 883 1057 915 animas
1081 883 1240 925 genitoris
1264 882 1402 914 dextera
1425 880 1575 913 Christus

615 935 784 968 Laudibus
808 935 970 967 extollens
994 934 1095 978 patris
1119 934 1250 976 collegit
1274 935 1307 966 in
1330 934 1450 966 aulam.

616 987 660 1019 Et
683 987 732 1019 sol
754 987 900 1019 iustitiae
924 997 1024 1018 verax
1048 985 1223 1029 splendore
1245 989 1383 1028 paterno

617 1038 772 1071 Vultibus
796 1038 952 1080 angelicis
976 1037 1090 1069 tribuit
1113 1037 1344 1080 splendescere
1369 1047 1491 1076 secum,

617 1090 682 1122 Per
706 1090 877 1132 speculum
905 1092 941 1121 ut
964 1089 1086 1121 dudum
1113 1089 1263 1121 cecinere
1286 1089 1319 1120 in
1343 1089 1510 1130 enigmate
1533 1089 1647 1119 testes.

521 1150 558 1168 ³⁶⁵
619 1142 662 1173 Et
686 1142 788 1174 stolae
813 1145 846 1173 et
868 1141 1007 1183 palmae,
1031 1140 1217 1173 diademata
1240 1140 1309 1172 sive
1333 1151 1472 1172 coronae

619 1194 840 1236 Perpetuique
863 1192 972 1224 throni
994 1195 1028 1224 et
1052 1192 1183 1224 socialis
1207 1192 1309 1234 gloria
1330 1192 1423 1234 regni

619 1245 672 1286 Et,
697 1256 780 1288 quae
804 1255 870 1280 non
893 1245 1006 1277 oculus
1031 1244 1121 1283 vidit,
1144 1254 1209 1275 non
1233 1243 1335 1275 audiit
1357 1243 1455 1284 auris,

619 1297 690 1329 Illis
715 1308 774 1340 per
797 1296 962 1328 Christum
988 1296 1099 1328 stabili
1123 1296 1328 1338 complentur
1351 1295 1485 1328 honore.

253 1355 277 1376 C·
291 1354 343 1375 XX·
661 1349 793 1381 Interea
815 1352 851 1380 ut
873 1348 1012 1390 primum
1036 1347 1225 1380 ceciderunt
1248 1357 1384 1390 corpora
1406 1349 1530 1387 sancta,

524 1411 562 1430 ³⁷0
622 1402 785 1434 Extimuit
807 1401 948 1433 mundus
972 1401 1136 1442 tellusque
1159 1403 1299 1432 tremore
1322 1400 1472 1438 resultat,

620 1455 709 1487 Aera
732 1453 863 1486 conlisis
886 1453 1059 1485 turbantur
1081 1452 1223 1484 nubibus
1246 1455 1344 1494 atque

619 1506 793 1548 Fulgureis
817 1505 907 1537 rimis
930 1505 1081 1536 humanis
1105 1504 1256 1536 cordibus
1279 1514 1408 1536 omnem

620 1558 794 1590 Incussere
817 1560 956 1589 metum:
981 1557 1154 1598 nimiisque
1176 1556 1362 1598 fragoribus
1385 1556 1473 1588 orbis

621 1610 814 1642 Concutitur
837 1612 1028 1651 partemque
1052 1608 1143 1640 urbis
1168 1608 1330 1640 subvertit
1353 1608 1484 1640 abissus

525 1669 562 1689 375
621 1662 704 1694 Cum
726 1661 878 1693 thonitru.
924 1660 1020 1692 Multi
1043 1670 1213 1703 procerum
1235 1660 1365 1703 periere
1388 1670 1450 1692 nec
1473 1659 1570 1699 ullus,

620 1714 659 1746 In
683 1724 746 1756 quo
769 1712 981 1745 daemonibus
1005 1712 1178 1744 simulacra
1199 1723 1342 1754 araeque
1365 1712 1473 1743 dicata

623 1766 747 1798 Gentili
772 1765 834 1797 ritu
857 1765 997 1804 fuerant,
1020 1764 1220 1807 permittitur
1241 1765 1328 1798 ultra

622 1818 736 1854 Stare;
761 1817 859 1849 etiam
883 1817 1016 1859 praesul
1039 1816 1252 1849 moribundus
1275 1816 1454 1859 subripitur
1477 1817 1543 1849 vix.

621 1869 664 1901 Et
686 1879 749 1901 non
772 1871 846 1911 post
868 1869 1008 1901 multum
1032 1879 1185 1901 conrosus
1209 1869 1373 1902 vermibus
1394 1869 1475 1901 iram

525 1929 563 1948 ³⁸⁰
624 1921 790 1963 Expertus
813 1921 935 1962 domini
957 1921 1111 1953 miseram
1136 1921 1315 1964 exspiravit
1337 1921 1379 1953 ad
1401 1921 1535 1953 umbras

622 1972 822 2003 Tarthareas
846 1972 997 2011 animam,
1022 1982 1106 2013 quae
1131 1982 1194 2004 non
1219 1982 1357 2004 sensura
1380 1972 1523 2014 quietem

364 2036 431 2062 Acta
449 2035 482 2060 B.
501 2035 553 2060 Iul.

360 2088 502 2113 Martianus
524 2095 584 2112 vero
611 2086 722 2111 crudelis
743 2093 803 2110 cum
826 2085 908 2110 noxiis
931 2085 1047 2117 personis
1074 2085 1146 2111 iubet
1174 2085 1215 2110 dei
1237 2088 1339 2111 sanctos
1360 2085 1518 2119 commisceri
1542 2090 1569 2112 et
1589 2087 1735 2113 intromisso
1758 2087 1914 2121 spiculatore

258 2132 331 2157 iussit
349 2131 389 2157 dei
407 2134 507 2156 sanctos
526 2130 642 2155 consumi
659 2129 745 2162 gladio
765 2128 896 2160 (decollari
915 2127 960 2160 Ε).

360 2173 402 2199 62.
421 2174 537 2206 Cumque
560 2173 608 2198 hoc
632 2173 729 2197 sactum
752 2172 856 2202 fuisset,
882 2171 967 2196 statim
992 2175 1074 2196 terrae
1092 2174 1177 2196 motus
1195 2172 1278 2196 factus
1296 2175 1336 2197 est
1351 2180 1469 2204 magnus,
1487 2176 1517 2197 ut
1535 2180 1614 2205 prope
1632 2173 1707 2198 tertia
1724 2182 1784 2207 psrs
1802 2173 1914 2199 civitatis

258 2226 273 2242 a
290 2217 462 2242 fundamentis
480 2217 679 2241 subverteretur.
714 2215 767 2240 Nec
784 2215 980 2247 qualiscumque
997 2214 1070 2239 locus
1087 2213 1116 2246 (l.
1132 2223 1188 2246 sup.
1202 2214 1247 2239 lin.
1262 2214 1296 2246 B,
1312 2215 1494 2247 qualicumque
1512 2216 1666 2248 permissum
1685 2220 1724 2242 est
1742 2220 1811 2242 stare
1831 2215 1914 2249 Bou.)

258 2264 326 2285 stare
344 2260 483 2292 permissus
501 2262 550 2290 est,
574 2259 619 2283 ubi
638 2258 675 2290 (in
694 2267 744 2290 quo
763 2258 789 2282 B
806 2258 896 2290 Boll.),
919 2258 1017 2283 idolum
1036 2258 1224 2285 dinoscebatur.
1260 2258 1373 2291 Fulgura
1395 2261 1422 2283 et
1445 2259 1559 2284 tonitrua
1581 2262 1607 2284 et
1628 2260 1726 2292 grando
1743 2259 1912 2285 intolerabilis

259 2302 397 2327 maximam
422 2305 518 2334 partem
541 2302 699 2326 incredulam
722 2302 891 2334 consumpsit;
919 2301 973 2334 ipse
993 2304 1079 2326 autem
1102 2309 1206 2334 praeses
1227 2301 1368 2326 semivivus
1391 2302 1481 2326 evasit.
1524 2302 1575 2336 Qui
1597 2310 1650 2327 non
1667 2306 1726 2335 post
1744 2302 1839 2328 multos
1857 2302 1911 2327 dies

261 2345 392 2370 vermibus
409 2345 536 2370 ebulliens
554 2345 687 2377 expiravit.

362 2386 403 2412 63.
422 2388 460 2412 Ea
478 2391 552 2412 nocte
570 2391 698 2413 venerunt
709 2388 847 2413 Christiani
866 2387 954 2420 populi
972 2391 997 2413 et
1014 2388 1159 2413 sacerdotes
1177 2391 1202 2412 st
1213 2395 1274 2420 prae
1286 2387 1450 2413 multitudiue
1463 2388 1617 2414 cadaverum
1630 2389 1752 2422 reliquias
1763 2393 1912 2414 sauctorum

261 2438 311 2454 non
329 2434 512 2462 cognoscentes
530 2431 618 2463 positis
635 2431 745 2463 genibus
767 2429 805 2463 (in
823 2435 890 2456 terra
905 2434 1043 2456 oraverunt
1056 2435 1081 2456 et
1092 2430 1129 2464 B)
1145 2431 1258 2456 oratioue
1270 2431 1397 2464 completa
1408 2435 1584 2464 apparuerunt
1594 2432 1632 2457 eis
1645 2432 1672 2457 in
1684 2428 1768 2466 specie
1781 2432 1914 2466 virginum

260 2474 358 2499 animae
375 2477 521 2499 sanctorum
538 2482 592 2499 una
610 2483 726 2507 quaeque
744 2483 821 2507 supra
840 2474 928 2507 (super
940 2473 1003 2506 ΒΕ)
1016 2482 1162 2506 corpoream
1174 2474 1275 2499 thecam
1287 2482 1360 2499 suam
1374 2474 1495 2500 residens.
1529 2476 1562 2500 Et
1579 2475 1616 2501 sic
1629 2479 1776 2501 sanctorum
1790 2476 1913 2508 reliquiae

366 2584 417 2609 374
434 2583 484 2610 *ab
505 2586 561 2610 imis
574 2585 599 2610 P

364 2660 416 2687 364
429 2660 486 2687 Gor.
497 2661 522 2694 Ι,
536 2662 575 2693 13,
586 2662 618 2687 12
627 2662 752 2689 videmus
762 2671 836 2689 nunc
845 2671 894 2697 per
904 2662 1046 2697 speculum
1056 2662 1086 2689 in
1097 2663 1247 2698 enigmate.
1326 2663 1378 2689 370
1387 2663 1434 2695 cfr.
1442 2671 1516 2697 pass.
1528 2663 1572 2697 II,
1580 2664 1640 2690 297.
1721 2664 1771 2691 371
1781 2672 1817 2698 sq.
1831 2664 1915 2692 Mart.

264 2711 326 2745 Gap.
351 2711 380 2744 V,
398 2711 448 2738 427
474 2712 513 2738 ed.
533 2712 613 2746 Eyss.
633 2722 659 2747 p.
679 2714 736 2746 139,
750 2715 766 2741 6
790 2723 842 2748 sqq.
862 2715 940 2742 velut
962 2715 1105 2749 fulgoreae
1129 2714 1211 2741 nubis
1230 2715 1340 2749 fragore
1363 2715 1460 2742 colliso
1483 2736 1489 2742 .
1503 2736 1509 2742 .
1533 2716 1624 2742 fracta
1647 2716 1753 2743 diceres
1776 2716 1913 2751 crepitare

262 2763 395 2791 tonitrua.
432 2763 500 2790 Aen.
521 2763 605 2798 VIII,
624 2765 675 2791 392
694 2766 780 2800 Ignea
798 2767 875 2795 rima.
981 2767 1032 2793 380
1044 2775 1079 2802 sq.
1101 2767 1163 2794 Met.
1189 2766 1235 2800 VI,
1255 2767 1305 2794 676
1324 2766 1471 2794 Tartareas
1490 2788 1496 2794 .
1568 2767 1646 2795 misit
1664 2767 1700 2795 ad
1717 2768 1838 2796 umbras.

1863 2820 1887 2851 ’ἶ
