2040 2996
279 144 319 173 60
899 139 1112 167 ENGELMODI
1131 139 1307 166 CARMINA.

645 226 803 267 Mirabar,
827 227 954 258 tibimet
976 226 1062 269 quod
1086 230 1152 258 tam
1175 229 1304 258 matura
1326 226 1477 258 subesset

693 278 732 310 In
756 279 865 310 verbis
889 279 1048 321 gravitas,
1072 279 1104 310 in
1130 278 1245 309 studiis
1268 278 1425 321 probitas.

646 329 755 372 Digno
780 331 928 362 exercitii
954 330 1011 362 sed
1036 330 1122 362 enim
1147 330 1269 361 cultore
1292 330 1435 372 superni,

563 388 589 407 ⁴0
714 381 808 412 Mens
831 381 973 413 fecunda
996 381 1058 413 deo
1082 384 1215 412 aruerat
1237 381 1319 412 vicio

646 432 811 474 Grataque
834 433 977 464 nidorem
1002 433 1068 464 late
1092 443 1246 474 sparsura
1268 443 1327 475 per
1349 433 1462 465 orbem

714 483 845 516 Nardus
868 495 941 516 rore
965 485 1017 527 pio
1041 485 1198 516 floruerat
1220 484 1359 523 domino,

645 536 807 578 Denique,
825 547 895 579 >quo
919 537 1052 568 tradunt
1075 537 1224 579 interque
1249 536 1430 579 crepundia
1456 547 1609 578 magnum

715 587 857 620 Alciden
878 588 955 619 ludo
981 589 1139 620 enituisse
1163 599 1257 627 novo,

563 646 588 665 ⁴⁵
648 639 718 671 Iam
741 639 827 682 pede
851 640 950 672 virosi
975 651 1069 672 noras
1094 641 1220 672 calcare
1245 639 1381 672 chelidri

716 691 811 723 Colla
834 702 941 734 neque
962 687 1082 724 *astutis
1106 691 1214 724 fallier
1236 691 1410 724 illecebris.

648 743 729 780 Quis
752 744 812 775 tibi
836 755 895 786 pro
919 745 1045 776 meritis
1070 745 1185 784 cessit,
1210 744 1263 786 qui
1286 744 1451 786 praesidet
1473 745 1581 781 astris,

717 795 912 838 Supremum
936 796 1091 838 gradibus
1116 796 1302 838 pontificale
1325 795 1426 828 decus

647 847 790 879 Laturus
814 847 909 879 nitidi
931 848 1082 891 posthinc
1106 859 1205 890 super
1227 847 1329 880 ardua
1353 848 1436 879 caeli

567 906 592 924 ⁵0
718 899 809 931 Inter
833 900 1051 942 sceptriger-os
1075 900 1189 932 florida
1212 903 1299 932 serta
1323 900 1448 932 choros.

647 951 800 983 Praestat
824 962 980 993 namque:
1005 951 1111 984 facem
1135 955 1226 983 casto
1250 951 1379 993 fulgore
1401 952 1559 984 nitentem

716 1003 803 1036 Arce
827 1014 927 1046 super
950 1004 1028 1035 celsi
1052 1004 1203 1036 constitui
1226 1004 1352 1036 tumuli.

650 1055 696 1086 At
719 1055 814 1087 modo
839 1055 956 1087 divinis
979 1055 1099 1097 iugiter
1121 1055 1266 1087 animata
1287 1055 1419 1087 fluentis

717 1107 866 1147 Semina,
891 1117 974 1149 quae
998 1107 1079 1138 miro
1102 1107 1292 1149 prodierant
1315 1107 1455 1147 cumulo,

567 1166 591 1184 δι’·
651 1158 834 1190 Fertilitate
859 1159 936 1190 boni
960 1161 1116 1200 quantum
1139 1158 1248 1190 felicia
1270 1158 1365 1199 grani

717 1210 938 1250 Excrescant,
962 1209 1101 1241 mundus
1124 1210 1215 1241 novit
1237 1210 1357 1252 ubique
1380 1210 1465 1252 pius.

649 1262 848 1305 Suppliciter
870 1262 925 1304 qui
948 1265 981 1294 te
1006 1272 1083 1294 caro
1107 1262 1287 1303 conplexus
1310 1272 1421 1294 amore

717 1314 892 1346 Praedicat
914 1314 1036 1346 attollit
1058 1314 1219 1356 glorificat
1242 1314 1373 1349 recolitz

647 1365 801 1408 Undique
825 1365 944 1398 diffusa
966 1365 1100 1398 iocundi
1123 1366 1266 1398 nectaris
1289 1376 1379 1405 aura,

566 1424 592 1442 6⁰
717 1417 845 1449 Proluit
866 1428 912 1449 ,ex
936 1428 1014 1449 arvo
1038 1428 1140 1460 quae,
1165 1417 1357 1458 benedicte,
1381 1421 1448 1457 tuo,

648 1469 758 1501 Infula
780 1469 972 1512 pontificum
997 1480 1056 1512 per
1080 1480 1176 1511 quem
1200 1469 1354 1501 decorata
1377 1480 1544 1502 sacrorum

718 1521 878 1553 Evehitur
901 1522 1037 1561 merito,
1061 1521 1179 1553 nobilis
1202 1525 1235 1553 et
1258 1521 1400 1564 proprio,

650 1573 750 1605 Cuius
775 1577 807 1606 et
831 1574 976 1616 ipsorum
1000 1573 1146 1605 sublimis
1170 1573 1273 1615 gloria
1296 1584 1410 1616 regum

718 1625 876 1657 Subditur
898 1626 1037 1668 imperio
1061 1629 1094 1657 te
1118 1636 1280 1658 venerans
1304 1626 1424 1658 animo.

566 1684 591 1703 6⁵
651 1677 698 1709 Te
722 1688 849 1720 quoque
872 1678 1058 1720 posthabito
1082 1677 1237 1709 mundani
1260 1678 1410 1710 culminis
1434 1681 1520 1710 ostro

716 1729 834 1772 Diligit
857 1733 891 1761 ut
915 1729 1044 1761 dulcem
1068 1729 1160 1771 plebs
1184 1729 1338 1762 trabeata
1359 1733 1501 1772 patrem;

649 1781 712 1818 Qui
736 1784 832 1824 pater
856 1793 891 1814 es
916 1781 1037 1822 viduis,
1063 1785 1259 1824 vegetamen
1282 1782 1400 1824 quique
1422 1783 1567 1825 pupillis,

718 1832 874 1866 Solamen
900 1834 1012 1865 mestis
1036 1833 1165 1875 fidaque
1190 1843 1264 1876 spes
1288 1833 1414 1865 miseris

649 1885 788 1928 Quique,
811 1886 844 1917 in
867 1885 1067 1928 praesidium
1090 1896 1155 1919 non
1178 1895 1332 1927 umquam
1355 1895 1482 1928 pauper
1505 1888 1669 1928 egentum,

567 1944 592 1962 ⁷⁰
719 1937 863 1969 Cunctos
887 1940 1035 1970 materno
1060 1938 1121 1969 rite
1145 1937 1238 1969 foves
1261 1937 1398 1979 gremio,

650 1988 751 2020 Cuius
775 1989 816 2020 ab
841 1999 898 2021 ore
922 2000 1036 2021 sacrae
1060 1989 1236 2021 decurrens
1259 1999 1345 2021 vena
1367 1989 1503 2031 sophiae

717 2040 840 2072 Ructat
862 2041 1050 2072 inexhausti
1073 2040 1226 2082 dogmata
1249 2041 1341 2082 larga
1363 2040 1440 2080 favi,

649 2092 751 2124 Cuius
775 2095 809 2124 et
832 2103 850 2124 e
873 2092 985 2135 digitis
1009 2103 1117 2135 myrra
1141 2093 1285 2125 stillante
1309 2093 1458 2135 supernis

715 2145 860 2177 Infertur
883 2145 1007 2176 foribus
1030 2144 1126 2177 ardor
1148 2145 1356 2183 aromaticus,

566 2203 589 2221 ⁷⁵
650 2195 764 2228 Gratia
788 2206 882 2239 quae,
906 2199 1008 2228 tostos
1033 2207 1106 2228 cum
1130 2197 1194 2228 iam
1217 2196 1394 2239 perlustret
1417 2199 1450 2228 et
1475 2196 1585 2237 Indos,

719 2247 868 2290 Occupet
892 2251 925 2279 et
948 2247 1074 2290 Thylae
1099 2248 1222 2280 extima
1244 2247 1466 2290 praegelidae.

381 2377 416 2403 60
434 2378 512 2403 roluit
530 2387 561 2403 ecc
580 2378 679 2411 proluit
698 2378 724 2402 in
743 2387 796 2403 ras.
815 2378 841 2402 P
927 2377 961 2403 65
974 2382 1034 2410 post
1051 2387 1153 2411 quoque
1171 2387 1237 2404 erae.
1256 2382 1294 2404 est
1312 2379 1337 2404 P
1421 2379 1454 2404 67
1474 2388 1519 2405 ens
1538 2388 1604 2405 corr.
1624 2380 1650 2404 P
1700 2381 1816 2414 pupullis
1833 2389 1901 2407 corr.
1915 2380 1940 2405 P

281 2419 313 2446 76
331 2421 415 2453 'Phyle
431 2420 456 2445 I’

381 2488 417 2514 40
436 2488 513 2515 Fert.
528 2488 555 2515 G.
572 2488 652 2522 VIII,
672 2488 696 2519 9,
717 2489 730 2514 1
751 2488 829 2515 Mens
847 2488 967 2515 fecunda
986 2489 1046 2516 deo.
1133 2490 1167 2516 43
1185 2498 1222 2523 sq.
1240 2490 1288 2522 cfr.
1308 2489 1437 2516 Pmdent.
1455 2490 1543 2523 αφοΐῘι.
1561 2490 1613 2517 643
1631 2490 1767 2525 puerique
1785 2490 1938 2525 crepundia

280 2538 368 2572 parvi.
402 2539 469 2565 Aen.
486 2539 515 2572 V,
534 2539 587 2565 414
608 2548 742 2573 magnum
760 2539 886 2566 Alciden.
967 2540 1001 2567 45
1019 2541 1067 2573 cfr.
1087 2541 1206 2574 Euaem-
1219 2541 1294 2567 Τοῖα.
1309 2543 1382 2574 part.
1402 2541 1427 2575 I,
1447 2541 1472 2572 ὃ,
1490 2542 1507 2567 5
1524 2541 1561 2568 ecl.
1582 2542 1694 2569 Lorenz.
1711 2550 1737 2576 p.
1750 2543 1782 2569 21
1803 2542 1936 2570 viroso

278 2598 377 2623 angue.
460 2590 495 2616 49
514 2591 590 2617 Arat.
605 2591 627 2624 1,
642 2592 658 2618 ὗ
677 2591 764 2617 ardua
783 2591 862 2619 caeli.
946 2593 981 2617 50
1000 2591 1077 2618 Fast.
1093 2592 1140 2625 VI,
1152 2592 1204 2618 312
1222 2592 1320 2619 florida
1338 2594 1412 2619 serta
1429 2593 1525 2619 molas.
1608 2595 1642 2620 55
1659 2601 1679 2620 e.
1690 2601 1715 2627 9.
1731 2593 1827 2620 Mam».
1842 2594 1882 2626 13,
1894 2593 1936 2620 31.

278 2642 311 2668 58
330 2641 378 2674 cfr.
395 2642 420 2676 I,
439 2642 480 2668 96.
581 2643 612 2669 61
634 2642 795 2669 Gonstruas:
820 2651 870 2677 per
894 2651 975 2677 quem
998 2643 1027 2677 (i.
1045 2651 1064 2670 e.
1083 2644 1218 2670 mundum
1243 2644 1320 2679 pium
1339 2653 1361 2671 v.
1381 2646 1424 2678 ⁵6)
1447 2645 1575 2671 evehitur
1600 2645 1630 2679 (i.
1646 2653 1670 2679 q.
1688 2644 1822 2679 defertur)
1847 2644 1938 2672 infula

278 2695 301 2719 et
320 2693 483 2728 pontificum
507 2695 535 2721 et
553 2694 665 2728 proprio
688 2694 789 2722 merito
811 2694 949 2722 decorata.
1021 2696 1054 2723 66
1075 2695 1150 2723 Fert.
1170 2704 1230 2730 app.
1251 2696 1293 2731 II,
1312 2696 1346 2723 94
1364 2696 1460 2731 Teque
1478 2697 1533 2724 sibi
1551 2696 1692 2724 dominam
1711 2697 1791 2732 plebs
1808 2696 1938 2724 trabeata

278 2744 360 2771 colat.
431 2745 464 2772 75
476 2744 581 2778 sq.·Gfr.
595 2745 670 2772 Fort.
687 2745 713 2773 C.
732 2746 818 2780 VIII,
839 2747 862 2778 1,
882 2747 914 2774 15
927 2747 1039 2782 Eloquii
1052 2749 1179 2775 currente
1197 2749 1259 2775 rota
1277 2748 1437 2783 penetravit
1454 2748 1488 2776 ad
1503 2748 1586 2776 Indos
1601 2748 1604 2783 Ι
1618 2748 1820 2784 ingeniumque
1838 2750 1939 2784 potens

279 2796 379 2823 ultima
395 2796 484 2830 Thyle
503 2797 578 2825 colit.
