2092 3094
767 166 815 192 AD
835 166 1012 194 KAROLUM
1030 167 1188 195 CALVUM.
1737 173 1799 203 263
1809 195 1813 200 ,

516 251 612 284 Bella
635 263 768 284 movens
793 257 928 295 superat
950 253 1069 286 dextra
1092 258 1258 296 pugnante
1283 267 1439 298 superna:

517 302 570 334 Ad
593 304 720 335 senium
744 305 880 336 veniens
903 305 1019 337 Iudam
1045 307 1196 348 proponit
1222 307 1261 338 ad
1286 318 1386 339 arma.

516 354 620 386 Filius
644 359 799 398 expertus
823 356 917 388 factis
940 357 1136 399 monitisque
1161 359 1306 399 paternis

439 413 464 431 ¹⁰
516 406 703 448 Intrepidus
727 408 849 449 passim
871 408 994 440 bellum
1018 419 1091 440 cum
1115 409 1271 441 fratribus
1295 421 1415 452 urgens

517 457 697 499 Contiguus
722 462 858 500 quassat
880 462 997 501 gentes
1021 463 1054 492 et
1082 462 1263 503 comprimit
1287 462 1386 503 ipsas,

516 509 646 541 Corruit
669 511 803 552 egregie
826 511 947 542 donum
971 512 1098 543 virtutis
1121 512 1269 554 adeptus.

941 625 1004 648 xix.

516 669 601 701 Sede
626 669 731 701 throni
756 670 915 707 residens,
939 671 1095 702 mundum
1119 671 1172 712 qui
1196 671 1355 713 ponderat
1378 683 1518 712 omnem,

516 719 624 751 Corda
645 721 752 762 replet
776 724 897 759 vatum,
921 725 957 752 ut
979 721 1075 752 nobis
1099 721 1243 753 archana
1266 723 1423 754 revelent.

515 771 625 803 Altius
649 771 779 811 Esaias,
803 772 990 804 Hieremias
1014 773 1270 815 Hiezechielque

515 823 628 855 Afflati
651 823 858 866 Danihelque
882 824 996 856 videns
1021 825 1166 856 misteria
1189 828 1277 857 tecta

449 882 460 900 ⁵
515 875 677 912 Quattuor
699 877 869 918 assignant
892 876 985 908 nobis
1008 877 1203 909 animalibus
1227 878 1321 910 almis

514 921 747 970 Almigraphos
771 927 893 959 Christi
917 928 1071 960 virtutum
1095 932 1248 971 quattuor
1271 940 1386 972 aeque.

944 1042 996 1064 xx.

515 1086 681 1118 Virtutum
706 1087 845 1130 scriptor
867 1087 1020 1120 Matheus
1043 1088 1075 1119 in
1100 1088 1212 1120 ordine
1236 1088 1359 1131 primus

515 1137 659 1180 Effulget
682 1138 814 1176 Christi,
839 1139 879 1171 de
903 1139 1118 1181 vectigalibus
1138 1139 1214 1171 olim

515 1189 653 1221 Actibus
676 1191 821 1222 extraxit
843 1191 988 1222 clemens
1012 1202 1109 1233 quem
1132 1192 1240 1233 gratia
1263 1191 1396 1225 Christi.

515 1241 706 1284 Discipulus
730 1242 843 1274 scribit
865 1242 986 1274 domini
1010 1243 1164 1274 miracula
1187 1243 1294 1275 factus

450 1300 461 1318 ⁵
515 1292 686 1325 Fratribus
710 1293 852 1325 Hebreis
875 1294 958 1336 legis
981 1294 1189 1326 servantibus
1212 1295 1370 1335 umbram,

514 1343 587 1380 Quo
611 1354 723 1376 verum
746 1348 884 1377 noscant
907 1345 1015 1377 animo
1039 1345 1202 1377 velamine
1225 1345 1367 1389 dempto.

941 1449 1004 1472 xx1.

515 1493 587 1525 Hoc
610 1494 763 1527 Matheus
786 1505 890 1537 agens
914 1495 1078 1528 hominem
1101 1497 1301 1538 generaliter
1323 1497 1446 1540 implet.

933 1601 1007 1622 xxn.

515 1644 646 1677 Marcus
669 1649 704 1677 ut
726 1646 794 1677 alta
815 1645 924 1678 fremit
947 1657 1011 1678 vox
1034 1657 1094 1689 per
1116 1646 1247 1679 deserta
1269 1647 1383 1680 leonis.

927 1759 1013 1783 xxm.

515 1804 618 1836 Filius
642 1815 720 1837 ecce
743 1805 834 1837 Petri
857 1806 961 1837 sancti
984 1805 1190 1848 baptismatis
1214 1806 1302 1838 unda

513 1855 552 1887 In
575 1855 739 1888 Christum
763 1856 901 1889 credens
924 1857 1133 1890 Hebreorum
1156 1857 1303 1900 patribus
1327 1861 1418 1890 ortus

513 1907 668 1940 Laevites
691 1907 822 1940 Marcus
846 1909 952 1951 fulget
973 1909 1024 1940 hie
1047 1919 1102 1941 ore
1126 1909 1302 1942 secundus.

515 1959 661 1992 Pleniter
682 1960 859 1992 instructus
882 1960 972 1993 Petri
996 1961 1198 1993 sermonibus
1221 1965 1296 1993 acta

450 2019 462 2037 ⁵
514 2011 672 2044 Romanis
695 2011 818 2044 domini
843 2013 989 2045 scribens
1013 2016 1047 2045 et
1070 2013 1168 2045 tradit
1190 2013 1342 2046 habenda

514 2063 664 2096 Nexibus
687 2065 847 2096 asstrictis
871 2064 992 2096 dudum
1016 2065 1178 2107 serpentis
1202 2065 1312 2107 iniqui.

931 2169 1016 2192 xxiv.

514 2214 589 2246 Iura
612 2214 787 2247 sacerdotii
808 2215 916 2247 Lucas
939 2218 1030 2247 tenet
1053 2225 1108 2247 ore
1132 2215 1268 2247 iuvenci.

934 2321 1008 2343 XXV.

514 2367 636 2400 Ordine
662 2367 736 2400 luce
760 2367 884 2399 micans
907 2367 1016 2399 Lucas
1039 2367 1091 2398 hic
1114 2366 1230 2399 tertius
1254 2369 1344 2398 extat

513 2419 711 2461 Virginitate
734 2419 856 2458 cluens,
881 2418 1010 2450 domino
1034 2421 1067 2450 et
1091 2418 1160 2450 sine
1185 2417 1319 2449 crimine
1342 2428 1470 2460 parens.

514 2470 547 2502 Is
570 2481 702 2513 prorsus
727 2474 840 2502 sancto
863 2470 979 2513 plenus
1002 2469 1042 2501 de
1066 2469 1195 2501 flamine
1220 2471 1367 2500 sanctum

514 2521 633 2554 Christi
656 2522 864 2564 euangelium
887 2521 984 2564 digne
1009 2521 1184 2553 conscribit
1207 2521 1352 2562 Achivis,

450 2581 461 2599 ³
514 2573 600 2616 Ipsis
624 2577 658 2606 et
679 2574 789 2606 binam
812 2573 926 2605 tribuit
949 2574 996 2605 sic
1019 2573 1079 2605 rite
1102 2572 1273 2612 medelam,

514 2624 560 2657 Ut
581 2625 689 2658 fuerat
711 2625 857 2658 medicus
881 2625 956 2657 bino
980 2625 1194 2657 medicamine
1216 2625 1331 2656 iustus.

256 2734 288 2761 12
306 2737 468 2762 EGREGIAE
484 2746 551 2763 corr.
570 2737 596 2762 P
716 2736 790 2771 [xm]
809 2736 826 2763 4
843 2736 978 2769 AFFJATI
996 2736 1022 2761 P
1037 2745 1103 2762 corr.
1121 2736 1293 2769 Marqarinus

258 2816 332 2855 [ω]
351 2817 434 2855 [xm]
454 2817 545 2855 [mm]
565 2818 656 2855 [xm]
677 2829 708 2840 =
726 2817 818 2845 ειααι.
837 2817 861 2853 1,
880 2817 931 2845 355
948 2824 1008 2853 sqq..
