2138 3106
860 180 1010 208 mcoms
1029 182 1162 210 Tl'rULI.
1368 175 1370 177 ’
1774 192 1836 223 297

944 370 953 380 s
982 337 1042 370 ix.

935 400 1085 437 ITEM.

548 460 621 493 Hoc
645 463 757 504 patulo
783 464 897 496 colitur
919 466 1009 508 ligno
1033 477 1210 509 suspensus
1234 468 1339 509 Iesus,

588 512 650 549 Qui
673 516 923 559 protoplasm<a)
948 518 1061 559 avi(di>
1087 518 1204 551 demsit
1228 520 1268 552 ab
1292 532 1346 553 ore
1370 522 1446 565 lupi.

989 697 1031 730 X.

931 761 1083 798 ITEM.

544 823 609 855 Hic
632 825 743 866 pansis
768 825 917 858 domiuus
940 827 1062 869 pendet
1083 828 1232 860 manibus
1257 840 1352 862 cruce
1377 831 1470 870 fixus,

595 876 660 908 Per
683 887 779 919 quem
802 878 870 909 vita
894 882 945 910 est
968 879 1045 910 data
1068 883 1166 921 atque
1190 881 1278 913 salus
1302 881 1478 914 hominum.

977 1050 1038 1083 XI.

882 1114 931 1150 IN
958 1114 1127 1152 CRVCE.

544 1177 653 1211 Gratis
678 1179 711 1211 in
735 1180 797 1212 hoc
821 1181 919 1212 subiit
942 1181 1091 1213 dominus
1115 1183 1244 1224 signum
1267 1184 1373 1215 crucis
1398 1184 1513 1219 almae.

586 1230 746 1273 Tergeret
768 1235 804 1264 ut
828 1237 938 1264 nostra
963 1233 1097 1265 crimina
1120 1234 1166 1266 sic
1190 1235 1288 1267 varia.

967 1421 1046 1453 XII.

931 1485 946 1521 Ι
956 1484 986 1520 Τ
997 1485 1025 1520 Ε
1033 1485 1080 1521 Μ.

540 1548 613 1581 Hoc
636 1550 763 1592 signum
787 1551 922 1583 zabulus
947 1552 1052 1583 crucis
1076 1552 1231 1584 exhorret
1254 1553 1468 1592 truculentus,

587 1601 652 1633 Per
676 1601 762 1644 quod
785 1602 1038 1635 flammivomum
1063 1603 1184 1636 decidit
1206 1605 1238 1635 in
1262 1604 1437 1636 baratrum.

955 1792 1052 1826 XIII.

565 1853 679 1890 ITEM
706 1855 946 1891 SIMILITER
973 1855 1034 1892 DE
1061 1855 1438 1893 PROSPERITATE.

538 1919 602 1951 Hic
625 1920 736 1952 mundi
761 1922 888 1963 species
911 1922 1045 1964 perituri
1068 1923 1157 1965 picta
1181 1922 1318 1962 videtur,

583 1971 735 2004 Partibus
758 1973 791 2004 in
813 1973 916 2005 ternis
940 1974 994 2016 qui
1018 1974 1178 2017 spatiatus
1202 1974 1296 2013 inest,

540 2023 684 2060 Quarum
707 2024 790 2056 Asia
814 2025 1016 2068 primumque
1040 2026 1147 2058 locum
1171 2026 1246 2058 hinc
1267 2026 1400 2068 Europa
1423 2025 1611 2065 secundum,

580 2075 734 2108 Possidet
756 2079 939 2108 extremum
962 2076 1075 2109 Africa.
1097 2077 1215 2110 deinde
1239 2088 1342 2110 suum.

956 2248 1049 2281 XIV.

920 2311 980 2348 ΙΤ
994 2312 1023 2353 Ε
1037 2311 1084 2348 Μ.

540 2377 603 2410 Hic
626 2378 727 2410 clavis
751 2379 836 2410 fixus
859 2379 947 2410 mitis
970 2381 1144 2410 veneratur
1166 2378 1270 2417 Iesus,

581 2429 644 2466 Qui
668 2430 778 2462 mundi
801 2431 926 2463 facinus
949 2431 1042 2462 tersit
1065 2431 1112 2462 uti
1134 2430 1293 2462 dominus.

279 2540 344 2574 [lx]
361 2541 379 2567 2
397 2540 613 2575 *protoplasmavi
631 2542 656 2567 B

280 2583 332 2617 [Χ]
350 2583 367 2609 2
385 2584 445 2610 datu
461 2588 500 2610 ott
517 2584 615 2610 Bahm.

280 2626 358 2661 [xm]
377 2627 395 2653 2
411 2629 587 2654 flamivomum
605 2629 630 2654 B
680 2633 737 2662 poet
754 2629 885 2654 baratrum
903 2629 965 2654 add.
981 2633 1002 2654 Β
1020 2628 1045 2653 Β

280 2669 368 2704 [xm]
386 2669 404 2696 2
421 2670 548 2704 dominus]
568 2672 638 2698 iesus
655 2681 722 2698 corr.
741 2671 766 2696 B

281 2755 349 2790 [lx.]
368 2757 386 2783 2
406 2755 484 2782 mat.
504 2756 526 2789 I,
548 2757 570 2788 1,
584 2757 617 2783 78
634 2755 756 2783 Excussa
774 2758 816 2784 est
834 2756 910 2783 avidi
929 2756 1060 2784 dentibus
1078 2765 1153 2791 agna,
1170 2754 1238 2790 lupi.

281 2806 377 2842 [xm]
396 2807 438 2834 De
455 2815 553 2841 mappa
571 2807 665 2834 mundi
682 2815 751 2841 quae
769 2807 799 2834 im
816 2807 954 2841 scriptorio
970 2808 1030 2840 suit.

280 2871 384 2898 Portu:
402 2879 486 2898 nunu
503 2880 562 2900 Αενι
581 2872 705 2899 cinnum
724 2871 772 2904 ΙΙΙ,
784 2873 808 2899 2.
1582 2873 1616 2899 38
