2060 3074
0 2121 14 2173 2⁷4-
0 2085 4 2100 -
0 2061 6 2068 ·
0 1982 19 2041 uj-

481 1127 504 1146 12

481 1360 506 1380 16

482 1593 508 1612 20

485 1827 509 1846 24

484 2059 510 2079 28

487 2292 512 2312 ³⁴2

677 164 788 190 VITAE
806 164 832 191 S.
851 164 1018 191 GERMANI
1039 165 1145 192 LIBER
1158 166 1184 193 ΙΙ
1203 166 1247 193 ΕΤ
1267 167 1315 194 ΙΙΙ.

690 356 965 394 PRAEFATIO
993 359 1122 394 LIBRI
1147 359 1308 395 TERTII

719 424 990 456 ΜΟΝΟΚΟΛΩ
1014 424 1279 460 EXPLICATA.

543 491 670 523 Gitanti
697 502 818 523 cuneos
844 491 1080 531 Christicolum,
1106 503 1186 535 quos
1210 493 1327 525 humus
1351 494 1478 532 extulit,

543 543 693 575 Occurrit
717 543 801 575 ratio
825 554 898 575 cum
922 544 1110 583 vehemens,
1135 548 1203 576 tum
1227 545 1432 583 moderatior,

541 595 671 634 Lector,
695 606 777 638 pace
801 599 858 627 tua
881 606 977 638 quam
1002 596 1100 627 liceat
1123 596 1262 638 prodere
1286 597 1412 639 purius:

540 647 630 679 Nulli
653 647 772 679 deterit
796 647 878 679 haec
901 647 997 679 offleii
1022 648 1307 690 magnificentiam.

542 725 714 768 Inspectes
737 724 836 756 alium
860 725 1054 757 muneribus
1078 725 1238 767 dogmatis
1262 726 1372 768 inclyti

544 777 764 820 Praepollere,
789 777 887 808 alium
912 788 970 820 pro
995 777 1119 809 meritis
1144 778 1299 810 scandere
1325 778 1449 810 sidera:

545 828 643 861 Hunc
667 829 770 870 signis
795 828 957 861 celebrem
983 829 1140 861 clarificat
1162 830 1249 861 fama
1270 829 1409 862 heatior:

544 881 610 912 Vix
633 891 733 913 unum
757 881 916 920 invenias,
941 882 992 913 oui
1017 881 1111 913 simul
1135 881 1217 913 haec
1242 882 1350 913 omnia
1373 882 1546 914 confluant.

544 958 876 1001 Vulgant'Hilarium
903 958 1061 1001 septifidis
1085 959 1208 991 artibus
1231 959 1404 1001 inclytum:

546 1010 708 1042 Martinus
734 1010 837 1042 titulis
861 1011 1064 1053 signipotens
1089 1014 1178 1042 astra
1201 1011 1401 1048 reverberat:

544 1062 692 1094 Palmam
715 1063 875 1094 sanctifici
898 1063 1056 1105 propositi
1080 1062 1244 1095 Antonius
1268 1063 1354 1094 tulit:

542 1114 660 1146 Clarus
685 1114 823 1157 quisque
849 1125 909 1146 sua
931 1114 1027 1146 laude
1051 1115 1132 1147 nitet
1155 1118 1301 1157 tempore
1324 1115 1460 1158 perpeti.

547 1191 601 1224 Sic
625 1191 718 1224 donis
743 1192 891 1224 homines
915 1192 1085 1224 munificus
1111 1192 1242 1234 spiritus
1266 1192 1395 1227 imbuit:

545 1243 609 1280 Qui
635 1255 707 1276 cum
731 1244 922 1286 simpliciter
945 1243 1132 1286 simplificus
1157 1244 1284 1276 substet
1307 1248 1340 1276 et
1363 1244 1487 1276 unicus.

546 1295 596 1327 Ob
621 1295 759 1327 fecunda
782 1299 891 1328 tamen
916 1296 1085 1338 multiplici
1109 1295 1184 1328 dote
1209 1297 1382 1328 carismata

545 1347 709 1380 Caelestis
733 1348 840 1390 potius
865 1348 1051 1391 septifluum
1076 1348 1195 1390 pagina
1218 1351 1402 1391 concrepat.

547 1425 576 1458 Ο
600 1428 715 1468 terque
739 1429 838 1468 atque
862 1429 978 1468 quater
1002 1426 1207 1468 magnificum
1236 1430 1269 1458 et
1293 1426 1433 1468 denique
1457 1426 1572 1459 milies.

547 1475 612 1508 Uni
635 1476 688 1518 qui
712 1476 832 1508 meruit
854 1476 938 1508 forte
962 1475 1046 1508 bono
1071 1477 1304 1519 participarier,

548 1527 594 1560 Ut
616 1527 657 1560 de
681 1528 736 1559 illo
761 1528 886 1567 sileam,
911 1528 965 1570 qui
990 1527 1150 1570 siquidem
1173 1528 1313 1570 plurima
1335 1529 1478 1560 rettulit:

543 1580 606 1612 Hic
624 1579 818 1618 Germanus,
843 1580 895 1611 hic
919 1583 979 1619 est,
1004 1580 1055 1611 cui
1078 1580 1194 1612 melico
1218 1580 1360 1611 carmine
1380 1579 1574 1622 plaudimus.

548 1657 645 1690 Hunc
669 1661 763 1690 ornat
787 1659 965 1690 ΣΟΦΙΛΣ
984 1659 1274 1690 ΚΑΘΟΛΙΚΗΣ
1294 1668 1419 1689 summa
1444 1658 1574 1700 peritia:

547 1709 610 1742 Hic
635 1710 732 1743 claris
757 1710 881 1742 meritis
905 1710 1037 1741 inferior
1060 1710 1190 1741 nemine
1214 1710 1357 1742 fulserit:

548 1761 646 1794 Hunc
670 1772 729 1804 per
752 1762 847 1803 signa
870 1766 978 1793 tamen
1004 1762 1182 1803 magnificis
1207 1762 1319 1793 confer
1342 1761 1510 1804 apostolis,

550 1814 584 1846 Si
608 1825 670 1846 non
695 1814 831 1846 assimili
856 1814 925 1846 iure
949 1817 1065 1856 potens
1089 1814 1141 1845 hie
1165 1824 1294 1856 quoque
1318 1813 1500 1856 splendeat.

550 1891 658 1924 Testis
681 1891 829 1934 proluvie
854 1891 980 1933 Pelagii
1005 1895 1160 1934 exempta
1184 1891 1368 1927 Britannia;

550 1943 671 1983 Testis,
695 1954 759 1986 qua
782 1943 903 1986 rigidas
929 1944 983 1975 ille
1009 1953 1122 1975 eruces
1146 1943 1263 1975 cellula
1286 1943 1435 1986 pertulit:

551 1995 672 2034 Testis,
697 2006 760 2038 qua
783 1995 912 2027 facilem
937 2006 1076 2037 cumque
1101 1995 1218 2038 pedem
1242 1995 1294 2026 vel
1318 1995 1420 2026 semel
1444 1995 1563 2033 intulit,

548 2047 680 2080 Stantes
703 2047 866 2080 ecclesiae
890 2051 923 2079 et
946 2047 1065 2078 vivifici
1090 2047 1237 2089 symbola
1261 2047 1410 2078 nominis.

552 2124 709 2157 Excursis
733 2125 830 2168 igitur
854 2125 1013 2168 principio
1038 2125 1182 2156 moribus
1207 2124 1335 2166 optimis

551 2177 646 2209 Ultro
669 2177 762 2219 signa
787 2180 903 2208 vocant
926 2176 1106 2218 quadrifido
1131 2175 1209 2207 orbe
1235 2175 1406 2207 micantia:

551 2228 625 2260 Huc
649 2239 708 2260 nos
732 2229 887 2271 auspiciis
912 2229 958 2260 ire
984 2228 1086 2267 bonis,
1111 2228 1231 2270 inclyte
1254 2227 1413 2258 luminum

549 2280 637 2312 Fons
660 2280 811 2322 idemque
834 2284 938 2322 pater,
963 2281 1017 2322 qui
1043 2280 1158 2311 merito
1182 2279 1312 2317 diceris,
1336 2289 1452 2310 annue.

1755 173 1812 203 461

294 2393 400 2419 Scholia
420 2406 451 2410 —
471 2393 528 2418 Uno
545 2401 638 2426 genere
651 2395 736 2425 metri;
756 2394 834 2419 habet
846 2394 912 2419 enim
927 2402 1028 2418 versum
1042 2393 1232 2420 coriambicum.
1252 2393 1295 2424 qui
1309 2395 1409 2417 constat
1421 2399 1452 2416 ex
1466 2392 1586 2424 spondeo,
1609 2391 1691 2415 tribus
1703 2389 1838 2415 eor-iambis

191 2441 216 2462 οἱ
235 2437 362 2470 pyrrichio
439 2435 456 2460 2
475 2435 622 2470 vehemens]
643 2437 718 2462 velox
798 2435 959 2469 moderatior]
981 2437 996 2461 i.
1016 2445 1038 2462 e.
1058 2435 1236 2461 mensurabilis
1315 2434 1331 2459 4
1350 2433 1449 2466 deterit]
1468 2432 1586 2467 de(t)rait

1664 2433 1695 2458 21
1716 2433 1841 2457 ΣΟΦΙΛΣ

193 2477 400 2512 ΚΑΘΟΛΙΚΗΣ]
421 2479 562 2512 sapientiae
581 2480 736 2506 universalis
828 2479 861 2504 28
879 2479 1004 2513 symbola]
1024 2480 1096 2512 signa
1189 2477 1223 2503 30
1242 2477 1322 2510 Ultro]
1342 2481 1431 2510 sponte
1483 2475 1636 2509 quadrifido]
1655 2475 1839 2509 quadripertito

191 2522 323 2555 micantia]
342 2522 502 2555 splendenti·

606 2523 638 2549 31
657 2522 788 2557 auspiciis]
809 2523 974 2556 proventibus
1027 2520 1132 2555 inclyte]
1151 2521 1260 2554 gloriose

259 2618 263 2622 ·
293 2606 310 2633 4
330 2608 521 2641 magnificentia
539 2611 556 2633 2
572 2617 605 2633 m.
625 2607 650 2632 Ρ
753 2607 784 2633 19
804 2609 889 2634 retunt
909 2618 975 2633 mr.
995 2611 1011 2633 2
1027 2617 1060 2632 m.
1080 2608 1104 2632 P
1207 2606 1240 2633 25
1258 2601 1369 2632 britaiiia
1389 2606 1413 2631 Ρ
