<?xml version="1.0" encoding="UTF-8"?>
<!DOCTYPE html PUBLIC "-//W3C//DTD XHTML 1.0 Transitional//EN"
    "http://www.w3.org/TR/xhtml1/DTD/xhtml1-transitional.dtd">
<html xmlns="http://www.w3.org/1999/xhtml" xml:lang="en" lang="en">
 <head>
  <title>
</title>
<meta http-equiv="Content-Type" content="text/html;charset=utf-8" />
  <meta name='ocr-system' content='tesseract 3.04.00' />
  <meta name='ocr-capabilities' content='ocr_page ocr_carea ocr_par ocr_line ocrx_word'/>
</head>
<body>
  <div class='ocr_page' id='page_1' title='image "./monumentagerma03geseuoft/monumentagerma03geseuoft_0366.png"; bbox 0 0 2138 3106; ppageno 0'>
   <div class='ocr_carea' id='block_1_1' title="bbox 326 175 1376 207">
    <p class='ocr_par' dir='ltr' id='par_1_1' title="bbox 326 175 1376 207">
     <span class='ocr_line' id='line_1_1' title="bbox 326 175 1376 207; baseline -0.005 0"><span class='ocrx_word' id='word_1_1' title='bbox 326 178 386 207; x_wconf 81' lang='lat'>350</span> <span class='ocrx_word' id='word_1_2' title='bbox 927 175 1094 201; x_wconf 82' lang='lat' dir='ltr'><strong>CARMINA</strong></span> <span class='ocrx_word' id='word_1_3' title='bbox 1113 175 1376 202; x_wconf 76' lang='lat' dir='ltr'>CENTULENSIA.</span> 
     </span>
    </p>
   </div>
   <div class='ocr_carea' id='block_1_2' title="bbox 622 261 1715 876">
    <p class='ocr_par' dir='ltr' id='par_1_2' title="bbox 622 261 1715 876">
     <span class='ocr_line' id='line_1_2' title="bbox 688 261 1627 305; baseline 0.003 -13"><span class='ocrx_word' id='word_1_4' title='bbox 688 261 767 292; x_wconf 85' lang='lat' dir='ltr'>Post</span> <span class='ocrx_word' id='word_1_5' title='bbox 788 272 878 293; x_wconf 84' lang='lat' dir='ltr'>mare</span> <span class='ocrx_word' id='word_1_6' title='bbox 901 262 1128 294; x_wconf 83' lang='lat' dir='ltr'>transmissum</span> <span class='ocrx_word' id='word_1_7' title='bbox 1152 265 1318 294; x_wconf 84' lang='lat' dir='ltr'>mereatur</span> <span class='ocrx_word' id='word_1_8' title='bbox 1341 272 1474 294; x_wconf 88' lang='lat' dir='ltr'>cernere</span> <span class='ocrx_word' id='word_1_9' title='bbox 1498 266 1627 305; x_wconf 87' lang='lat' dir='ltr'>portum</span> 
     </span>
     <span class='ocr_line' id='line_1_3' title="bbox 733 313 1508 356; baseline 0.003 -12"><span class='ocrx_word' id='word_1_10' title='bbox 733 313 969 355; x_wconf 82' lang='lat' dir='ltr'>Tranquillum,</span> <span class='ocrx_word' id='word_1_11' title='bbox 994 313 1101 345; x_wconf 86' lang='lat' dir='ltr'>celsus</span> <span class='ocrx_word' id='word_1_12' title='bbox 1126 324 1188 356; x_wconf 92' lang='lat' dir='ltr'>quo</span> <span class='ocrx_word' id='word_1_13' title='bbox 1212 314 1337 346; x_wconf 82' lang='lat' dir='ltr'><strong>residet</strong></span> <span class='ocrx_word' id='word_1_14' title='bbox 1360 314 1508 346; x_wconf 85' lang='lat' dir='ltr'>dominus</span> 
     </span>
     <span class='ocr_line' id='line_1_4' title="bbox 688 364 1422 409; baseline 0.004 -14"><span class='ocrx_word' id='word_1_15' title='bbox 688 364 832 396; x_wconf 81' lang='lat' dir='ltr'>Felicem</span> <span class='ocrx_word' id='word_1_16' title='bbox 856 364 997 396; x_wconf 85' lang='lat' dir='ltr'>reddens</span> <span class='ocrx_word' id='word_1_17' title='bbox 1022 366 1153 397; x_wconf 85' lang='lat' dir='ltr'>naulum</span> <span class='ocrx_word' id='word_1_18' title='bbox 1178 366 1328 398; x_wconf 84' lang='lat' dir='ltr'>felicibus</span> <span class='ocrx_word' id='word_1_19' title='bbox 1351 367 1422 409; x_wconf 89' lang='lat' dir='ltr'>ipse</span> 
     </span>
     <span class='ocr_line' id='line_1_5' title="bbox 731 415 1363 450; baseline 0.005 -3"><span class='ocrx_word' id='word_1_20' title='bbox 731 415 888 447; x_wconf 86' lang='lat' dir='ltr'>Exhibito</span> <span class='ocrx_word' id='word_1_21' title='bbox 912 417 1021 448; x_wconf 82' lang='lat' dir='ltr'>nautis</span> <span class='ocrx_word' id='word_1_22' title='bbox 1045 417 1128 450; x_wconf 86' lang='lat' dir='ltr'>forte</span> <span class='ocrx_word' id='word_1_23' title='bbox 1153 418 1264 450; x_wconf 83' lang='lat' dir='ltr'>labore</span> <span class='ocrx_word' id='word_1_24' title='bbox 1288 418 1363 450; x_wconf 87' lang='lat' dir='ltr'>sibi:</span> 
     </span>
     <span class='ocr_line' id='line_1_6' title="bbox 623 466 1488 513; baseline 0.005 -15"><span class='ocrx_word' id='word_1_25' title='bbox 623 480 648 499; x_wconf 66' lang='lat'>33&gt;</span> <span class='ocrx_word' id='word_1_26' title='bbox 689 467 784 499; x_wconf 86' lang='lat' dir='ltr'>Felix</span> <span class='ocrx_word' id='word_1_27' title='bbox 808 468 863 500; x_wconf 90' lang='lat' dir='ltr'>ille</span> <span class='ocrx_word' id='word_1_28' title='bbox 888 469 978 509; x_wconf 85' lang='lat' dir='ltr'>satis,</span> <span class='ocrx_word' id='word_1_29' title='bbox 1002 479 1137 511; x_wconf 84' lang='lat' dir='ltr'>parvum</span> <span class='ocrx_word' id='word_1_30' title='bbox 1155 466 1216 512; x_wconf 71' lang='lat' dir='ltr'>&#39;qui</span> <span class='ocrx_word' id='word_1_31' title='bbox 1241 471 1366 513; x_wconf 83' lang='lat' dir='ltr'>ceperit</span> <span class='ocrx_word' id='word_1_32' title='bbox 1388 481 1488 502; x_wconf 92' lang='lat' dir='ltr'>unum</span> 
     </span>
     <span class='ocr_line' id='line_1_7' title="bbox 732 519 1533 564; baseline 0.006 -14"><span class='ocrx_word' id='word_1_33' title='bbox 732 519 909 551; x_wconf 89' lang='lat' dir='ltr'><strong>Nummum</strong></span> <span class='ocrx_word' id='word_1_34' title='bbox 934 520 1021 552; x_wconf 86' lang='lat' dir='ltr'>inter</span> <span class='ocrx_word' id='word_1_35' title='bbox 1044 520 1164 553; x_wconf 86' lang='lat' dir='ltr'>Christi</span> <span class='ocrx_word' id='word_1_36' title='bbox 1188 522 1361 564; x_wconf 81' lang='lat' dir='ltr'>navigeros</span> <span class='ocrx_word' id='word_1_37' title='bbox 1385 522 1476 555; x_wconf 91' lang='lat' dir='ltr'>inibi.</span> <span class='ocrx_word' id='word_1_38' title='bbox 1493 541 1533 546; x_wconf 94' lang='lat'>—</span> 
     </span>
     <span class='ocr_line' id='line_1_8' title="bbox 689 567 1715 618; baseline 0.005 -16"><span class='ocrx_word' id='word_1_39' title='bbox 689 571 826 611; x_wconf 80' lang='lat' dir='ltr'>Sumite,</span> <span class='ocrx_word' id='word_1_40' title='bbox 850 567 1038 614; x_wconf 79' lang='lat' dir='ltr'>doctiloqui,</span> <span class='ocrx_word' id='word_1_41' title='bbox 1062 573 1218 615; x_wconf 86' lang='lat' dir='ltr'>scriptum</span> <span class='ocrx_word' id='word_1_42' title='bbox 1234 573 1305 615; x_wconf 84' lang='lat' dir='ltr'>hoc,</span> <span class='ocrx_word' id='word_1_43' title='bbox 1330 574 1414 616; x_wconf 86' lang='lat' dir='ltr'>quod</span> <span class='ocrx_word' id='word_1_44' title='bbox 1430 575 1579 607; x_wconf 86' lang='lat' dir='ltr'>cernitis:</span> <span class='ocrx_word' id='word_1_45' title='bbox 1603 578 1715 618; x_wconf 82' lang='lat' dir='ltr'>aptum</span> 
     </span>
     <span class='ocr_line' id='line_1_9' title="bbox 732 622 1495 667; baseline 0.005 -13"><span class='ocrx_word' id='word_1_46' title='bbox 732 622 767 654; x_wconf 83' lang='lat' dir='ltr'>Si</span> <span class='ocrx_word' id='word_1_47' title='bbox 790 623 900 663; x_wconf 81' lang='lat' dir='ltr'>fuerit,</span> <span class='ocrx_word' id='word_1_48' title='bbox 924 624 1035 666; x_wconf 83' lang='lat' dir='ltr'>legite,</span> <span class='ocrx_word' id='word_1_49' title='bbox 1061 635 1210 667; x_wconf 83' lang='lat' dir='ltr'>quaeque</span> <span class='ocrx_word' id='word_1_50' title='bbox 1234 629 1355 665; x_wconf 87' lang='lat' dir='ltr'>monet,</span> <span class='ocrx_word' id='word_1_51' title='bbox 1381 626 1495 662; x_wconf 83' lang='lat' dir='ltr'>facite;</span> 
     </span>
     <span class='ocr_line' id='line_1_10' title="bbox 688 674 1470 715; baseline 0.004 -9"><span class='ocrx_word' id='word_1_52' title='bbox 688 674 781 710; x_wconf 81' lang='lat' dir='ltr'>Quod</span> <span class='ocrx_word' id='word_1_53' title='bbox 807 675 833 706; x_wconf 91' lang='lat' dir='ltr'>si</span> <span class='ocrx_word' id='word_1_54' title='bbox 857 686 921 707; x_wconf 89' lang='lat' dir='ltr'>non</span> <span class='ocrx_word' id='word_1_55' title='bbox 945 676 1051 715; x_wconf 86' lang='lat' dir='ltr'>fuerit,</span> <span class='ocrx_word' id='word_1_56' title='bbox 1075 677 1207 708; x_wconf 90' lang='lat' dir='ltr'>minime</span> <span class='ocrx_word' id='word_1_57' title='bbox 1231 677 1338 709; x_wconf 86' lang='lat' dir='ltr'>ridere</span> <span class='ocrx_word' id='word_1_58' title='bbox 1363 677 1470 709; x_wconf 87' lang='lat' dir='ltr'>velitis</span> 
     </span>
     <span class='ocr_line' id='line_1_11' title="bbox 622 726 1311 770; baseline 0.007 -13"><span class='ocrx_word' id='word_1_59' title='bbox 622 739 648 757; x_wconf 46' lang='grc' dir='ltr'>,ιο</span> <span class='ocrx_word' id='word_1_60' title='bbox 729 726 814 758; x_wconf 89' lang='lat' dir='ltr'>Illud</span> <span class='ocrx_word' id='word_1_61' title='bbox 838 738 896 770; x_wconf 89' lang='lat' dir='ltr'>pro</span> <span class='ocrx_word' id='word_1_62' title='bbox 921 728 1021 759; x_wconf 82' lang='lat' dir='ltr'>nimia</span> <span class='ocrx_word' id='word_1_63' title='bbox 1045 729 1227 761; x_wconf 81' lang='lat' dir='ltr'>rusticitate</span> <span class='ocrx_word' id='word_1_64' title='bbox 1252 730 1311 762; x_wconf 88' lang='lat' dir='ltr'>sui.</span> 
     </span>
     <span class='ocr_line' id='line_1_12' title="bbox 688 778 1445 814; baseline 0.007 -5"><span class='ocrx_word' id='word_1_65' title='bbox 688 778 731 810; x_wconf 84' lang='lat' dir='ltr'>Et</span> <span class='ocrx_word' id='word_1_66' title='bbox 754 789 813 810; x_wconf 88' lang='lat' dir='ltr'>vos</span> <span class='ocrx_word' id='word_1_67' title='bbox 837 780 869 810; x_wconf 90' lang='lat' dir='ltr'>in</span> <span class='ocrx_word' id='word_1_68' title='bbox 894 779 1027 812; x_wconf 86' lang='lat' dir='ltr'>Christo</span> <span class='ocrx_word' id='word_1_69' title='bbox 1053 780 1130 812; x_wconf 92' lang='lat' dir='ltr'>Iesu</span> <span class='ocrx_word' id='word_1_70' title='bbox 1154 781 1223 813; x_wconf 88' lang='lat' dir='ltr'>sine</span> <span class='ocrx_word' id='word_1_71' title='bbox 1247 782 1310 813; x_wconf 87' lang='lat' dir='ltr'>fine</span> <span class='ocrx_word' id='word_1_72' title='bbox 1334 782 1445 814; x_wconf 85' lang='lat' dir='ltr'>valere</span> 
     </span>
     <span class='ocr_line' id='line_1_13' title="bbox 732 830 1494 876; baseline 0.007 -14"><span class='ocrx_word' id='word_1_73' title='bbox 732 830 797 863; x_wconf 89' lang='lat' dir='ltr'>Ore</span> <span class='ocrx_word' id='word_1_74' title='bbox 822 842 937 874; x_wconf 85' lang='lat' dir='ltr'>precor</span> <span class='ocrx_word' id='word_1_75' title='bbox 959 833 1081 875; x_wconf 85' lang='lat' dir='ltr'>patulo,</span> <span class='ocrx_word' id='word_1_76' title='bbox 1106 833 1202 866; x_wconf 87' lang='lat' dir='ltr'>corde</span> <span class='ocrx_word' id='word_1_77' title='bbox 1225 844 1380 876; x_wconf 90' lang='lat' dir='ltr'>meroque</span> <span class='ocrx_word' id='word_1_78' title='bbox 1405 845 1494 876; x_wconf 89' lang='lat' dir='ltr'>rogo.</span> 
     </span>
    </p>
   </div>
   <div class='ocr_carea' id='block_1_3' title="bbox 1222 931 1357 934">
    <p class='ocr_par' dir='ltr' id='par_1_3' title="bbox 1222 931 1357 934">
     <span class='ocr_line' id='line_1_14' title="bbox 1222 931 1357 934; baseline 0 0"><span class='ocrx_word' id='word_1_79' title='bbox 1222 931 1357 934; x_wconf 95' lang='lat' dir='ltr'> </span> 
     </span>
    </p>
   </div>
   <div class='ocr_carea' id='block_1_4' title="bbox 987 1022 1307 1123">
    <p class='ocr_par' dir='ltr' id='par_1_4' title="bbox 987 1022 1307 1123">
     <span class='ocr_line' id='line_1_15' title="bbox 1040 1022 1281 1056; baseline 0.004 -1"><span class='ocrx_word' id='word_1_80' title='bbox 1040 1022 1281 1056; x_wconf 77' lang='lat' dir='ltr'>CXXXVIII.¹</span> 
     </span>
     <span class='ocr_line' id='line_1_16' title="bbox 987 1086 1307 1123; baseline 0 0"><span class='ocrx_word' id='word_1_81' title='bbox 987 1087 1003 1123; x_wconf 91' lang='lat' dir='ltr'>I</span> <span class='ocrx_word' id='word_1_82' title='bbox 1069 1086 1100 1123; x_wconf 90' lang='lat' dir='ltr'>T</span> <span class='ocrx_word' id='word_1_83' title='bbox 1166 1087 1194 1123; x_wconf 88' lang='lat' dir='ltr'><strong>E</strong></span> <span class='ocrx_word' id='word_1_84' title='bbox 1260 1087 1307 1123; x_wconf 93' lang='lat' dir='ltr'>M.</span> 
     </span>
    </p>
   </div>
   <div class='ocr_carea' id='block_1_5' title="bbox 623 1160 1621 1989">
    <p class='ocr_par' dir='ltr' id='par_1_5' title="bbox 686 1160 1621 1362">
     <span class='ocr_line' id='line_1_17' title="bbox 686 1160 1526 1205; baseline 0.004 -14"><span class='ocrx_word' id='word_1_85' title='bbox 686 1160 811 1192; x_wconf 91' lang='lat' dir='ltr'>Indolis</span> <span class='ocrx_word' id='word_1_86' title='bbox 836 1172 854 1193; x_wconf 94' lang='lat' dir='ltr'>o</span> <span class='ocrx_word' id='word_1_87' title='bbox 878 1162 1050 1204; x_wconf 84' lang='lat' dir='ltr'>praeclare</span> <span class='ocrx_word' id='word_1_88' title='bbox 1073 1163 1162 1202; x_wconf 79' lang='lat' dir='ltr'>satis,</span> <span class='ocrx_word' id='word_1_89' title='bbox 1187 1161 1392 1205; x_wconf 82' lang='lat' dir='ltr'>deposcimus</span> <span class='ocrx_word' id='word_1_90' title='bbox 1416 1173 1526 1195; x_wconf 89' lang='lat' dir='ltr'>omnes</span> 
     </span>
     <span class='ocr_line' id='line_1_18' title="bbox 686 1212 1512 1256; baseline 0.005 -13"><span class='ocrx_word' id='word_1_91' title='bbox 686 1212 724 1244; x_wconf 92' lang='lat' dir='ltr'>In</span> <span class='ocrx_word' id='word_1_92' title='bbox 749 1224 918 1245; x_wconf 89' lang='lat' dir='ltr'>commune</span> <span class='ocrx_word' id='word_1_93' title='bbox 942 1214 997 1246; x_wconf 84' lang='lat' dir='ltr'>diu</span> <span class='ocrx_word' id='word_1_94' title='bbox 1020 1214 1138 1256; x_wconf 83' lang='lat' dir='ltr'>iugiter</span> <span class='ocrx_word' id='word_1_95' title='bbox 1161 1225 1219 1246; x_wconf 87' lang='lat' dir='ltr'>vos</span> <span class='ocrx_word' id='word_1_96' title='bbox 1244 1218 1330 1247; x_wconf 81' lang='lat' dir='ltr'>stare</span> <span class='ocrx_word' id='word_1_97' title='bbox 1354 1214 1512 1247; x_wconf 80' lang='lat' dir='ltr'>decenter</span> 
     </span>
     <span class='ocr_line' id='line_1_19' title="bbox 687 1264 1621 1310; baseline 0.004 -14"><span class='ocrx_word' id='word_1_98' title='bbox 687 1264 739 1296; x_wconf 87' lang='lat' dir='ltr'>Ad</span> <span class='ocrx_word' id='word_1_99' title='bbox 762 1269 908 1297; x_wconf 88' lang='lat' dir='ltr'>vestrum</span> <span class='ocrx_word' id='word_1_100' title='bbox 932 1266 1032 1298; x_wconf 86' lang='lat' dir='ltr'>decus</span> <span class='ocrx_word' id='word_1_101' title='bbox 1057 1267 1225 1309; x_wconf 85' lang='lat' dir='ltr'>egregium</span> <span class='ocrx_word' id='word_1_102' title='bbox 1249 1270 1459 1310; x_wconf 80' lang='lat' dir='ltr'>nostramque</span> <span class='ocrx_word' id='word_1_103' title='bbox 1483 1268 1621 1300; x_wconf 82' lang='lat' dir='ltr'>salutem</span> 
     </span>
     <span class='ocr_line' id='line_1_20' title="bbox 686 1316 1508 1362; baseline 0.005 -14"><span class='ocrx_word' id='word_1_104' title='bbox 686 1316 833 1350; x_wconf 86' lang='lat' dir='ltr'>Plurima</span> <span class='ocrx_word' id='word_1_105' title='bbox 856 1319 1016 1351; x_wconf 86' lang='lat' dir='ltr'>currentis</span> <span class='ocrx_word' id='word_1_106' title='bbox 1041 1319 1198 1351; x_wconf 77' lang='lat' dir='ltr'>maculosi</span> <span class='ocrx_word' id='word_1_107' title='bbox 1222 1322 1372 1362; x_wconf 81' lang='lat' dir='ltr'>tempora</span> <span class='ocrx_word' id='word_1_108' title='bbox 1395 1321 1508 1352; x_wconf 85' lang='lat' dir='ltr'>saecli.</span> 
     </span>
    </p>

    <p class='ocr_par' dir='ltr' id='par_1_6' title="bbox 637 1369 1568 1572">
     <span class='ocr_line' id='line_1_21' title="bbox 637 1369 1559 1414; baseline 0.005 -14"><span class='ocrx_word' id='word_1_109' title='bbox 637 1381 647 1399; x_wconf 75' lang='lat'>5</span> <span class='ocrx_word' id='word_1_110' title='bbox 686 1369 751 1401; x_wconf 84' lang='lat' dir='ltr'>Ter</span> <span class='ocrx_word' id='word_1_111' title='bbox 774 1370 890 1412; x_wconf 88' lang='lat' dir='ltr'>quinos</span> <span class='ocrx_word' id='word_1_112' title='bbox 916 1371 1015 1403; x_wconf 82' lang='lat' dir='ltr'>etiam</span> <span class='ocrx_word' id='word_1_113' title='bbox 1039 1370 1188 1403; x_wconf 87' lang='lat' dir='ltr'>dominus</span> <span class='ocrx_word' id='word_1_114' title='bbox 1213 1376 1434 1414; x_wconf 80' lang='lat' dir='ltr'>superaugeat</span> <span class='ocrx_word' id='word_1_115' title='bbox 1457 1383 1559 1405; x_wconf 78' lang='lat' dir='ltr'>annos</span> 
     </span>
     <span class='ocr_line' id='line_1_22' title="bbox 686 1421 1539 1466; baseline 0.004 -13"><span class='ocrx_word' id='word_1_116' title='bbox 686 1421 738 1453; x_wconf 87' lang='lat' dir='ltr'>Ad</span> <span class='ocrx_word' id='word_1_117' title='bbox 762 1422 850 1454; x_wconf 81' lang='lat' dir='ltr'>vitae</span> <span class='ocrx_word' id='word_1_118' title='bbox 874 1426 990 1463; x_wconf 86' lang='lat' dir='ltr'>metas,</span> <span class='ocrx_word' id='word_1_119' title='bbox 1014 1424 1115 1455; x_wconf 88' lang='lat' dir='ltr'>veluti</span> <span class='ocrx_word' id='word_1_120' title='bbox 1140 1434 1268 1466; x_wconf 89' lang='lat' dir='ltr'>quoque</span> <span class='ocrx_word' id='word_1_121' title='bbox 1292 1424 1380 1466; x_wconf 89' lang='lat' dir='ltr'>regis</span> <span class='ocrx_word' id='word_1_122' title='bbox 1405 1424 1539 1456; x_wconf 80' lang='lat' dir='ltr'>adauxit</span> 
     </span>
     <span class='ocr_line' id='line_1_23' title="bbox 687 1473 1568 1518; baseline 0.005 -13"><span class='ocrx_word' id='word_1_123' title='bbox 687 1473 861 1514; x_wconf 84' lang='lat' dir='ltr'>Ezechiae,</span> <span class='ocrx_word' id='word_1_124' title='bbox 886 1475 1047 1507; x_wconf 89' lang='lat' dir='ltr'>modicum</span> <span class='ocrx_word' id='word_1_125' title='bbox 1071 1476 1190 1507; x_wconf 85' lang='lat' dir='ltr'>tumuit</span> <span class='ocrx_word' id='word_1_126' title='bbox 1212 1476 1266 1518; x_wconf 93' lang='lat' dir='ltr'>qui</span> <span class='ocrx_word' id='word_1_127' title='bbox 1289 1476 1393 1508; x_wconf 85' lang='lat' dir='ltr'>victor</span> <span class='ocrx_word' id='word_1_128' title='bbox 1416 1477 1450 1508; x_wconf 91' lang='lat' dir='ltr'>in</span> <span class='ocrx_word' id='word_1_129' title='bbox 1473 1477 1568 1509; x_wconf 87' lang='lat' dir='ltr'>hoste</span> 
     </span>
     <span class='ocr_line' id='line_1_24' title="bbox 689 1525 1446 1572; baseline 0.005 -15"><span class='ocrx_word' id='word_1_130' title='bbox 689 1525 830 1566; x_wconf 86' lang='lat' dir='ltr'>Oblitus,</span> <span class='ocrx_word' id='word_1_131' title='bbox 855 1527 979 1568; x_wconf 85' lang='lat' dir='ltr'>tribuit,</span> <span class='ocrx_word' id='word_1_132' title='bbox 1003 1527 1135 1567; x_wconf 88' lang='lat' dir='ltr'>domini,</span> <span class='ocrx_word' id='word_1_133' title='bbox 1160 1528 1214 1570; x_wconf 92' lang='lat' dir='ltr'>qui</span> <span class='ocrx_word' id='word_1_134' title='bbox 1237 1528 1317 1560; x_wconf 80' lang='lat' dir='ltr'>talia</span> <span class='ocrx_word' id='word_1_135' title='bbox 1339 1539 1446 1572; x_wconf 88' lang='lat' dir='ltr'>posse.</span> 
     </span>
    </p>

    <p class='ocr_par' dir='ltr' id='par_1_7' title="bbox 686 1577 1490 1623">
     <span class='ocr_line' id='line_1_25' title="bbox 686 1577 1490 1623; baseline 0.005 -14"><span class='ocrx_word' id='word_1_136' title='bbox 686 1577 767 1610; x_wconf 84' lang='lat' dir='ltr'>Post</span> <span class='ocrx_word' id='word_1_137' title='bbox 790 1589 871 1621; x_wconf 89' lang='lat' dir='ltr'>opus</span> <span class='ocrx_word' id='word_1_138' title='bbox 896 1579 1039 1612; x_wconf 85' lang='lat' dir='ltr'>archana</span> <span class='ocrx_word' id='word_1_139' title='bbox 1062 1580 1161 1612; x_wconf 81' lang='lat' dir='ltr'>faciat</span> <span class='ocrx_word' id='word_1_140' title='bbox 1185 1580 1291 1612; x_wconf 89' lang='lat' dir='ltr'>cordis</span> <span class='ocrx_word' id='word_1_141' title='bbox 1315 1584 1490 1623; x_wconf 83' lang='lat' dir='ltr'>penetrare</span> 
     </span>
    </p>

    <p class='ocr_par' dir='ltr' id='par_1_8' title="bbox 623 1629 1488 1729">
     <span class='ocr_line' id='line_1_26' title="bbox 623 1629 1488 1675; baseline 0.006 -15"><span class='ocrx_word' id='word_1_142' title='bbox 623 1642 647 1661; x_wconf 88' lang='grc' dir='ltr'>ιο</span> <span class='ocrx_word' id='word_1_143' title='bbox 685 1629 812 1662; x_wconf 84' lang='lat' dir='ltr'>Cotidie</span> <span class='ocrx_word' id='word_1_144' title='bbox 837 1631 938 1663; x_wconf 89' lang='lat' dir='ltr'>libros</span> <span class='ocrx_word' id='word_1_145' title='bbox 963 1634 1114 1675; x_wconf 84' lang='lat' dir='ltr'>coeptum</span> <span class='ocrx_word' id='word_1_146' title='bbox 1138 1632 1307 1664; x_wconf 83' lang='lat' dir='ltr'>recitando</span> <span class='ocrx_word' id='word_1_147' title='bbox 1331 1636 1488 1672; x_wconf 83' lang='lat' dir='ltr'>catorum,</span> 
     </span>
     <span class='ocr_line' id='line_1_27' title="bbox 687 1683 1418 1729; baseline 0.003 -14"><span class='ocrx_word' id='word_1_148' title='bbox 687 1683 816 1715; x_wconf 91' lang='lat' dir='ltr'>Auletis</span> <span class='ocrx_word' id='word_1_149' title='bbox 840 1688 875 1716; x_wconf 89' lang='lat' dir='ltr'>ut</span> <span class='ocrx_word' id='word_1_150' title='bbox 899 1695 971 1716; x_wconf 88' lang='lat' dir='ltr'>eum</span> <span class='ocrx_word' id='word_1_151' title='bbox 996 1685 1131 1718; x_wconf 84' lang='lat' dir='ltr'>valeatis</span> <span class='ocrx_word' id='word_1_152' title='bbox 1154 1685 1267 1718; x_wconf 88' lang='lat' dir='ltr'>ludere</span> <span class='ocrx_word' id='word_1_153' title='bbox 1290 1686 1418 1729; x_wconf 89' lang='lat' dir='ltr'>primis:</span> 
     </span>
    </p>

    <p class='ocr_par' dir='ltr' id='par_1_9' title="bbox 687 1735 1606 1885">
     <span class='ocr_line' id='line_1_28' title="bbox 687 1735 1606 1782; baseline 0.004 -16"><span class='ocrx_word' id='word_1_154' title='bbox 687 1735 759 1767; x_wconf 88' lang='lat' dir='ltr'>Non</span> <span class='ocrx_word' id='word_1_155' title='bbox 783 1737 896 1768; x_wconf 88' lang='lat' dir='ltr'>trocho</span> <span class='ocrx_word' id='word_1_156' title='bbox 920 1737 1085 1775; x_wconf 79' lang='lat' dir='ltr'>iuvenum,</span> <span class='ocrx_word' id='word_1_157' title='bbox 1109 1738 1217 1780; x_wconf 91' lang='lat' dir='ltr'>potius</span> <span class='ocrx_word' id='word_1_158' title='bbox 1242 1738 1300 1770; x_wconf 88' lang='lat' dir='ltr'>sed</span> <span class='ocrx_word' id='word_1_159' title='bbox 1323 1739 1397 1781; x_wconf 90' lang='lat' dir='ltr'>lege</span> <span class='ocrx_word' id='word_1_160' title='bbox 1421 1738 1606 1782; x_wconf 87' lang='lat' dir='ltr'>sophorum.</span> 
     </span>
     <span class='ocr_line' id='line_1_29' title="bbox 687 1788 1583 1833; baseline 0.003 -14"><span class='ocrx_word' id='word_1_161' title='bbox 687 1788 761 1819; x_wconf 89' lang='lat' dir='ltr'>Hoc</span> <span class='ocrx_word' id='word_1_162' title='bbox 785 1789 893 1829; x_wconf 85' lang='lat' dir='ltr'>faeiat,</span> <span class='ocrx_word' id='word_1_163' title='bbox 916 1790 1070 1832; x_wconf 88' lang='lat' dir='ltr'>petimus,</span> <span class='ocrx_word' id='word_1_164' title='bbox 1094 1800 1153 1833; x_wconf 89' lang='lat' dir='ltr'>pro</span> <span class='ocrx_word' id='word_1_165' title='bbox 1178 1793 1290 1822; x_wconf 80' lang='lat' dir='ltr'>nostra</span> <span class='ocrx_word' id='word_1_166' title='bbox 1313 1801 1453 1832; x_wconf 86' lang='lat' dir='ltr'>namque</span> <span class='ocrx_word' id='word_1_167' title='bbox 1478 1790 1583 1822; x_wconf 85' lang='lat' dir='ltr'>salute</span> 
     </span>
     <span class='ocr_line' id='line_1_30' title="bbox 689 1840 1503 1885; baseline 0.004 -14"><span class='ocrx_word' id='word_1_168' title='bbox 689 1840 839 1872; x_wconf 80' lang='lat' dir='ltr'>Salvator</span> <span class='ocrx_word' id='word_1_169' title='bbox 861 1841 973 1873; x_wconf 90' lang='lat' dir='ltr'>mundi</span> <span class='ocrx_word' id='word_1_170' title='bbox 997 1842 1126 1884; x_wconf 86' lang='lat' dir='ltr'>genitus</span> <span class='ocrx_word' id='word_1_171' title='bbox 1149 1841 1219 1874; x_wconf 85' lang='lat' dir='ltr'>sine</span> <span class='ocrx_word' id='word_1_172' title='bbox 1244 1843 1368 1874; x_wconf 86' lang='lat' dir='ltr'>semine</span> <span class='ocrx_word' id='word_1_173' title='bbox 1391 1843 1503 1885; x_wconf 53' lang='lat' dir='ltr'>patrm,</span> 
     </span>
    </p>

    <p class='ocr_par' dir='ltr' id='par_1_10' title="bbox 623 1892 1510 1937">
     <span class='ocr_line' id='line_1_31' title="bbox 623 1892 1510 1937; baseline 0.003 -14"><span class='ocrx_word' id='word_1_174' title='bbox 623 1905 646 1923; x_wconf 84' lang='lat'>15</span> <span class='ocrx_word' id='word_1_175' title='bbox 685 1892 747 1928; x_wconf 85' lang='lat' dir='ltr'>Qui</span> <span class='ocrx_word' id='word_1_176' title='bbox 770 1892 860 1930; x_wconf 89' lang='lat' dir='ltr'>vivit,</span> <span class='ocrx_word' id='word_1_177' title='bbox 886 1897 1002 1935; x_wconf 87' lang='lat' dir='ltr'>regnat</span> <span class='ocrx_word' id='word_1_178' title='bbox 1026 1894 1151 1937; x_wconf 87' lang='lat' dir='ltr'>pariter</span> <span class='ocrx_word' id='word_1_179' title='bbox 1175 1894 1245 1926; x_wconf 81' lang='lat' dir='ltr'>sine</span> <span class='ocrx_word' id='word_1_180' title='bbox 1269 1894 1334 1926; x_wconf 87' lang='lat' dir='ltr'>fine</span> <span class='ocrx_word' id='word_1_181' title='bbox 1358 1897 1510 1937; x_wconf 85' lang='lat' dir='ltr'>potenter</span> 
     </span>
    </p>

    <p class='ocr_par' dir='ltr' id='par_1_11' title="bbox 688 1944 1609 1989">
     <span class='ocr_line' id='line_1_32' title="bbox 688 1944 1609 1989; baseline 0.003 -14"><span class='ocrx_word' id='word_1_182' title='bbox 688 1944 769 1975; x_wconf 85' lang='lat' dir='ltr'>Cum</span> <span class='ocrx_word' id='word_1_183' title='bbox 793 1945 943 1986; x_wconf 83' lang='lat' dir='ltr'>genitore</span> <span class='ocrx_word' id='word_1_184' title='bbox 968 1956 1037 1985; x_wconf 89' lang='lat' dir='ltr'>suo,</span> <span class='ocrx_word' id='word_1_185' title='bbox 1062 1949 1214 1978; x_wconf 88' lang='lat' dir='ltr'>cunctum</span> <span class='ocrx_word' id='word_1_186' title='bbox 1238 1947 1292 1989; x_wconf 93' lang='lat' dir='ltr'>qui</span> <span class='ocrx_word' id='word_1_187' title='bbox 1316 1946 1465 1989; x_wconf 87' lang='lat' dir='ltr'>possidet</span> <span class='ocrx_word' id='word_1_188' title='bbox 1488 1946 1609 1978; x_wconf 89' lang='lat' dir='ltr'>orbem.</span> 
     </span>
    </p>
   </div>
   <div class='ocr_carea' id='block_1_6' title="bbox 1054 2136 1238 2169">
    <p class='ocr_par' dir='ltr' id='par_1_12' title="bbox 1054 2136 1238 2169">
     <span class='ocr_line' id='line_1_33' title="bbox 1054 2136 1238 2169; baseline 0 -1"><span class='ocrx_word' id='word_1_189' title='bbox 1054 2136 1238 2169; x_wconf 83' lang='lat' dir='ltr'><strong>CXXXIX.</strong></span> 
     </span>
    </p>
   </div>
   <div class='ocr_carea' id='block_1_7' title="bbox 637 2195 1608 2448">
    <p class='ocr_par' dir='ltr' id='par_1_13' title="bbox 688 2195 1566 2396">
     <span class='ocr_line' id='line_1_34' title="bbox 689 2195 1517 2240; baseline 0.004 -13"><span class='ocrx_word' id='word_1_190' title='bbox 689 2195 858 2228; x_wconf 82' lang='lat' dir='ltr'>Audacter</span> <span class='ocrx_word' id='word_1_191' title='bbox 882 2197 1053 2237; x_wconf 83' lang='lat' dir='ltr'>calamum,</span> <span class='ocrx_word' id='word_1_192' title='bbox 1079 2200 1182 2240; x_wconf 87' lang='lat' dir='ltr'>pater,</span> <span class='ocrx_word' id='word_1_193' title='bbox 1207 2197 1329 2240; x_wconf 80' lang='lat' dir='ltr'>arripui</span> <span class='ocrx_word' id='word_1_194' title='bbox 1354 2197 1423 2229; x_wconf 85' lang='lat' dir='ltr'>sinc</span> <span class='ocrx_word' id='word_1_195' title='bbox 1447 2200 1517 2230; x_wconf 87' lang='lat' dir='ltr'>tora</span> 
     </span>
     <span class='ocr_line' id='line_1_35' title="bbox 688 2248 1558 2292; baseline 0.003 -13"><span class='ocrx_word' id='word_1_196' title='bbox 688 2248 778 2279; x_wconf 85' lang='lat' dir='ltr'>Artis</span> <span class='ocrx_word' id='word_1_197' title='bbox 803 2249 1042 2289; x_wconf 79' lang='lat' dir='ltr'>grammaticae,</span> <span class='ocrx_word' id='word_1_198' title='bbox 1067 2250 1202 2292; x_wconf 86' lang='lat' dir='ltr'>cupiens</span> <span class='ocrx_word' id='word_1_199' title='bbox 1225 2249 1404 2292; x_wconf 89' lang='lat' dir='ltr'>depingere</span> <span class='ocrx_word' id='word_1_200' title='bbox 1428 2260 1558 2282; x_wconf 84' lang='lat' dir='ltr'>carmen</span> 
     </span>
     <span class='ocr_line' id='line_1_36' title="bbox 689 2299 1566 2344; baseline 0.002 -13"><span class='ocrx_word' id='word_1_201' title='bbox 689 2299 810 2342; x_wconf 84' lang='lat' dir='ltr'>(Fisus,</span> <span class='ocrx_word' id='word_1_202' title='bbox 835 2301 889 2342; x_wconf 92' lang='lat' dir='ltr'>qui</span> <span class='ocrx_word' id='word_1_203' title='bbox 913 2301 1027 2333; x_wconf 88' lang='lat' dir='ltr'>tribuit</span> <span class='ocrx_word' id='word_1_204' title='bbox 1049 2302 1147 2333; x_wconf 89' lang='lat' dir='ltr'>mutis</span> <span class='ocrx_word' id='word_1_205' title='bbox 1170 2301 1239 2344; x_wconf 73' lang='lat' dir='ltr'>fore</span> <span class='ocrx_word' id='word_1_206' title='bbox 1264 2304 1379 2344; x_wconf 84' lang='lat' dir='ltr'>satque</span> <span class='ocrx_word' id='word_1_207' title='bbox 1403 2301 1566 2344; x_wconf 84' lang='lat' dir='ltr'>loquaces,</span> 
     </span>
     <span class='ocr_line' id='line_1_37' title="bbox 689 2351 1434 2396; baseline 0.003 -13"><span class='ocrx_word' id='word_1_208' title='bbox 689 2351 782 2383; x_wconf 91' lang='lat' dir='ltr'>Illius</span> <span class='ocrx_word' id='word_1_209' title='bbox 807 2356 896 2391; x_wconf 87' lang='lat' dir='ltr'>nutu,</span> <span class='ocrx_word' id='word_1_210' title='bbox 922 2357 1038 2385; x_wconf 85' lang='lat' dir='ltr'>cuncta</span> <span class='ocrx_word' id='word_1_211' title='bbox 1062 2354 1113 2385; x_wconf 90' lang='lat' dir='ltr'>cui</span> <span class='ocrx_word' id='word_1_212' title='bbox 1136 2363 1235 2396; x_wconf 87' lang='lat' dir='ltr'>posse</span> <span class='ocrx_word' id='word_1_213' title='bbox 1259 2353 1434 2396; x_wconf 87' lang='lat' dir='ltr'>videntur),</span> 
     </span>
    </p>

    <p class='ocr_par' dir='ltr' id='par_1_14' title="bbox 637 2403 1608 2448">
     <span class='ocr_line' id='line_1_38' title="bbox 637 2403 1608 2448; baseline 0.003 -13"><span class='ocrx_word' id='word_1_214' title='bbox 637 2416 647 2434; x_wconf 77' lang='lat'><strong>5</strong></span> <span class='ocrx_word' id='word_1_215' title='bbox 687 2403 782 2440; x_wconf 82' lang='lat' dir='ltr'>Quod</span> <span class='ocrx_word' id='word_1_216' title='bbox 809 2405 902 2437; x_wconf 90' lang='lat' dir='ltr'>vobis</span> <span class='ocrx_word' id='word_1_217' title='bbox 927 2405 1005 2437; x_wconf 83' lang='lat' dir='ltr'>dare</span> <span class='ocrx_word' id='word_1_218' title='bbox 1029 2406 1207 2448; x_wconf 84' lang='lat' dir='ltr'>quivissem</span> <span class='ocrx_word' id='word_1_219' title='bbox 1230 2416 1288 2448; x_wconf 87' lang='lat' dir='ltr'>pro</span> <span class='ocrx_word' id='word_1_220' title='bbox 1312 2416 1447 2437; x_wconf 90' lang='lat' dir='ltr'>munere</span> <span class='ocrx_word' id='word_1_221' title='bbox 1471 2409 1608 2438; x_wconf 86' lang='lat' dir='ltr'>tantum.</span> 
     </span>
    </p>
   </div>
   <div class='ocr_carea' id='block_1_8' title="bbox 423 2551 1971 2673">
    <p class='ocr_par' dir='ltr' id='par_1_15' title="bbox 423 2551 1971 2673">
     <span class='ocr_line' id='line_1_39' title="bbox 423 2551 1077 2584; baseline 0.008 -9"><span class='ocrx_word' id='word_1_222' title='bbox 423 2551 456 2575; x_wconf 74' lang='lat'>36</span> <span class='ocrx_word' id='word_1_223' title='bbox 474 2551 625 2584; x_wconf 55' lang='lat' dir='ltr'>*nauigoras</span> <span class='ocrx_word' id='word_1_224' title='bbox 644 2551 669 2576; x_wconf 68' lang='lat' dir='ltr'>J}</span> <span class='ocrx_word' id='word_1_225' title='bbox 771 2552 804 2577; x_wconf 76' lang='lat'>37</span> <span class='ocrx_word' id='word_1_226' title='bbox 824 2554 948 2579; x_wconf 73' lang='lat' dir='ltr'>Sunimite</span> <span class='ocrx_word' id='word_1_227' title='bbox 965 2563 1032 2580; x_wconf 79' lang='lat' dir='ltr'>corr.</span> <span class='ocrx_word' id='word_1_228' title='bbox 1052 2554 1077 2579; x_wconf 92' lang='lat' dir='ltr'><em>B</em></span> 
     </span>
     <span class='ocr_line' id='line_1_40' title="bbox 425 2592 1971 2630; baseline 0.003 -12"><span class='ocrx_word' id='word_1_229' title='bbox 425 2592 610 2627; x_wconf 72' lang='lat' dir='ltr'>[cxxxvuL]</span> <span class='ocrx_word' id='word_1_230' title='bbox 629 2594 645 2619; x_wconf 74' lang='lat' dir='ltr'><strong>G</strong></span> <span class='ocrx_word' id='word_1_231' title='bbox 664 2596 763 2620; x_wconf 79' lang='lat' dir='ltr'>ndausit</span> <span class='ocrx_word' id='word_1_232' title='bbox 782 2596 806 2621; x_wconf 88' lang='lat' dir='ltr'><em>B</em></span> <span class='ocrx_word' id='word_1_233' title='bbox 824 2605 890 2622; x_wconf 83' lang='lat' dir='ltr'>corr.</span> <span class='ocrx_word' id='word_1_234' title='bbox 909 2596 1007 2622; x_wconf 76' lang='lat' dir='ltr'>Remm.</span> <span class='ocrx_word' id='word_1_235' title='bbox 1079 2597 1110 2622; x_wconf 85' lang='lat'>11</span> <span class='ocrx_word' id='word_1_236' title='bbox 1129 2596 1199 2623; x_wconf 67' lang='lat' dir='ltr'>*tum</span> <span class='ocrx_word' id='word_1_237' title='bbox 1218 2597 1243 2622; x_wconf 92' lang='lat' dir='ltr'><em>B</em></span> <span class='ocrx_word' id='word_1_238' title='bbox 1283 2607 1316 2623; x_wconf 74' lang='lat' dir='ltr'>ua</span> <span class='ocrx_word' id='word_1_239' title='bbox 1334 2597 1395 2623; x_wconf 74' lang='lat' dir='ltr'>lenti</span> <span class='ocrx_word' id='word_1_240' title='bbox 1414 2597 1439 2622; x_wconf 89' lang='lat' dir='ltr'><em>B</em></span> <span class='ocrx_word' id='word_1_241' title='bbox 1456 2606 1522 2623; x_wconf 79' lang='lat' dir='ltr'>corr.</span> <span class='ocrx_word' id='word_1_242' title='bbox 1541 2597 1641 2623; x_wconf 78' lang='lat' dir='ltr'>Bethm.</span> <span class='ocrx_word' id='word_1_243' title='bbox 1712 2596 1745 2622; x_wconf 80' lang='lat'>12</span> <span class='ocrx_word' id='word_1_244' title='bbox 1762 2606 1790 2622; x_wconf 85' lang='lat' dir='ltr'>so</span> <span class='ocrx_word' id='word_1_245' title='bbox 1808 2597 1834 2622; x_wconf 74' lang='lat' dir='ltr'>in</span> <span class='ocrx_word' id='word_1_246' title='bbox 1852 2606 1934 2630; x_wconf 69' lang='lat' dir='ltr'>marq-</span> <span class='ocrx_word' id='word_1_247' title='bbox 1945 2597 1971 2623; x_wconf 89' lang='lat' dir='ltr'><em>B</em></span> 
     </span>
     <span class='ocr_line' id='line_1_41' title="bbox 425 2635 1075 2673; baseline 0.006 -12"><span class='ocrx_word' id='word_1_248' title='bbox 425 2635 584 2670; x_wconf 73' lang='lat' dir='ltr'><strong>[CXXXIX]</strong></span> <span class='ocrx_word' id='word_1_249' title='bbox 604 2639 636 2662; x_wconf 82' lang='lat' dir='ltr'>ab</span> <span class='ocrx_word' id='word_1_250' title='bbox 655 2639 811 2664; x_wconf 71' lang='lat' dir='ltr'>antecedenti</span> <span class='ocrx_word' id='word_1_251' title='bbox 827 2649 880 2665; x_wconf 81' lang='grc' dir='ltr'><em>ἰιοη</em></span> <span class='ocrx_word' id='word_1_252' title='bbox 901 2640 1032 2673; x_wconf 69' lang='grc' dir='ltr'><strong><em>(ἰίειίηφιίι</em></strong></span> <span class='ocrx_word' id='word_1_253' title='bbox 1050 2640 1075 2665; x_wconf 86' lang='grc' dir='ltr'><em>Β</em></span> 
     </span>
    </p>
   </div>
   <div class='ocr_carea' id='block_1_9' title="bbox 423 2723 1174 2760">
    <p class='ocr_par' dir='ltr' id='par_1_16' title="bbox 423 2723 1174 2760">
     <span class='ocr_line' id='line_1_42' title="bbox 423 2723 1174 2760; baseline 0.007 -12"><span class='ocrx_word' id='word_1_254' title='bbox 423 2723 457 2749; x_wconf 84' lang='lat'>38</span> <span class='ocrx_word' id='word_1_255' title='bbox 474 2723 523 2755; x_wconf 74' lang='lat' dir='ltr'>cfr.</span> <span class='ocrx_word' id='word_1_256' title='bbox 543 2723 707 2757; x_wconf 80' lang='lat' dir='ltr'>LXXXII,</span> <span class='ocrx_word' id='word_1_257' title='bbox 720 2724 762 2751; x_wconf 78' lang='lat'>22.</span> <span class='ocrx_word' id='word_1_258' title='bbox 865 2724 900 2750; x_wconf 81' lang='lat'>42</span> <span class='ocrx_word' id='word_1_259' title='bbox 916 2725 965 2758; x_wconf 75' lang='lat' dir='ltr'>cfr.</span> <span class='ocrx_word' id='word_1_260' title='bbox 986 2725 1122 2760; x_wconf 84' lang='lat' dir='ltr'>CXXIV,</span> <span class='ocrx_word' id='word_1_261' title='bbox 1134 2727 1174 2754; x_wconf 84' lang='lat'>16.</span> 
     </span>
    </p>
   </div>
   <div class='ocr_carea' id='block_1_10' title="bbox 426 2773 1779 2862">
    <p class='ocr_par' dir='ltr' id='par_1_17' title="bbox 426 2773 1779 2862">
     <span class='ocr_line' id='line_1_43' title="bbox 426 2773 1779 2813; baseline 0.003 -12"><span class='ocrx_word' id='word_1_262' title='bbox 426 2773 623 2810; x_wconf 58' lang='lat' dir='ltr'><strong>[CXXXVIII]</strong></span> <span class='ocrx_word' id='word_1_263' title='bbox 643 2776 659 2802; x_wconf 82' lang='lat'><strong>2</strong></span> <span class='ocrx_word' id='word_1_264' title='bbox 676 2776 725 2809; x_wconf 80' lang='lat' dir='ltr'>cfr.</span> <span class='ocrx_word' id='word_1_265' title='bbox 743 2783 764 2802; x_wconf 89' lang='lat' dir='ltr'>c.</span> <span class='ocrx_word' id='word_1_266' title='bbox 784 2775 956 2811; x_wconf 75' lang='lat' dir='ltr'><strong>CXXXIIL</strong></span> <span class='ocrx_word' id='word_1_267' title='bbox 967 2778 991 2804; x_wconf 92' lang='lat'>3.</span> <span class='ocrx_word' id='word_1_268' title='bbox 1099 2779 1129 2806; x_wconf 91' lang='lat'>11</span> <span class='ocrx_word' id='word_1_269' title='bbox 1149 2777 1256 2806; x_wconf 80' lang='lat' dir='ltr'>Auletis</span> <span class='ocrx_word' id='word_1_270' title='bbox 1274 2786 1307 2806; x_wconf 68' lang='lat' dir='ltr'>sc.</span> <span class='ocrx_word' id='word_1_271' title='bbox 1327 2781 1427 2806; x_wconf 70' lang='lat' dir='ltr'>omme</span> <span class='ocrx_word' id='word_1_272' title='bbox 1444 2787 1503 2806; x_wconf 81' lang='lat' dir='ltr'>cum</span> <span class='ocrx_word' id='word_1_273' title='bbox 1517 2778 1613 2813; x_wconf 70' lang='lat' dir='ltr'>pueris</span> <span class='ocrx_word' id='word_1_274' title='bbox 1631 2777 1779 2805; x_wconf 66' lang='lat' dir='ltr'>Palatinis.</span> 
     </span>
     <span class='ocr_line' id='line_1_44' title="bbox 427 2825 922 2862; baseline 0.008 -10"><span class='ocrx_word' id='word_1_275' title='bbox 427 2825 597 2862; x_wconf 61' lang='lat' dir='ltr'><strong>[CXXXIX]</strong></span> <span class='ocrx_word' id='word_1_276' title='bbox 617 2829 632 2855; x_wconf 81' lang='lat'>5</span> <span class='ocrx_word' id='word_1_277' title='bbox 651 2828 699 2860; x_wconf 81' lang='lat' dir='ltr'>cfr.</span> <span class='ocrx_word' id='word_1_278' title='bbox 721 2827 799 2854; x_wconf 86' lang='lat' dir='ltr'>CXL</span> <span class='ocrx_word' id='word_1_279' title='bbox 807 2827 885 2862; x_wconf 84' lang='lat' dir='ltr'><em>VIII,</em></span> <span class='ocrx_word' id='word_1_280' title='bbox 899 2829 922 2856; x_wconf 84' lang='lat'>9.</span> 
     </span>
    </p>
   </div>
  </div>
 </body>
</html>
