2040 2996
0 1869 16 2380 zvnvq-ffo—,v--urvss-var-wfvwwoe
0 1739 5 1844 --.-.-..-
0 1699 7 1719 v-

668 109 718 136 AD
736 109 982 136 HARTGARIUM
1000 109 1213 137 EPISCOPUM.
1706 114 1764 144 177

559 195 681 228 Vester
702 196 839 238 insignis
863 197 1041 238 niveusque
1065 200 1179 228 coetus

560 246 668 278 Corde
691 247 823 279 robusto
847 248 962 279 volitat
983 258 1043 290 per
1065 248 1187 287 hostes,

559 298 709 331 Conterit
731 302 854 330 turmas
877 299 1006 341 agitans
1029 310 1088 341 per
1111 310 1188 332 arva

477 356 502 376 2⁰
708 350 862 383 Herculis
886 351 994 382 armis.

560 428 659 460 Sume
681 428 853 460 florentem
875 428 1001 460 meritis
1025 431 1187 469 coronam,

559 479 651 516 Quae
675 490 774 511 necas
798 479 916 518 hostes,
940 480 1090 511 iuvenum
1117 484 1267 512 caterva:

558 530 708 573 Namque
730 530 938 563 Nomannus
961 531 1079 563 cecidit
1102 532 1234 564 rebellis

558 584 563 585 ⁷
708 582 838 615 Praeda
861 585 997 615 cruenta

479 666 504 685 25
556 659 714 702 Tuncque
738 659 851 692 Golias
874 659 957 691 obiit
980 660 1150 702 superbus,

558 710 679 753 Magna
702 711 758 753 qui
779 711 859 743 belli
881 711 990 743 fuerat
1013 712 1178 747 columna,

558 762 690 795 Caeteri
713 762 827 795 cedros
851 762 1048 795 simulabant
1070 764 1154 795 altas

707 814 801 847 More
825 813 1006 857 Ciclopum.

556 892 664 925 Testis
687 895 740 924 est
760 891 896 924 Rehnus
920 892 1036 924 fluvius
1060 892 1211 932 bicornis,

478 951 504 970 ³⁰
556 944 665 976 Testis
689 948 723 977 et
745 955 880 987 campus
904 943 1052 976 madidus
1077 955 1202 983 cruore,

556 995 684 1028 Iudicat
706 996 782 1028 litus
805 996 937 1028 rutilum
961 999 1130 1038 tropaeum

707 1047 848 1080 Ossibus
871 1048 998 1080 albens.

556 1124 651 1157 Unde
674 1124 860 1167 congaudet
882 1125 1088 1167 populusque
1112 1127 1214 1156 totus:

558 1176 690 1218 Vosque
715 1187 793 1219 prae
817 1177 943 1208 cunctis
967 1176 1133 1208 benedicit
1156 1176 1236 1219 ipse,

476 1234 501 1253 ³⁵
553 1228 683 1260 Laudat
705 1228 791 1260 hunc
814 1231 959 1260 vestrum
982 1227 1192 1270 celebratque
1217 1231 1354 1267 coetum(

708 1280 840 1323 Optime
862 1283 985 1323 pastor.

557 1357 611 1389 Sic
634 1356 693 1389 tibi
717 1367 848 1400 semper
871 1357 1056 1389 cumulatur
1078 1357 1173 1388 astris

556 1409 671 1441 Palma
694 1419 753 1451 pro
777 1409 833 1441 tali
858 1408 999 1441 viridans
1023 1419 1140 1451 agone,

555 1459 603 1492 Te
627 1459 823 1499 coronando,
847 1460 932 1492 bone
955 1460 1097 1502 praesul,
1121 1459 1208 1491 alma

472 1518 498 1537 ⁴⁰
705 1511 822 1544 Gratia
844 1511 979 1544 Christi.

913 1643 956 1664 lx.

405 1696 519 1728 IDEM
543 1696 766 1729 SEDULIUS
790 1697 853 1729 AD
877 1696 1154 1729 PRAEFATUM
1178 1697 1465 1728 ANTISTITEM.

475 1757 542 1788 Nos
565 1757 636 1789 sitis
659 1761 756 1800 atque
780 1758 883 1789 fames
907 1757 1089 1797 conturbat,
1111 1757 1219 1789 bestia
1242 1757 1375 1800 duplex,

522 1809 696 1841 Vulnifiois
719 1809 835 1841 rostris
858 1820 917 1841 nos
942 1809 1130 1851 laceratque
1155 1809 1234 1841 suis.

474 1859 545 1892 Nec
568 1870 626 1892 nos
649 1859 794 1892 oblectat
816 1859 990 1903 praedives
1014 1859 1109 1902 copia
1134 1870 1253 1897 rerum,

523 1910 590 1943 Sed
612 1922 672 1943 nos
685 1911 863 1944 excruciat
885 1910 1018 1943 horrida
1042 1910 1231 1953 pauperies;

408 1969 419 1988 ³
472 1962 542 1994 Nec
565 1973 624 1994 nos
646 1962 813 1994 oblectant
835 1962 991 1995 dulciflua
1013 1962 1098 1994 dona
1121 1962 1193 1994 Lici

523 2013 765 2057 Mellifluusque
787 2014 903 2046 medus
926 2013 1059 2046 domata
1082 2017 1193 2045 nostra
1215 2014 1315 2055 fugit;

473 2064 544 2097 Nec
568 2075 627 2097 nos
650 2065 795 2098 oblectat
817 2066 947 2098 cacavis
971 2066 1182 2107 biscoctaque
1206 2064 1311 2104 Mosa,

522 2116 730 2150 Flavicomae
754 2117 885 2150 Cereris
909 2118 1015 2160 gratia
1038 2116 1142 2149 dulcis
1165 2117 1270 2149 abest.

475 2167 623 2200 Tenuida
645 2179 703 2200 nos
726 2172 880 2208 macerat,
905 2168 1047 2201 crudelis
1070 2168 1187 2207 bestia,
1209 2167 1347 2210 sophos;

399 2227 423 2245 ¹⁰
527 2219 658 2261 Optime
681 2219 821 2265 Christe,
846 2231 934 2262 rogo⁷
959 2220 1086 2262 respice
1110 2230 1179 2256 nos,
1204 2218 1351 2250 dominc:

216 2332 248 2358 31
267 2337 383 2366 tropeum
396 2333 498 2366 caepim
512 2333 535 2358 0
609 2332 644 2358 35
660 2331 760 2358 *zelum
774 2333 797 2358 0
907 2331 962 2365 [ix-l
980 2332 1018 2358 ed.
1034 2332 1127 2357 Graue
1134 2341 1163 2364 p.
1181 2331 1197 2357 5
1275 2331 1292 2357 3
1309 2333 1382 2365 cepio
1397 2332 1420 2357 C
1428 2341 1495 2358 corr.
1511 2333 1603 2358 Groeoe
1682 2331 1699 2357 5
1709 2336 1733 2357 et
1743 2331 1760 2356 6

111 2375 200 2402 eadem
216 2375 340 2402 schedula
356 2375 440 2401 addus
457 2384 509 2408 qua
525 2375 587 2407 1⁷11,
604 2374 708 2401 59-62
787 2375 805 2401 5
822 2384 869 2401 nos
886 2384 918 2401 ex
936 2385 987 2401 non
1000 2375 1122 2400 schedula
1200 2374 1215 2400 7
1236 2383 1281 2400 nos
1300 2384 1330 2400 ea:
1349 2384 1399 2400 non
1415 2374 1438 2400 0
1513 2374 1529 2399 9
1547 2375 1642 2408 sophus
1654 2375 1677 2400 Ο
1691 2383 1758 2400 corr.

114 2418 208 2444 Oroete
295 2418 329 2444 10
344 2419 440 2444 christo
459 2427 526 2444 corr.
542 2417 565 2444 G

213 2494 248 2520 20
265 2494 332 2521 Aen.
347 2493 384 2527 X,
399 2494 450 2521 319
463 2493 590 2521 Herculis
603 2502 688 2520 arma.
773 2495 805 2520 21
822 2494 934 2520 Paulin.
948 2494 1009 2520 Nol.
1023 2502 1042 2520 c.
1055 2493 1156 2520 XVII.
1167 2493 1206 2520 ed.
1223 2494 1262 2520 M.
1276 2494 1335 2520 Duc
1346 2493 1449 2520 bonum
1462 2503 1571 2520 cursum
1584 2493 1760 2528 positamque

112 2545 193 2572 iustis
206 2546 212 2580 1
227 2554 304 2574 sume
322 2555 459 2574 coronam.
537 2547 571 2574 29
590 2546 644 2579 Οἰν-
654 2554 739 2580 supra
753 2547 794 2580 H,
813 2548 838 2573 3.
917 2547 952 2573 30
961 2555 998 2580 sq.
1010 2548 1075 2572 Aen.
1087 2546 1159 2578 XII,
1176 2546 1211 2572 35
1222 2553 1258 2578 ⁸4-
1272 2545 1395 2572 recalent
1405 2546 1499 2572 nostro
1510 2545 1644 2572 Tiberina
1655 2546 1760 2572 fluenta.

111 2597 247 2632 sanguine
270 2597 362 2625 adhuc
385 2597 532 2633 campique
549 2598 679 2632 ingentes
697 2597 804 2625 ossibus
821 2597 926 2624 albent.
1049 2598 1104 2632 [nn]
1122 2599 1139 2624 6
1157 2597 1253 2624 medus
1271 2597 1351 2631 quasi
1370 2597 1466 2628 melus,
1484 2597 1551 2631 quia
1569 2605 1602 2623 ex
1620 2597 1703 2624 melle
1721 2597 1760 2624 fit.

113 2647 209 2676 loidor.
232 2651 263 2676 d.
284 2649 358 2682 XX,
375 2650 406 2681 3.
427 2651 459 2677 13
481 2649 512 2677 de
533 2652 615 2684 potu,
640 2650 688 2683 cfr.
706 2649 764 2677 Do.
782 2658 803 2676 s.
821 2658 844 2676 v.
863 2649 941 2675 medo,
1029 2650 1045 2675 9
1067 2643 1192 2675 Tenuida'
1212 2657 1284 2675 musa
1306 2650 1384 2675 etwas
1401 2648 1549 2675 trinkbares
1566 2648 1623 2675 sein
1639 2648 1697 2675 und
1713 2649 1761 2676 wie

110 2698 153 2726 aa
176 2700 268 2727 monde
285 2700 360 2727 0«oe
382 2701 506 2728 annom
532 2701 575 2728 iot·
599 2700 678 2728 dou-ke
699 2701 818 2728 rev-vida
833 2702 905 2734 (fuer
925 2701 1012 2728 tenuis
1029 2701 1075 2727 wia
1092 2699 1214 2727 salutm
1231 2700 1342 2727 dulcida
1360 2699 1417 2726 und
1433 2700 1569 2735 zympmaa
1587 2700 1708 2734 braucht)
1726 2701 1760 2727 ist

111 2751 260 2779 ἀναπηδῶν.
299 2752 340 2779 Μ.
357 2752 415 2779 ΗΔ
421 2753 502 2780 UP-T.

215 2801 320 2826 Poma
338 2807 423 2827 nami
440 2808 499 2827 nvi
514 2803 639 2836 ῼΑιιοιιηι
656 2802 701 2827 111.
1520 2799 1555 2826 23
