2040 2996
689 135 896 167 ΕΡΙΤΑΡΗΙΑ.
932 135 973 167 ΙΝ
991 136 1206 168 MUL'PONEM.
1711 141 1772 174 205

488 225 586 259 Hunc
608 227 706 260 Aries
731 227 814 259 caeli
838 229 929 259 casto
952 227 1068 260 dilexit
1091 238 1212 267 amore,

536 279 728 311 Consul-tem
751 280 845 322 regni
869 279 955 311 hunc
979 280 1144 322 voluitque
1170 281 1231 319 sui,

489 331 586 363 Hunc
610 332 733 364 Lucina
756 335 872 374 potens
895 333 992 363 niveo
1016 343 1073 375 pro
1097 334 1239 374 tegmine
1263 334 1384 365 clarum

535 383 633 415 Sidus
657 384 689 415 in
714 384 854 415 excelsis
878 395 998 426 ponere
1022 385 1187 416 caelicolis

407 442 431 460 ³⁵
490 434 654 477 (Namque
677 435 787 467 ferunt
809 435 935 467 Lunam
960 431 1107 467 lanarum
1131 437 1236 468 vellus
1259 448 1397 476 amasse,

535 487 604 518 Pan
627 487 707 518 deus
731 486 892 519 Arcadiae
917 488 1040 519 vellere
1062 488 1140 520 lusit
1164 489 1261 530 eam),

493 539 590 570 Hunc
614 550 706 570 meus
730 540 810 571 arsit
832 550 924 571 amor
946 559 986 563 -
1010 551 1084 571 nam
1107 551 1167 572 nec
1190 542 1268 573 mihi
1292 553 1411 574 cornea
1434 543 1515 574 fibra
1542 554 1593 573 —z

533 586 625 631 Quis,
648 591 711 623 nisi
736 592 866 629 stultus,
889 592 985 631 enim,
1010 593 1063 634 qui
1087 603 1148 623 nec
1173 598 1298 625 amaret
1321 598 1417 625 eum?

492 642 544 679 Et,
569 653 654 684 quae
676 643 766 674 nulla
788 647 898 684 negat,
923 644 1021 675 vestri
1046 644 1220 676 clementia
1243 645 1332 677 dives

404 701 430 720 ⁴⁰
534 695 612 726 Mox
634 694 756 727 donare
779 695 880 727 decus
903 695 964 727 hoc
988 697 1066 728 mihi
1089 696 1263 739 disposuit:

488 746 552 778 Sed
577 747 707 778 fortuna
730 747 822 778 bonis
847 758 978 790 semper
1001 750 1166 780 contraria
1189 749 1287 780 rebus

533 797 668 840 Tytiron
693 799 814 841 eripuit
836 802 903 830 tum
928 800 1006 832 mihi
1032 800 1094 831 heu
1119 801 1247 832 misero.

486 849 623 885 Quidam
649 850 732 882 latro
756 851 818 882 fuit
840 861 978 893 nequam
1003 851 1044 883 de
1067 848 1166 893 gente
1190 852 1316 891 Goliae,

533 902 737 944 Aethiopum·
754 903 882 938 similis,
907 903 1012 935 Cacus
1037 908 1069 935 et
1092 908 1162 935 arte
1185 905 1300 942 malus,

404 960 429 978 ⁴⁵
486 953 654 984 Terribilis
677 954 791 993 forma,
815 954 904 986 vultu
929 955 1108 997 piceusque
1131 956 1284 998 maligno,

531 1005 640 1047 Asper
663 1009 734 1037 erat
756 1006 862 1045 factis,
885 1017 982 1049 asper
1005 1010 1038 1038 et
1061 1008 1214 1049 eloquiis:

484 1056 542 1093 Te,
567 1058 620 1100 pie
644 1057 756 1096 multo,
781 1057 866 1097 tulit,
890 1059 1038 1090 manibus
1062 1060 1228 1102 traxitque
1252 1060 1400 1092 nefandis

532 1109 595 1140 Per
619 1109 740 1141 multos
764 1110 914 1149 tribulos,
939 1111 1003 1142 heu
1027 1111 1129 1150 nefas,
1153 1122 1172 1142 o
1196 1112 1358 1144 miserum.

485 1161 535 1192 Tu
560 1162 696 1194 multum
721 1162 832 1194 fueras
857 1163 943 1194 mitis
969 1164 1171 1206 multumque
1196 1175 1341 1203 serenus,

403 1220 427 1237 ⁵⁰
533 1213 652 1245 Infelix
676 1214 789 1254 multo,
813 1214 914 1246 multa
938 1226 996 1257 per
1019 1226 1097 1247 arva
1121 1216 1243 1247 volans.

484 1264 543 1295 Vis
567 1264 699 1296 rabiosa
721 1275 837 1297 canum
860 1266 964 1298 furem
989 1267 1161 1309 conspexit
1185 1272 1317 1299 euntem

531 1317 633 1356 Ferri,
657 1318 864 1360 cornigerum
888 1320 1196 1362 magnanimumque
1219 1320 1351 1356 ducem:

483 1368 563 1400 Mox
586 1369 734 1401 animosa
757 1369 872 1401 cohors
895 1370 998 1402 saltus
1021 1370 1111 1403 dedit
1134 1372 1206 1414 ipsa
1229 1373 1372 1404 salaces:

531 1421 653 1462 Ingens
676 1421 712 1453 fit
735 1422 902 1464 strepitus,
926 1422 960 1454 fit
985 1433 1084 1454 sonus
1107 1426 1204 1466 atque
1228 1424 1353 1466 fragor:

401 1479 425 1498 ἰώ
483 1472 604 1504 Oribus
629 1476 662 1504 et
685 1473 808 1516 rapidis
831 1473 935 1506 furem
960 1474 1145 1517 furtumque
1170 1477 1322 1518 requirit:

531 1524 684 1556 Frondea
707 1525 790 1557 silva
813 1526 919 1566 latrat,
943 1531 1098 1570 personat
1121 1538 1217 1559 omne
1240 1539 1366 1561 nemus.

482 1575 569 1612 Quid
594 1587 701 1608 moror
723 1577 755 1608 in
778 1577 908 1609 verbis?
933 1578 1020 1610 mitis
1043 1579 1108 1610 heu
1129 1580 1234 1612 multo
1259 1584 1402 1615 tenetur:

529 1627 597 1660 Fur
618 1628 703 1670 fugit
725 1629 758 1660 in
781 1629 927 1661 tenebris
951 1631 1042 1662 ocior
1065 1631 1120 1663 ille
1144 1631 1261 1665 nothis.

482 1679 585 1711 Multo
608 1681 743 1712 relictus
765 1684 836 1712 erat
859 1682 948 1714 solus
971 1682 1174 1725 multumque
1196 1684 1372 1726 pugnabat,

400 1738 426 1756 ω
530 1731 691 1764 Cornibus
713 1729 767 1764 illc
791 1733 902 1765 minax
925 1734 1062 1766 vulnera
1082 1736 1186 1767 multa
1209 1736 1311 1768 dedit:

483 1782 691 1826 Obstupuere
714 1795 813 1817 canes
836 1786 914 1817 victi
938 1787 1083 1818 multone
1106 1786 1230 1818 bicorni

529 1834 638 1876 Atque
661 1835 825 1867 leoninam
849 1840 963 1868 rentur
986 1836 1103 1868 adesse
1126 1837 1240 1870 feram.

481 1885 605 1918 Omnes
629 1890 763 1918 econtra
786 1887 951 1919 latrabant
973 1898 1030 1920 ore
1054 1889 1188 1926 canino;

529 1938 589 1970 Ille
613 1937 671 1970 sed
695 1939 851 1981 egregius
874 1939 1014 1971 fulserat
1037 1950 1092 1972 ore
1115 1941 1180 1983 pio.

399 1996 423 2014 ⁶⁵
483 1988 573 2025 ‘Quis
596 1990 685 2022 furor
707 1990 740 2022 in
764 1990 882 2022 vestris
907 1992 1075 2034 consurgit
1098 1992 1248 2024 cordibus
1259 1991 1283 2024 Τ
1308 1993 1412 2035 inquit

529 2040 699 2073 ‘Gnoscite
723 2052 776 2074 me
799 2041 957 2074 famulum
981 2043 1140 2085 praesulis
1164 2043 1345 2085 Hartgarii.

480 2092 552 2124 Non
578 2103 650 2125 sum
673 2093 756 2125 latro
780 2094 896 2133 malus,
921 2104 984 2126 non
1009 2104 1080 2126 sum
1104 2094 1293 2127 furunculus
1317 2096 1383 2134 ille,

527 2145 593 2177 Sed
617 2155 688 2177 sum
711 2146 814 2177 multo
838 2146 921 2188 pius,
945 2145 1011 2178 dux
1035 2146 1143 2188 gregis
1168 2147 1318 2178 eximius.

479 2195 514 2228 Si
537 2207 596 2228 vos
619 2196 764 2229 oblectet
786 2197 912 2228 hostem
937 2208 1092 2240 superare
1116 2202 1299 2239 tyrannum,

398 2255 424 2274 ⁷⁰
526 2248 697 2280 Proximus
721 2259 799 2280 ecce
822 2249 906 2290 fugit
928 2249 998 2280 sur:
1022 2252 1192 2281 teneamus
1217 2260 1301 2281 eum.

481 2300 538 2332 Sin
561 2303 671 2332 autem
695 2300 803 2332 rabies
827 2301 928 2332 vestri
951 2311 1132 2343 raucusque
1156 2301 1292 2332 latratus

528 2352 567 2385 In
590 2363 643 2384 me
666 2353 877 2395 tranquillum
900 2353 990 2385 bella
1013 2356 1147 2384 cruenta
1170 2353 1247 2384 ciet:

218 2455 252 2482 34
269 2454 353 2482 *uelle
364 2456 426 2482 loeis
441 2456 463 2482 Ο
536 2455 571 2481 35
582 2456 703 2481 lunarum
717 2456 814 2482 Com-r.
828 2456 920 2489 Haupt
998 2456 1032 2482 3⁴3
1043 2457 1162 2492 archadig
1175 2457 1197 2482 Ο
1271 2456 1305 2481 55
1318 2457 1402 2481 surum
1416 2466 1482 2483 corr.
1496 2458 1518 2482 0
1593 2457 1627 2483 59
1639 2462 1765 2491 repugnat

122 2497 289 2525 wattenbach
374 2499 407 2524 61
420 2499 564 2533 Obstupers
579 2499 601 2524 0
616 2507 683 2524 corr.
703 2499 852 2524 Duemmler

217 2575 252 2602 35
269 2582 305 2608 q.
324 2574 370 2602 Ge.
389 2575 412 2608 L
431 2575 480 2602 397
500 2575 581 2602 lanae
647 2574 759 2602 vellera.
776 2575 809 2601 ib.
830 2575 890 2608 HI,
914 2575 963 2602 391
982 2583 1019 2608 sq.
1040 2575 1154 2601 Munere
1178 2574 1216 2601 sic
1235 2574 1316 2601 niveo
1335 2574 1424 2607 lanae,
1443 2574 1465 2601 si
1485 2574 1594 2602 credere
1613 2575 1765 2610 dignumst,

117 2624 176 2652 Pan
199 2625 266 2653 deu·
289 2626 424 2653 Arcadiae
446 2628 557 2662 captam
581 2628 622 2658 te,
649 2627 740 2658 Luna,
767 2627 876 2653 fefellit.
967 2627 999 2653 {21
1025 2627 1092 2652 Aen.
1112 2626 1130 2652 1
1136 2626 1164 2659 V,
1190 2626 1239 2652 132
1263 2626 1348 2652 odora
1372 2635 1471 2653 canum
1493 2626 1544 2654 vis.
1630 2628 1664 2654 53
1687 2628 1765 2654 salax

116 2676 164 2710 ψ’.
183 2677 270 2711 XXI,
289 2677 334 2710 1⁶1;
353 2681 492 2712 praeterea
509 2687 529 2705 e.
545 2687 569 2713 9.
589 2681 655 2705 Aen.
675 2678 748 2712 XII,
767 2679 816 2705 681
836 2679 938 2705 saltum
957 2678 1036 2705 dedit
1054 2678 1130 2705 ocius
1148 2678 1229 2705 arvis.
1317 2678 1350 2704 54
1368 2678 1434 2704 Am.
1448 2678 1472 2711 Ι,
1486 2678 1537 2704 725
1555 2678 1602 2705 Fit
1619 2679 1765 2713 strepitus;

115 2727 150 2755 fb.
161 2728 216 2763 IX,
230 2729 280 2756 749
299 2730 345 2757 Fit
365 2739 457 2759 sonus.
543 2731 577 2757 56
595 2731 662 2757 Aen.
679 2730 761 2764 V111,
779 2731 831 2758 305
849 2730 990 2757 Consonat
1008 2739 1088 2756 omne
1107 2738 1212 2757 nemus.
1299 2730 1332 2756 57
1351 2730 1443 2756 Amat.
1457 2729 1496 2762 Π,
1515 2730 1567 2756 535
1585 2730 1656 2763 Quid
1675 2739 1766 2757 moror

116 2777 146 2807 in
163 2780 276 2815 parvis?
362 2783 398 2809 58
415 2783 481 2809 Am
501 2781 582 2815 VIII,
600 2782 652 2808 223
669 2781 744 2816 fugit
762 2781 839 2809 ilicet
857 2781 932 2809 ocior
950 2781 1032 2808 Euro.
1120 2782 1153 2807 68
1171 2789 1192 2808 e.
1209 2789 1233 2815 9.
1251 2781 1312 2808 Art.
1330 2789 1381 2808 am.
1401 2781 1424 2815 1,
1442 2781 1493 2808 326
1511 2781 1572 2808 Dux
1590 2781 1692 2816 gregis.
