2138 3106
0 2248 13 2315 r-‘O-
0 2174 11 2210 'u''
0 2160 3 2167 “

858 186 1008 214 MICONIS
1027 188 1161 215 TITULI.
1768 195 1832 225 317

964 342 1052 375 LVI.

615 403 988 441 BENEDICTIONES
1017 405 1109 441 CIBI
1138 406 1236 442 CVM
1264 407 1402 445 POTV.

544 477 612 509 Nos
637 482 670 510 et
694 481 807 510 nostra
829 478 883 511 dei
907 479 1080 511 benedicat
1103 480 1241 513 dextera
1264 482 1358 515 dona.

545 529 694 561 Christus
719 530 912 570 sanctificet,
936 531 1112 563 benedicat
1135 532 1215 564 haec
1239 544 1299 564 sua
1321 533 1415 566 dona.

547 581 597 613 Sit
619 582 721 624 cybus
745 582 916 624 appositus
941 582 1070 614 domino
1094 584 1284 616 benedictus
1308 586 1349 617 ab
1373 586 1454 617 ibso.

543 633 715 676 Appositis
739 633 862 665 Christi
886 634 1061 666 benedicat
1084 635 1221 667 dextera
1244 636 1345 670 donis.

495 693 506 711 ⁵
541 685 611 717 Nos
635 685 754 717 Christi
779 689 877 728 atque
901 697 995 717 suum
1020 687 1192 718 benedicat
1216 688 1352 720 dextera
1376 700 1501 721 munus.

545 736 645 768 Alma
667 736 720 768 dei
742 740 889 768 nostrum
915 737 1090 770 benedicat
1114 739 1251 771 dextera
1274 743 1396 782 potum.

543 788 661 820 Potum
685 799 852 820 servorum
876 789 1051 821 benedicat
1074 790 1211 823 dextera
1235 791 1365 824 Christi.

545 841 736 873 Sauctiflcet
759 845 871 884 potum
897 841 1046 874 Christus
1070 846 1214 874 nostrum
1239 855 1277 875 ac
1301 844 1484 876 benedicat.

949 1065 1054 1098 LVII.

897 1129 913 1165 I
939 1129 971 1165 T
998 1129 1026 1165 E
1056 1129 1104 1165 M.

541 1204 701 1246 Tegmine
725 1204 785 1236 sub
810 1204 865 1236 vili
890 1205 1012 1247 tegitur
1034 1204 1095 1236 hoc
1121 1205 1244 1237 cartula
1267 1206 1349 1245 vilis,

540 1257 579 1288 In
603 1267 666 1299 quo
690 1257 843 1289 versiculi
868 1261 958 1289 recto
982 1257 1051 1288 sine
1074 1258 1203 1289 tramite
1227 1258 1352 1291 ludunt.

939 1479 1062 1511 LVIII.

810 1542 924 1578 ITEM
952 1542 1000 1578 IN
1027 1542 1196 1579 MENSA.

541 1616 693 1660 Corporis
717 1617 770 1649 hic
795 1618 914 1650 victum
940 1628 1072 1649 sumens
1096 1619 1214 1649 mentis
1239 1619 1411 1661 capiatque

584 1668 819 1712 Glorificetque
843 1673 980 1712 patrem,
1005 1670 1083 1701 talia
1105 1665 1159 1712 qui
1183 1670 1305 1701 tribuit.

959 1902 1049 1935 LIX.

858 1966 1145 2004 EPYTAFIVM.

537 2041 686 2084 Exiguus
710 2053 810 2085 parvo
835 2042 1014 2074 tumulatus
1039 2052 1172 2084 corpore
1197 2052 1298 2084 pauso

580 2094 775 2126 Adalelmus
800 2105 861 2136 ego
884 2094 990 2137 pulvis
1014 2094 1045 2125 in
1070 2093 1130 2125 hoc
1154 2093 1288 2125 tumulo.

536 2145 622 2188 Ipse,
646 2156 771 2188 precor,
794 2149 926 2178 maneat
948 2149 1074 2177 tantum
1098 2146 1240 2177 inmotus
1265 2155 1404 2187 quoque,
1427 2144 1530 2176 donec

578 2198 748 2230 Aecensus
772 2198 886 2230 redeat
910 2198 1052 2240 corporis
1076 2197 1118 2229 ad
1141 2197 1294 2239 speciem.

488 2257 499 2275 ⁵
534 2249 606 2281 Hoc
630 2250 792 2292 relegens,
816 2250 928 2289 lector,
952 2260 1077 2281 memor
1100 2252 1170 2281 esto
1194 2249 1320 2291 meique
1343 2249 1469 2290 tuique:

578 2300 673 2341 ‘Qu0‚
691 2301 786 2333 ‹mihi'
811 2301 862 2333 dic
886 2302 1028 2344 ‘requies
1053 2301 1103 2341 sit,
1127 2301 1196 2340 tibi,
1220 2300 1283 2339 sac,
1308 2298 1438 2331 veniat'.

500 2362 502 2364 ’
536 2352 620 2384 Nam
643 2353 747 2395 pridie
772 2353 974 2396 Septembris
997 2351 1126 2385 decessi
1150 2352 1227 2383 Idus
1251 2351 1292 2383 ab
1315 2351 1379 2382 ista

578 2404 672 2436 Vita:
696 2415 782 2436 nunc
806 2405 946 2436 animam
971 2404 1111 2446 suscipe,
1136 2403 1275 2442 Christe,
1298 2412 1412 2434 meam.

273 2565 359 2600 [avr]
377 2560 491 2593 amab
509 2567 535 2592 B
637 2567 654 2592 3
672 2568 745 2593 cibus
764 2576 831 2593 corr.
850 2567 876 2592 Β

274 2660 368 2695 [LV1.]
391 2660 433 2688 De
451 2661 668 2688 Bemdmionum
691 2661 747 2687 ritu
770 2661 818 2694 cfr.
840 2661 875 2688 F.
888 2661 978 2687 Keller
1001 2660 1031 2686 in
1056 2659 1262 2693 Mittheilunqen
1281 2658 1307 2685 d.
1326 2659 1471 2692 Antiquar.
1493 2659 1628 2686 Gesellsch.
1647 2660 1678 2686 in
1703 2660 1818 2687 Zuerich

169 2711 227 2745 111,
239 2713 256 2739 (3
269 2720 299 2746 p.
317 2713 352 2739 99
368 2720 422 2746 sqq.

273 2771 366 2807 [le]
384 2772 538 2799 Adalelmus'
561 2773 670 2807 quidam
692 2773 771 2799 miles
790 2773 816 2799 S.
831 2773 954 2799 Richarii
973 2772 1111 2799 famulans
1134 2771 1167 2797 ab
1186 2771 1316 2804 Huriulso
1335 2770 1431 2797 Chron.
1451 2771 1523 2797 Cent.
1542 2771 1599 2804 III,
1613 2772 1629 2798 3
1651 2779 1683 2797 ex
1705 2771 1817 2805 descrip-

166 2822 236 2850 tione
253 2832 279 2851 α.
297 2823 345 2851 831
364 2823 437 2857 sada
454 2827 622 2851 menmatwr.
