2060 3074
296 135 356 166 738

397 2085 421 2116 3,
434 2085 451 2111 3
469 2087 559 2112 §edera
581 2087 603 2112 O

296 2127 336 2160 11,
350 2127 366 2153 2
385 2130 465 2162 sospit
485 2130 507 2153 C

846 133 868 159 A
874 132 1032 159 PPENDIX
1052 133 1100 160 Αῐ)
1118 133 1392 161 GODESCALOUM.

605 221 634 251 3.
657 218 766 261 Atque
791 218 931 250 creando

634 438 646 456 5

691 270 813 302 caelica
834 280 946 312 regna,

690 322 796 353 sidera
819 322 916 362 clara,

690 384 834 416 aequora
856 374 973 416 glauca

690 435 832 468 arvaque
856 428 972 469 cuncta

690 480 806 519 sponte
828 477 979 519 patravit,
995 508 997 510 .

605 573 635 602 4.
658 569 708 602 Ac
731 571 799 602 sine
822 570 886 602 fine

633 789 645 808 5

690 622 820 653 numine
843 622 969 664 pollens

691 674 780 705 venit
803 674 844 705 ab
868 674 962 705 astris

691 725 817 756 clausus
839 725 872 756 in
895 726 968 758 alvo

690 777 822 819 virginis
845 777 951 808 almae

691 831 778 860 totus
800 828 931 871 ubique,

606 925 634 954 5.
661 923 766 960 Quem
789 924 940 966 pereunti

636 1142 647 1160 5

690 975 764 1007 huic
786 975 872 1007 male
896 975 1016 1007 mundo

692 1027 794 1058 edidit
815 1027 886 1069 ipsa

690 1078 819 1120 integra
841 1089 972 1121 semper

691 1133 798 1162 mater
820 1131 930 1173 opima

691 1182 781 1223 virgo
805 1182 919 1223 Maria,

605 1278 635 1308 6.
661 1275 723 1312 Qui
746 1277 829 1309 bibit
851 1265 1002 1310 ha'ustum

633 1496 645 1514 5

691 1328 804 1360 mortis
827 1339 958 1361 amarae

690 1383 861 1423 morteque
884 1381 970 1413 victa

691 1432 836 1474 fregerat
859 1431 978 1464 Orcum

689 1494 813 1526 nosque
838 1483 991 1516 redemit:

691 1535 732 1567 sit
754 1535 956 1568 benedictus.

606 1632 635 1662 7.
660 1629 757 1662 Cuius
780 1630 939 1663 inundans

690 1683 816 1724 proflua
839 1683 941 1714 sancti

691 1734 797 1775 gratia
819 1735 915 1766 flatus

690 1786 759 1817 iure
783 1786 921 1827 dicandi,

637 1850 648 1867 5
694 1837 796 1869 dulcis
820 1838 934 1878 amice,

608 2129 649 2163 12,
662 2130 679 2155 5
697 2131 830 2157 continent
849 2131 872 2156 0

690 1891 723 1920 te
747 1889 926 1931 benedixit,

668 2088 685 2113 5
703 2087 840 2120 *auraque
860 2088 882 2113 C'
948 2087 966 2114 6
985 2091 1092 2122 sponna
1111 2089 1135 2114 0

939 2130 956 2156 6
973 2132 1036 2157 secli
1053 2131 1134 2157 wilm
1151 2133 1269 2158 extremis
1287 2133 1378 2159 lineo-in
1394 2134 1498 2160 incertis
1516 2134 1540 2159 C'

1246 221 1276 253 8.
1298 219 1342 252 Et
1364 220 1423 252 tibi
1446 219 1570 252 donans

1330 275 1423 303 terna
1444 271 1494 304 bis
1517 273 1604 304 altae

1333 323 1419 355 dona
1441 320 1576 367 sophiae

1332 385 1370 407 ac
1392 376 1494 408 semel
1515 387 1614 408 unum

1275 439 1286 457 5
1331 426 1493 469 dogmatis
1517 428 1620 460 omnis

1332 479 1422 510 fonte
1445 479 1593 522 replevit.

1247 572 1276 603 9.
1299 570 1384 603 Nam
1407 572 1467 604 tibi
1489 574 1588 606 servit

1333 633 1445 655 sensus
1467 627 1591 665 acutus,

1333 678 1483 718 prompta
1505 677 1646 719 loquela,

1335 730 1466 758 nectare
1488 727 1586 770 plena

1277 790 1289 809 ⁵
1333 779 1428 821 copia
1450 789 1578 821 prosae,

1333 830 1468 862 metrica
1491 830 1594 863 Musa.

1232 926 1279 956 10.
1302 924 1402 956 Plura
1424 924 1501 968 quid
1523 925 1674 968 inquam?

1333 986 1439 1008 sermo
1463 977 1586 1009 referre

1334 1038 1398 1059 non
1421 1029 1508 1060 valet
1532 1039 1628 1061 omne

1331 1079 1459 1122 pondus
1482 1081 1610 1122 amoris,

1279 1143 1292 1162 a
1336 1131 1423 1174 quod
1445 1134 1536 1164 tenet
1557 1133 1662 1175 ipsum

1334 1184 1475 1226 pectoris
1497 1187 1634 1217 antrum.

1233 1280 1281 1310 11.
1304 1277 1392 1320 Ergo
1417 1278 1525 1320 vigeto

1335 1330 1456 1372 sospite
1479 1331 1547 1362 vit'a

1279 1421 1282 1424 Δ
1333 1382 1429 1413 stella
1451 1382 1617 1425 refulgens

1333 1433 1413 1465 lucis
1436 1433 1478 1465 ad
1501 1434 1610 1475 instar,

1278 1497 1290 1516 ε»
1334 1484 1448 1517 doctor
1469 1486 1596 1528 opimus

1335 1536 1451 1579 dignus
1473 1537 1607 1571 honore.

1234 1634 1281 1664 12.
1305 1631 1469 1676 Prospera
1491 1636 1606 1666 cuncta
1650 1655 1652 1657 ·

1337 1683 1394 1716 det
1415 1684 1474 1716 tibi
1497 1684 1654 1727 Christus,

1336 1736 1390 1778 qui
1413 1738 1511 1779 super
1533 1740 1658 1770 aetram

1293 1784 1296 1786 ’
1335 1791 1464 1830 sceptra
1486 1792 1622 1831 paterna

1280 1851 1292 1870 a
1337 1840 1480 1872 continet
1502 1842 1589 1872 omni

1335 1894 1484 1935 tempore
1507 1893 1615 1925 saecli.

1381 1953 1487 1976 amen.

1228 2088 1253 2122 5,
1268 2089 1281 2114 l
1300 2089 1366 2124 *per
1383 2091 1440 2116 nuti
1460 2090 1483 2115 C'

1575 2091 1629 2124 6‚3
1646 2101 1726 2118 mnu
1744 2093 1829 2118 altera
1846 2093 1909 2119 aad.
1930 2093 1954 2120 G'
2008 2101 2011 2110 ⁷

1893 2807 1935 2886 ‘effi
