2040 2996
0 2200 10 2259 ,ψ’

149 712 623 794 SEDULII
677 711 1091 795 SCOTTI
1150 713 1713 796 CARMINA.

209 885 333 937 Sedeai
354 900 451 933 vitam
474 911 535 941 quo
557 900 664 932 minus
685 910 867 932 enarrarem
889 901 933 932 ad
954 903 1075 941 tempus
1091 900 1259 941 impeditus
1281 900 1399 933 codices
1421 901 1472 932 hic
1486 901 1655 933 describere
1675 902 1755 933 satis

105 955 220 996 putavi
241 955 356 996 quibus
375 955 516 997 facultas
537 956 626 988 nobis
647 956 746 988 datur
767 956 812 988 ad
831 967 940 988 versus
961 957 1030 989 eius
1051 957 1273 998 coqnoscendos
1294 959 1323 989 ct
1345 957 1484 989 edendos.

210 1007 238 1039 Ι.
275 1007 370 1040 Liber
400 1008 456 1048 qui
482 1010 528 1040 est
553 1008 591 1040 de
618 1008 789 1040 rectoribus
815 1007 1014 1041 Christianis
1041 1011 1070 1040 ct
1092 1009 1342 1040 convenientibus
1369 1008 1484 1049 reyulis
1505 1009 1619 1049 quibus
1641 1012 1686 1041 est
1707 1020 1756 1041 res

101 1058 232 1099 publia»
261 1059 321 1091 rite
343 1059 551 1100 quom-nanda
580 1060 681 1092 tribus
707 1060 865 1093 codicibus
883 1061 1067 1101 posteritati
1095 1061 1235 1092 traditus
1262 1063 1307 1092 est
1334 1071 1412 1101 quos
1439 1061 1619 1093 Duemmler
1648 1061 1689 1093 N.
1713 1061 1754 1093 A.

107 1111 175 1150 III,
196 1114 260 1144 188
283 1113 493 1152 enumeravit,
525 1113 669 1145 carmina
695 1116 800 1145 tamen
828 1113 943 1154 quibus
969 1124 1050 1154 quae
1078 1124 1199 1154 quoque
1226 1113 1328 1153 capite
1356 1113 1500 1145 breviter
1530 1112 1604 1144 stilo
1635 1113 1756 1156 prosali

107 1163 195 1196 dicta
222 1167 297 1196 sunt
330 1164 439 1208 aliqua
465 1175 618 1197 versuum
651 1164 823 1197 dulcedine
855 1164 1092 1197 concluduntur
1119 1167 1250 1206 praeter
1284 1175 1345 1205 req.
1373 1164 1442 1196 bibl.
1471 1163 1665 1196 Berolinens.
1694 1164 1757 1206 (B)

107 1227 132 1247 s.
156 1215 238 1248 ΧΠ.
269 1216 334 1248 cod.
365 1216 453 1249 theol.
484 1215 538 1248 lat.
561 1218 626 1248 368
654 1216 691 1248 in
719 1227 780 1257 quo
801 1217 945 1257 primum
967 1216 1042 1248 huic
1069 1217 1201 1249 editioni
1228 1227 1250 1248 a
1275 1215 1429 1249 Gulielnw
1452 1215 1656 1249 Wattenbach
1685 1226 1757 1248 con-

101 1269 258 1308 paratum
280 1270 383 1300 exstat
403 1267 429 1309 f.
445 1269 497 1300 77¹
520 1278 607 1300 unus
629 1267 736 1300 omnia
757 1267 878 1300 exth
899 1267 1073 1300 Palatinus
1089 1269 1151 1300 591
1174 1268 1273 1300 chart.
1295 1279 1321 1300 s.
1337 1267 1412 1300 XV.
1432 1267 1501 1309 (P).
1550 1267 1758 1300 Continentur

106 1321 213 1351 autem
239 1330 273 1352 eo
312 1321 347 1362 1)
370 1330 527 1352 canonum
554 1319 689 1352 collectio
717 1319 825 1361 quales
847 1322 1017 1352 occurrunt
1044 1321 1080 1352 in
1102 1319 1342 1359 Reifferscheidi
1363 1322 1392 1352 et
1413 1319 1581 1352 Maasseni
1602 1320 1758 1352 indicibus

106 1370 161 1412 fol.
176 1373 195 1402 1
219 1370 467 1412 INCIPIVNT,
490 1371 852 1411 ECCLESMS'HOE,
879 1371 1062 1404 REGVLE
1091 1372 1282 1405 Sanctorum
1311 1372 1530 1415 apostolorum
1552 1372 1677 1415 prolate
1700 1382 1758 1414 per

109 1423 227 1456 cletem
255 1423 329 1465 (loq.
353 1423 574 1466 Clementem)
596 1442 637 1447 —
658 1424 683 1464 f.
699 1424 751 1456 53¹
773 1434 909 1456 canmws
935 1424 1048 1457 concili
1079 1423 1350 1466 Gartlmyinievwis
1377 1423 1401 1464 f.
1424 1423 1465 1455 54
1493 1423 1529 1456 Si
1555 1423 1627 1466 quis
1656 1423 1756 1455 forni-

109 1478 201 1507 catus
230 1475 329 1508 fuerit
358 1487 430 1508 cum
461 1475 587 1508 duabus
620 1475 786 1508 sororibus
815 1495 853 1500 —
883 1476 1050 1508 innoxium
1082 1476 1235 1509 occidunt
1267 1486 1365 1519 quem
1393 1475 1536 1517 huitisga
1565 1475 1654 1517 ligna
1683 1475 1758 1515 (sic)

108 1526 283 1559 morditum
306 1527 448 1560 vocant&
487 1529 524 1569 2)
545 1527 677 1560 libellus
701 1538 778 1560 cure
801 1528 975 1571 pastoralis
998 1528 1020 1560 i.
1043 1539 1068 1560 e.
1092 1528 1129 1560 de
1151 1528 1303 1569 diynitatc
1325 1526 1512 1562 sacerdotali
1526 1527 1572 1559 ed.
1588 1526 1668 1559 Ben.
1684 1537 1758 1567 am).

101 1588 138 1618 Ρ.
155 1578 220 1611 537
240 1578 328 1612 beuti
350 1578 517 1612 Ambrosii
539 1579 563 1620 f.
580 1579 718 1612 55—61
762 1581 798 1618 3)
821 1579 1027 1622 Augustinus
1055 1580 1095 1613 de
1127 1580 1313 1624 pastoribus
1345 1582 1374 1612 et
1403 1579 1549 1612 eiusdem
1577 1579 1617 1611 dc
1641 1579 1758 1611 ouibus

110 1630 131 1662 i.
147 1641 172 1662 e.
194 1641 293 1664 sermo
315 1633 358 1663 46
372 1643 417 1672 sq.
438 1631 462 1672 f.
481 1632 608 1664 62-99
637 1631 785 1675 Explicit
814 1632 898 1665 liber
921 1644 947 1664 s.
971 1632 1147 1675 Augustini
1171 1632 1211 1664 dc
1235 1632 1351 1664 ouibus
1375 1631 1513 1674 scriptus
1537 1633 1570 1663 ct
1592 1632 1758 1663 correctus

110 1681 151 1714 de
182 1683 360 1726 exemplari
383 1683 614 1727 Hirsaugiensi
658 1685 695 1726 4)
717 1682 867 1716 Sedutius
893 1695 984 1726 quem
1005 1685 1175 1726 Augustus
1197 1684 1284 1716 Mau
1305 1687 1334 1716 et
1355 1694 1407 1725 eqo
1429 1682 1627 1721 contulimus,
1645 1681 1704 1724 fol.
1717 1682 1758 1713 99

109 1735 178 1767 sine
200 1734 292 1767 titulo
307 1735 476 1768 INCIPIT
492 1735 655 1768 OPERIS
671 1735 897 1769 PREFACIO
915 1735 1254 1774 SVBSEQVENTIS
1278 1735 1384 1768 Omne
1408 1734 1623 1767 ministerium
1645 1736 1699 1766 etc.
1716 1752 1757 1757 —

109 1786 134 1826 f.
156 1788 220 1819 130
246 1786 392 1830 Explicit
424 1787 571 1820 sedulius
598 1787 638 1820 de
665 1788 671 1829 Ι
698 1788 856 1830 regimine
885 1788 1067 1832 principum
1096 1788 1100 1830 Ι
1132 1808 1138 1814 -
1160 1789 1267 1820 1472-
1294 1787 1299 1830 Ι
1348 1787 1383 1826 5)
1406 1786 1559 1826 Bonifaci
1580 1785 1759 1826 aenigmata

110 1836 169 1878 cfr.
184 1841 268 1878 poet.
291 1839 404 1872 Karol.
427 1839 455 1878 I,
470 1842 492 1872 3
513 1842 543 1872 et
565 1839 607 1872 N.
627 1839 668 1872 A.
691 1839 753 1880 IV,
771 1840 812 1871 99
833 1840 857 1881 f.
875 1842 1055 1872 131—137‘
1079 1840 1131 1881 (in
1155 1840 1219 1880 fine
1240 1838 1400 1872 Aldhelmi
1420 1849 1529 1870 versus
1550 1838 1643 1870 iidem
1658 1837 1759 1877 positi

110 1892 187 1922 sunt
208 1890 265 1930 qui
286 1890 323 1922 in
348 1890 377 1924 C
387 1894 471 1932 poet.
495 1890 607 1924 Karol.
640 1890 660 1923 l.
680 1901 706 1923 c.
721 1902 757 1932 p.
775 1891 832 1930 15)
866 1893 901 1934 6)
923 1892 1149 1933 eqriqramzmata
1174 1890 1362 1924 Christwna
1383 1900 1422 1922 exc
1444 1889 1602 1930 lapidibus
1623 1888 1759 1921 conlecta

113 1941 250 1984 Suscipe
273 1945 361 1975 terra
383 1946 439 1975 tuo
461 1954 488 1975 v.
512 1943 549 1975 de
571 1943 667 1976 Rossi
687 1954 739 1984 ap.
756 1943 890 1976 Leonem
913 1944 959 1976 ed.
976 1943 1065 1976 Fert.
1082 1954 1119 1984 p.
1134 1942 1264 1975 XXVI
1273 1945 1295 1975 3
1315 1942 1513 1975 Pontificalis
1536 1952 1622 1985 apex
1640 1940 1759 1973 Gruter

104 2003 142 2034 11·
164 1995 257 2033 1164,
279 1996 300 2026 6
325 1995 400 2027 Lux
427 1995 569 2028 archana
592 1995 645 2028 dei
669 1995 706 2028 de
729 1995 824 2028 Rossi
846 1995 866 2028 l.
888 2007 912 2028 c.
931 1998 953 2028 1-
972 1995 1111 2028 Lumine
1137 1994 1195 2027 sed
1218 2005 1336 2037 magno
1359 1995 1396 2027 de
1419 1994 1551 2026 Rossi2
1572 1992 1758 2035 Ingrederis

112 2045 258 2088 quisquis
280 2046 327 2079 cd.
349 2047 433 2079 Mai.
456 2046 557 2088 spicil.
574 2047 664 2080 Rom.
689 2047 784 2086 VIII,
801 2049 851 2087 69,
865 2050 885 2079 1
909 2048 1056 2091 quamvis
1080 2047 1168 2079 clara
1190 2045 1271 2078 fides
1287 2045 1370 2078 Mai.
1393 2046 1500 2086 script.
1523 2047 1579 2077 vet.
1603 2045 1637 2083 V,
1654 2044 1725 2083 105,
1738 2046 1759 2075 4

112 2097 152 2129 In
175 2109 251 2131 arca
273 2109 372 2142 supra
395 2109 512 2143 corpus
536 2110 561 2132 Β.
577 2099 667 2132 Petri
682 2099 758 2132 Mai
775 2099 876 2141 spicil.
899 2099 919 2132 l.
935 2111 960 2132 c.
978 2101 1000 2131 2
1014 2099 1151 2132 Iusticic
1174 2098 1255 2131 fides
1268 2097 1352 2130 Mai.
1368 2097 1474 2138 script.
1497 2100 1553 2129 vet.
1577 2096 1596 2128 l.
1612 2107 1637 2129 c.
1655 2096 1726 2134 105,
1737 2099 1759 2127 3

113 2149 240 2183 Scande
263 2153 434 2184 cantantes
463 2151 696 2193 (ineditum?)²
724 2151 763 2184 In
791 2152 897 2185 fronte
926 2152 1012 2184 foras
1043 2151 1076 2183 in
1099 2150 1238 2183 ccclesia
1262 2150 1294 2182 S.
1318 2149 1408 2182 Petri
1430 2149 1513 2181 Mai.
1536 2147 1636 2189 spicil.
1660 2147 1679 2179 l.
1696 2159 1720 2179 c.
1737 2149 1759 2179 3

113 2201 246 2235 Credite
267 2202 408 2236 victuras
435 2203 473 2236 de
494 2203 591 2236 Rom·
607 2205 628 2235 7
650 2203 714 2241 Qui
741 2204 833 2246 regni
861 2205 970 2236 claves
993 2203 1068 2235 Mai
1089 2202 1196 2243 script.
1220 2204 1277 2234 vet.
1299 2200 1318 2233 l.
1341 2202 1454 2239 c.106‚
1470 2201 1499 2231 1.
1544 2201 1579 2242 7)
1601 2198 1759 2231 Aldhelmi

217 2349 243 2383 1)
259 2349 304 2382 sol.
325 2351 349 2376 8⁴
363 2351 425 2384 post
441 2349 537 2377 concili
555 2349 671 2377 Nieaem‘
687 2349 806 2384 capitula
823 2349 909 2376 scriba
926 2349 1060 2383 loquitur.-

575 2401 654 2429 Sicut
671 2401 819 2436 naviganti
838 2401 927 2428 dulcis
946 2402 988 2428 est
1006 2402 1110 2436 portus,

574 2454 619 2481 lta.
636 2453 770 2481 scribenti
789 2453 955 2480 novissimus
974 2461 1075 2479 versus.

579 2505 678 2540 Sospes
697 2513 804 2540 semper
823 2513 874 2532 ave
894 2504 967 2538 (seu)
989 2504 1048 2531 sine
1066 2504 1120 2530 fine
1138 2502 1208 2530 vale.

576 2555 751 2590 Ubicumque
770 2564 873 2587 manes,
893 2555 931 2582 sit
949 2556 1040 2582 tecum
1059 2553 1155 2589 gracia
1173 2553 1284 2580 Christi.

574 2608 607 2635 In
626 2607 754 2635 omnibus
772 2607 853 2634 rebus
872 2615 980 2642 semper
999 2606 1096 2634 modus
1115 2605 1237 2640 optimus
1255 2605 1315 2632 erit.

114 2660 142 2691 2)
161 2659 192 2686 ln
211 2659 300 2694 gradu
318 2660 408 2687 sancti
426 2659 502 2687 Petri
520 2659 569 2687 ubi
587 2659 699 2694 legunt:

439 2711 600 2746 Scand(it)e
617 2712 764 2739 cantantes
783 2711 896 2738 domino
915 2710 1114 2744 dominumque
1133 2709 1270 2743 legentes:
1289 2710 1333 2743 [ex
1351 2709 1419 2742 alto]

543 2763 583 2791 Ex
601 2763 661 2790 alto
679 2763 792 2799 populis
811 2763 895 2790 verba
913 2771 1032 2798 superna
1050 2763 1156 2789 sonent.
