2060 3074
747 151 945 179 EPICEDIUM
965 133 1228 181 HATHUMoDAE.
1752 159 1814 190 385

524 237 597 269 Stat
621 238 710 269 locus
734 238 801 278 ille,
825 239 879 270 dei
902 250 998 281 quem
1023 240 1202 273 tradiderat
1225 241 1420 282 famulabus,

567 289 661 326 Quae
686 299 744 331 pro
769 300 804 321 se
830 290 923 331 iuges
948 290 1139 322 continuant
1162 292 1321 324 lacrimas.

451 353 488 372 5⁶5
526 339 589 372 Hic
615 340 734 372 chorus
759 341 814 372 ille
838 341 927 377 cluit.
953 352 1049 383 quem
1073 343 1200 384 pridem
1226 344 1353 377 solvere
1377 348 1486 387 grates

564 392 628 423 Pro
653 403 688 424 se
711 392 836 424 salvato
863 393 991 424 viderat
1015 394 1085 436 ipse
1111 394 1183 426 deo.

522 443 612 476 Vidit
636 444 721 476 enim
745 444 776 475 in
801 445 924 476 somnis
950 445 982 476 in
1006 446 1148 477 maceria
1171 446 1268 478 nimis
1293 448 1360 479 alta

567 495 610 527 Se
634 496 860 527 nutabundum
885 500 972 528 stare
998 497 1076 528 satis
1101 498 1274 540 trepidum,

522 548 669 590 Cumque
694 552 865 590 putaretur
889 549 981 590 quasi
1007 549 1179 580 confestim
1203 550 1379 591 periturus,

407 639 413 640 ἶ
445 611 483 631 570
562 599 733 636 Quendam
757 600 915 630 clamasse
940 600 1088 642 protinus
1116 611 1133 632 e
1158 601 1261 633 latere
1286 620 1327 624 ·—

522 651 603 683 ‘Vae
626 651 745 682 misero
769 651 844 682 iam'
870 651 974 693 inquit
999 651 1142 686 *ruitura
1171 653 1234 684 iam
1259 653 1414 695 perituro.

562 701 632 733 Nec
657 712 732 744 spes
756 702 823 733 ulla
847 702 907 734 sibi
933 703 995 734 iam
1021 704 1141 745 poterit
1163 703 1266 737 fieri':

519 754 571 786 Ad
595 754 676 786 haec
700 755 754 786 ille
778 755 840 786 fide
864 755 976 796 plena:
1003 755 1085 787 *Non
1109 756 1154 787 sic
1178 755 1259 791 erit,'
1284 757 1388 799 inquit

563 805 639 838 *Sed
664 816 738 848 spes
762 816 895 848 prorsus
919 806 988 839 erit.
1013 807 1038 837 si
1063 806 1144 838 deus
1168 807 1237 848 ipse
1262 806 1351 838 velit'
1370 820 1426 840 —2

447 870 484 890 ππ)
523 858 578 890 Sic
602 857 687 900 pede
710 857 842 900 delapso
867 869 903 889 se
927 857 1106 889 demissum
1130 857 1377 901 pedetemptim,

563 909 678 941 Donec
702 909 766 940 iam
791 914 896 941 terrae
921 910 1088 951 proximus
1112 910 1183 952 ipse
1206 910 1306 943 foret:

519 961 611 993 Tunc
636 952 718 995 nisu}
743 971 806 1003 quo
832 961 1026 1003 praevaluit,
1052 973 1087 993 se
1112 961 1275 994 desiliisse

562 1012 605 1044 Et
628 1017 717 1044 recto
742 1016 878 1055 utroque
903 1013 964 1044 rite
989 1013 1119 1045 stetisse
1145 1012 1242 1056 pede:

520 1065 584 1097 Hic
608 1069 735 1097 coetum
761 1075 914 1106 magnum
939 1065 1041 1096 versis
1066 1065 1213 1097 faciebus
1239 1065 1280 1097 ad
1306 1069 1413 1097 ortum

444 1130 482 1150 aso
562 1116 681 1148 Grates
704 1115 779 1147 inde
805 1116 858 1158 pio
883 1126 958 1147 mox
983 1116 1134 1148 retulisse
1159 1116 1235 1148 deo.

518 1168 608 1200 Vidit
632 1168 704 1199 huic
728 1168 826 1200 alium
851 1178 915 1199 non
939 1167 1132 1199 dissimilem
1156 1168 1223 1200 fere
1249 1169 1370 1200 visum:

564 1220 600 1252 In
624 1220 757 1251 nimium
781 1220 870 1251 celsa
894 1220 994 1251 affore
1018 1231 1052 1251 se
1075 1220 1205 1256 frutice,

520 1271 667 1314 Cumque
691 1272 858 1304 videretur
882 1272 971 1303 velut
995 1283 1036 1304 cx
1062 1272 1128 1303 alto
1155 1273 1309 1305 ruiturus.

562 1323 732 1360 Quendam
756 1323 878 1355 dixisse
903 1324 948 1354 sic
973 1323 1104 1355 sibimet
1127 1324 1252 1356 subito:

443 1389 480 1407 aar,
522 1376 555 1408 Si
580 1386 714 1415 ramum,
738 1375 792 1418 qui
817 1375 1043 1418 praemodicus
1071 1375 1132 1406 sibi
1157 1376 1324 1418 proximus
1350 1380 1449 1411 esset,

562 1427 704 1459 Fortiter
726 1427 884 1459 ambabus
908 1427 1096 1469 conciperet
1120 1427 1281 1466 manibus,

520 1479 563 1511 Se
587 1479 667 1511 nihil
691 1478 883 1511 omnimodis
908 1489 1081 1522 passurum
1106 1489 1223 1522 nempe
1248 1479 1363 1522 pericli

560 1530 629 1562 Nec
652 1530 729 1572 quid
753 1540 884 1573 prorsus
909 1530 939 1562 ei
962 1541 1059 1573 posse
1084 1530 1160 1562 mali
1185 1530 1276 1562 fieri:

517 1582 610 1620 Quod
634 1593 707 1615 cum
731 1583 871 1618 fecisset,
897 1593 932 1614 se
957 1582 1114 1625 paulatim
1137 1581 1212 1614 inde
1238 1582 1342 1614 ruisse

443 1648 481 1667 5⁹0
560 1634 629 1667 Neo
652 1635 781 1667 sibimet
802 1634 870 1666 fieri
894 1634 971 1676 quid
996 1626 1140 1676 potuisse
1165 1634 1259 1670 mali;

518 1686 609 1718 Tunc
632 1687 749 1719 iterum
773 1690 911 1721 coetum,
935 1689 970 1717 ut
993 1685 1070 1723 dixi,
1095 1696 1288 1717 conversum
1312 1685 1353 1717 ad
1378 1686 1502 1727 c(o)um

562 1738 692 1770 Laudes
716 1737 854 1770 salvanti
879 1737 1085 1769 concinuisse
1109 1737 1183 1769 deo.

520 1789 657 1822 Viderat
680 1789 742 1822 hoc
765 1800 844 1821 sane
868 1789 979 1831 paucis
1004 1789 1093 1831 prius
1117 1788 1188 1830 ipse
1215 1787 1344 1828 diebus,

563 1841 669 1878 Quam
691 1842 776 1874 foret
800 1841 956 1880 infirmus,
980 1851 1078 1872 sanus
1102 1839 1208 1872 adhue
1231 1840 1376 1882 penitus.

443 1906 479 1925 5⁹5
517 1893 609 1926 Haec
633 1892 710 1936 quid
733 1892 940 1936 portendant,
965 1893 1049 1924 bene
1074 1902 1131 1924 vos
1155 1891 1327 1924 advertere
1351 1892 1450 1934 quitis

563 1945 605 1977 Et
628 1945 709 1977 haec
734 1945 819 1977 inter
843 1955 879 1976 se
901 1955 965 1976 non
990 1944 1058 1975 fore
1082 1943 1236 1986 disparia.

520 1997 606 2039 Ergo
629 1996 705 2039 quid
729 1997 762 2028 in
786 2007 876 2028 muro
900 1996 1019 2028 renitet
1042 1996 1103 2027 nisi
1127 1996 1215 2027 celsa
1238 1997 1394 2038 potestas,

561 2049 635 2085 Qua
658 2052 733 2080 tunc
758 2049 906 2080 sublatus
931 2047 1086 2090 ipse-fuit
1108 2047 1262 2090 penitus?

519 2099 631 2132 Murus
655 2100 741 2132 enim
763 2100 869 2132 factus
892 2099 933 2131 de
957 2099 1046 2131 saxis
1070 2098 1217 2141 pluribus
1241 2101 1342 2130 extat.

441 2165 480 2183 sou
560 2151 652 2183 Sicut
675 2155 746 2184 erat
768 2152 879 2183 multis
903 2151 1004 2183 fultus
1028 2150 1080 2182 hic
1104 2150 1277 2182 asseculis.

453 2243 458 2248 .
517 2203 582 2236 Sed
606 2203 659 2236 hie
683 2203 716 2235 in
740 2213 865 2235 summo
890 2213 1054 2234 murorum
1079 2201 1220 2234 culmine
1245 2201 1363 2239 stabat,

561 2254 654 2292 Quod
677 2255 789 2290 multis
812 2265 896 2287 unus
920 2254 987 2286 dux
1010 2255 1116 2286 fuerat
1140 2253 1282 2296 positus;

518 2307 560 2339 Et
582 2308 658 2350 quia
681 2307 799 2339 salvari
822 2307 941 2339 meruit
964 2309 1041 2338 tunc
1065 2305 1197 2348 spiritus
1221 2305 1303 2343 cius,

562 2358 642 2390 Indo
667 2369 764 2391 ruens
789 2358 888 2390 rectis
913 2358 1103 2389 constiterat
1127 2356 1278 2399 pedibus.

440 2424 478 2442 50³
516 2409 610 2442 Unde
634 2411 725 2442 locus
750 2413 869 2447 vester,
894 2419 991 2452 quem
1016 2408 1155 2440 fundans
1179 2408 1327 2447 initiavit,

561 2462 612 2494 Ob
635 2461 719 2493 hune
743 2461 904 2493 salvatum
929 2461 1090 2503 glorificat
1112 2459 1289 2492 dominum.

517 2513 587 2545 Nec
611 2512 672 2544 hoc
695 2512 852 2544 dissimile
877 2515 935 2550 cst,
960 2511 1045 2554 quod
1070 2511 1226 2554 posthaec
1251 2510 1321 2552 ipsc
1347 2509 1488 2549 videbat,

561 2564 625 2596 Sed
650 2564 719 2596 fore
743 2563 827 2595 hunc
852 2564 956 2595 visum
980 2563 1096 2595 edocet
1119 2562 1298 2594 indubium.

517 2617 623 2648 Arbor
646 2615 742 2654 enim,
767 2626 849 2658 quac
874 2615 963 2647 celsa
986 2615 1066 2646 satis
1091 2614 1196 2646 fuerat
1221 2613 1282 2645 sibi
1307 2613 1387 2645 visa.

441 2680 480 2699 ειο
559 2667 673 2699 Ramis
697 2668 823 2707 crectis,
847 2668 926 2699 flore
949 2667 1069 2699 decora
1092 2667 1182 2706 satis,

255 2760 307 2787 565
325 2770 400 2787 corus
419 2762 443 2787 B
522 2763 574 2789 568
591 2764 640 2789 Sed
659 2763 684 2788 B
702 2772 768 2788 corr.
788 2763 862 2789 ,Ρη-ιε
937 2762 988 2788 582
1006 2763 1074 2788 oelsa
1092 2763 1127 2788 nic
1146 2762 1171 2787 B
1249 2761 1300 2788 588
1318 2763 1356 2787 Ne
1374 2762 1399 2786 B
1417 2771 1483 2788 corr.
1502 2761 1556 2789 Pez
1634 2763 1683 2790 591
1703 2771 1762 2789 eum
1782 2763 1807 2787 B

153 2812 220 2830 corr.
240 2803 313 2830 Pera
416 2803 468 2830 609
486 2807 544 2831 fuer
562 2805 588 2830 B

256 2854 359 2883 Poma
377 2863 460 2882 ιΛτιιιι
479 2856 537 2884 avi
555 2856 679 2884 cmoum
698 2856 747 2889 ΙΙΙ,
760 2856 784 2884 2.
1563 2855 1598 2884 49
