2092 3094
101 430 138 448 405

99 670 137 689 410

277 193 338 223 294
882 192 1050 218 CARMINA
1069 192 1332 220 CENTULENSIA.

177 276 438 308 VATICINOR'
548 287 667 312 metrum
687 286 857 312 falleuchum
876 295 908 313 ex
928 287 1003 320 pond
1023 307 1028 313 .
1049 286 1136 313 dactil
1156 307 1162 313 .
1182 289 1211 313 et
1229 286 1318 313 tribus
1337 286 1465 313 trocheis.

175 327 407 360 VMBILICO-
548 329 647 361 Nullo
662 354 670 362 .
687 330 825 361 crassior
841 355 848 362 .
865 335 900 361 ut
924 330 965 361 sit
980 355 987 362 .
1005 330 1095 362 umbi
1112 355 1118 361 .
1134 331 1205 362 lieo.
1519 324 1723 363 MAROIAE

548 380 623 407 Secti
642 402 648 407 .
667 380 774 414 podicis
793 401 799 407 .
819 389 906 415 usque
926 381 962 407 ad
982 402 987 408 .
1007 381 1177 408 umbilicum.

546 423 582 450 Et
601 432 652 457 pru
673 444 678 450 .
696 424 734 450 rit
752 426 847 450 tamen
867 445 872 451 .
892 433 979 458 usque
998 425 1034 451 ad
1054 445 1059 451 .
1079 424 1250 451 umbilicum.

546 466 601 492 Vix
619 466 782 493 umbilicum
800 467 890 493 multa
909 469 1037 502 opertum
1056 467 1151 494 fascia.
1518 466 1742 494 MARCIANVS.

174 508 364 540 VIRITIM·
545 510 698 541 Protinus
722 510 876 542 adscribit
898 508 982 543 <ratis
1006 512 1190 553 populoque
1215 511 1344 542 viritim.
1517 509 1752 543 ALCHIMVS

174 559 385 591 VESTJNIS
545 563 692 604 inpulsus
716 564 809 604 aquis
834 563 1016 605 radensque
1041 564 1170 597 salerni.
1517 555 1607 593 LV&

173 612 394 643 VENETVS·
547 613 601 645 Sic
626 618 761 646 venetus
787 618 960 657 stagnante
984 615 1068 657 pado
1092 615 1231 657 fusoque
1254 615 1434 646 britannus.
1517 606 1610 644 LV&

173 663 409 695 VASOONES
544 665 627 697 haec
650 666 737 697 fama
760 670 811 698 est
834 667 996 698 alimentis
1020 667 1139 698 talibus
1164 667 1250 698 olim.
1517 659 1690 696 IVVENE

172 714 391 746 VAPORAN
395 715 427 746 S·

173 773 421 820 ZODIACVM
543 788 627 820 hunc
650 790 740 830 greci
766 790 908 822 vocitant
932 791 1098 832 nostrique
1123 791 1224 822 latini.
1518 789 1682 822 CICERO

172 840 365 871 ZIZANIA·
543 841 594 872 De
620 842 744 873 satione
769 842 822 874 dei
847 843 971 874 zizania
993 844 1093 874 vulsit
1116 854 1237 875 amara.
1516 836 1637 874 FORT

421 1851 493 1888 post
516 1851 557 1880 44
582 1849 652 1892 (26)

859 902 983 933 FINIT
1007 902 1121 934 OPUS
1147 902 1344 934 MICONIS.

642 1030 718 1072 Ipse
743 1031 850 1062 Micon
873 1041 993 1073 paucos
1018 1032 1127 1063 studui
1150 1031 1326 1074 decerpere
1350 1032 1448 1063 sticos

687 1083 831 1124 Alfaque
855 1094 914 1124 per
938 1083 1048 1115 betum
1072 1084 1172 1125 figere
1196 1084 1410 1125 marginibus,

643 1134 784 1166 Nomina
808 1135 977 1166 doctorum
1001 1135 1097 1166 simul
1122 1146 1139 1167 e
1164 1135 1292 1167 diverso
1316 1139 1440 1175 notare,

686 1186 731 1218 Ut
754 1187 840 1218 foret
863 1188 1010 1218 accensis
1035 1187 1209 1229 suffugium
1234 1188 1355 1229 pueris.

604 1244 614 1261 ⁵
644 1238 709 1269 Sed
733 1242 842 1270 tamen
866 1238 935 1274 hos,
960 1239 1074 1277 lector,
1098 1239 1187 1281 vigili
1212 1243 1246 1271 tu
1270 1243 1380 1271 mente
1405 1243 1558 1280 retracta,

687 1289 731 1321 Ut
754 1293 866 1321 teneas
890 1294 980 1322 recta
1003 1301 1040 1322 ac
1065 1291 1246 1332 reprobe(s>
1271 1302 1388 1323 nocua.

643 1342 687 1372 At
711 1342 737 1372 si
761 1342 952 1383 profuerint,
976 1342 1105 1384 placeat
1128 1343 1246 1375 iterare
1270 1342 1430 1384 legendo;

687 1392 745 1424 Sin
770 1403 845 1424 vero
869 1393 1012 1432 minime,
1038 1394 1079 1425 sit
1102 1394 1162 1425 tibi
1186 1404 1264 1425 cura
1287 1394 1380 1427 levis.

643 1444 753 1476 Unum
778 1448 809 1476 te
833 1445 952 1487 rogito:
981 1455 1106 1477 memor
1130 1456 1205 1477 esse
1230 1446 1295 1477 mei
1319 1455 1447 1488 quoque
1472 1456 1603 1488 semper

592 1512 616 1530 10
686 1496 842 1539 Digneris
868 1497 989 1528 sanctis
1013 1497 1111 1539 inque
1135 1497 1198 1529 tuis
1222 1497 1387 1539 precibus.

1073 1730 1115 1762 ΙΙ.

998 1789 1189 1822 APRILIS.

726 1850 822 1883 Senis
845 1851 988 1883 Richarii
1014 1852 1131 1883 colitur
1154 1851 1272 1883 natalis
1296 1855 1328 1882 et
1353 1851 1438 1882 almi.

985 1945 1205 1978 OCTOBER.

419 2007 494 2044 post
517 2006 557 2036 90
583 2005 630 2048 (9)
721 2006 874 2049 Septenis
897 2011 1031 2049 superat
1054 2007 1223 2039 Dionisius
1247 2007 1362 2039 Idibus
1386 2007 1513 2044 hostes;

724 2058 811 2101 Ipsis
835 2059 980 2091 Richarii
1004 2060 1107 2091 sancti
1131 2059 1300 2091 translatio
1325 2059 1436 2091 claret.

368 2185 419 2211 402
431 2195 462 2212 ex
475 2189 555 2220 spond
568 2189 582 2213 b
652 2187 710 2214 404.
723 2187 782 2214 405.
796 2187 848 2213 406
861 2188 895 2222 Β]
910 2198 957 2214 om.
972 2190 1008 2223 ὀμ
1078 2188 1128 2215 407
1141 2189 1166 2214 Β
1185 2189 1232 2214 Vat
1242 2188 1274 2223 μ]
1288 2198 1336 2214 om.
1350 2190 1364 2214 b
1434 2188 1486 2214 408
1496 2187 1551 2222 Bp]
1566 2197 1614 2214 om.
1629 2189 1643 2214 b
1711 2187 1764 2215 409
1776 2188 1921 2221 britannus]

265 2229 367 2260 explicit
385 2230 399 2254 h
493 2229 545 2255 413
563 2232 659 2256 zizama
677 2232 703 2256 B
754 2232 856 2264 explicit
873 2241 894 2265 μ
998 2231 1008 2266 ΙΙ
1025 2231 1041 2257 3
1060 2242 1074 2258 e
1092 2232 1204 2265 diuerso]
1222 2233 1250 2258 in
1267 2241 1349 2265 τηαν-9.
1369 2232 1520 2258 aduerbium
1540 2236 1579 2257 est
1596 2232 1634 2257 B.-
1652 2232 1768 2258 similar
1786 2232 1923 2257 Ruodliebi

265 2270 292 2295 in
312 2272 458 2304 fragmento
477 2273 525 2298 117
537 2283 559 2298 υ,
581 2273 613 2298 12
639 2274 675 2299 ad
693 2283 795 2306 quoquo
819 2274 970 2300 adnotatum
997 2279 1032 2300 est
1058 2273 1238 2308 aduerbfialis)
1263 2274 1383 2309 loc(utio)
1408 2275 1477 2308 quod
1498 2284 1551 2300 ‘non
1573 2276 1702 2308 perspexit
1726 2275 1810 2300 Seiler
1823 2283 1853 2308 p.
1871 2274 1923 2300 215

265 2312 281 2338 6
300 2315 406 2347 reprobe
423 2315 462 2340 B:
480 2317 529 2348 cfr.
549 2317 672 2348 XXVII,
685 2317 709 2343 6.

370 2365 423 2399 [IL]
443 2367 564 2400 Sequitur
586 2369 614 2393 in
632 2369 657 2393 B
675 2377 779 2394 carmen
802 2370 833 2394 de
855 2370 981 2394 mensibus
1003 2369 1071 2401 quod
1093 2373 1128 2394 eat
1150 2370 1223 2402 apwl
1245 2369 1417 2395 Baehrentem
1435 2369 1521 2395 PLM.
1542 2369 1624 2396 17352
1647 2374 1671 2395 et
1688 2370 1849 2395 emtiummm
1867 2377 1924 2394 eum

266 2408 313 2434 hoc
326 2411 440 2442 —quod
467 2411 535 2436 idem
560 2413 658 2442 factum
685 2417 720 2437 est
746 2413 774 2437 in
801 2413 860 2437 aliie
883 2421 981 2445 quoque
1005 2412 1280 2439 codicibtw—Bedae
1302 2413 1440 2445 personati
1460 2413 1672 2446 martyroloyium
1691 2413 1832 2446 poeticum,
1855 2411 1924 2444 quod

265 2453 401 2478 ediderunt
430 2454 553 2480 Acheriue
581 2454 699 2488 Spicileq.
727 2455 776 2487 (ed.
794 2455 846 2487 ΙΙ.)
873 2455 910 2480 ΙΙ
923 2455 957 2480 23
987 2456 1097 2481 Gilem'aa
1123 2456 1212 2481 Bedae
1238 2465 1279 2488 op.
1300 2455 1362 2481 150
1386 2456 1500 2489 Miqniue
1517 2456 1587 2481 XOI
1590 2455 1614 2480 V
1627 2454 1679 2481 603
1706 2456 1738 2481 de
1765 2456 1923 2490 Reiffenbery

266 2498 283 2522 l.
302 2506 322 2522 c.
343 2495 392 2522 109
406 2497 486 2529 parvi
501 2498 578 2530 pretii
596 2506 648 2523 ease
665 2498 727 2523 vidit
745 2498 801 2524 ΙοῘι.
821 2498 899 2531 Bapt.
919 2499 950 2524 de
969 2499 1045 2524 Rosci
1062 2499 1090 2524 in
1108 2499 1206 2524 Romae
1225 2499 1378 2525 Subterran.
1400 2500 1417 2524 I
1428 2508 1458 2532 p.
1477 2499 1600 2525 XXXII.
1643 2498 1761 2524 Ver-sibun
1779 2508 1796 2523 α
1816 2499 1923 2525 centula

265 2543 292 2564 ut
313 2539 412 2564 videtur
438 2541 556 2566 oriundis
569 2550 676 2566 —nam
702 2542 729 2566 in
752 2542 839 2567 ceteris
863 2542 936 2567 codd.
955 2551 997 2567 eos
1023 2551 1076 2567 ‘non
1103 2542 1151 2575 leqi
1175 2542 1288 2567 traditur
1313 2547 1359 2567 aut
1381 2543 1518 2568 verisimile
1541 2546 1621 2568 eet—
1629 2546 1738 2575 praeter
1760 2542 1878 2575 Aprilem
1895 2542 1921 2568 al

266 2583 406 2614 (aliundet)
428 2584 532 2609 aacribit
549 2584 575 2608 B
581 2593 589 2614 ,·
607 2593 670 2616 quoe
683 2599 715 2603 —
728 2589 756 2610 ut
775 2594 828 2617 par
848 2589 904 2610 erat
926 2590 949 2610 et
962 2585 1066 2618 pridem
1086 2583 1236 2618 Henocqaio
1257 2590 1418 2618 perspectum
1433 2600 1464 2603 —
1477 2586 1544 2611 soloe
1569 2585 1726 2611 eaehibm'mtw
1750 2586 1864 2611 numeris
1886 2586 1924 2611 ad

265 2626 371 2651 Aclzerii
388 2627 530 2659 eaeemplum
548 2628 650 2653 emeda.
681 2624 692 2633 ”

368 2718 420 2745 403
442 2719 527 2745 Mart.
547 2719 586 2753 11,
595 2721 671 2753 6,11.

266 2770 356 2804 (Eyss.
377 2770 434 2802 193,
454 2771 495 2803 11)
516 2771 545 2804 V,
559 2771 610 2798 566

266 2822 318 2848 409
336 2821 404 2848 Luc.
424 2821 544 2855 1V,134.

794 2721 846 2747 404
871 2721 952 2748 Mart.
973 2721 1022 2755 VI,
1035 2721 1078 2754 37,
1093 2722 1115 2747 1.
1237 2721 1289 2748 405
1300 2746 1302 2750 ,
1315 2721 1397 2747 Mart.
1415 2721 1460 2754 VI,
1474 2722 1516 2755 37,
1529 2722 1554 2749 3.
1677 2722 1729 2749 406
1753 2722 1837 2749 Mart.
1857 2722 1922 2756 Gap.

731 2773 782 2798 407
801 2781 872 2799 nom.
891 2781 940 2800 om.
967 2773 1011 2807 [est
1038 2772 1166 2807 Cypriam.
1193 2773 1246 2800 Ios.
1267 2773 1328 2807 405]
1350 2774 1400 2799 190
1424 2773 1508 2800 VAT.
1631 2774 1683 2800 408
1706 2773 1774 2800 Duc.
1799 2774 1838 2807 IL
1862 2775 1922 2801 425.

648 2823 701 2850 410
719 2824 777 2851 Ιαυ.
798 2824 862 2858 XV,
873 2825 914 2852 93.
1020 2824 1072 2851 412
1091 2823 1143 2851 Cic.
1162 2825 1193 2850 in
1211 2825 1291 2851 Arae.
1309 2825 1369 2852 317.
1473 2826 1526 2852 413
1545 2825 1622 2852 Fort.
1642 2825 1730 2852 Cam.
1747 2825 1777 2860 V,
1791 2827 1815 2860 2,
1827 2827 1870 2854 41.
