2040 2996
259 104 317 135 138
846 104 954 131 PAULI
975 104 1111 131 ALBARI
1129 104 1306 131 CARMINA.

619 190 752 222 Perfida
774 190 924 222 discedat
947 191 1042 222 turba
1065 191 1193 222 fuscata
1216 190 1341 227 dolore;

620 241 765 282 Agmina
788 243 917 275 exultet
941 242 1062 274 Christi
1085 243 1214 274 florenti
1237 243 1355 275 decore

619 293 663 324 Et
685 294 841 336 sinagoga
863 306 921 326 suo
944 294 1078 327 recedat
1101 305 1187 327 nunc
1211 294 1306 327 furba
1329 295 1451 332 colore;

543 352 567 370 4⁵
621 345 752 378 Eclesia
775 346 891 379 iubilet
915 347 1051 379 clarenti
1073 347 1164 378 fulba
1188 357 1313 387 cruore,

620 397 726 434 Quam
750 391 900 430 Christus
923 399 1037 441 pulcro
1062 409 1190 441 semper
1213 399 1275 431 sivi
1296 399 1400 441 iungit
1423 409 1542 430 amore.

1050 596 1111 628 XI.

503 654 645 690 VERSI
675 655 890 692 HEROYCI
916 656 964 691 IN
993 655 1190 692 LAUDEM
1217 655 1361 691 ΒΕΑΤΙ
1387 654 1650 691 IHERONIMI.

619 738 825 770 Iheronimus
849 739 954 781 fulget
978 739 1068 771 celsa
1091 739 1211 770 virtute
1235 749 1373 770 revoans

619 790 663 822 Et
687 791 819 823 celeber
841 792 934 823 libris
958 793 1052 824 floret
1074 802 1134 834 per
1158 791 1291 823 cardina
1314 791 1435 824 mundi.

619 842 684 874 Hic
708 843 936 886 paradisigene
961 843 1084 875 domini
1108 843 1154 875 sic
1177 844 1278 876 florea
1301 843 1420 886 pinxit,

618 894 664 926 Ut
686 895 783 926 rutilo
808 896 930 928 celebri
953 898 1020 927 toto
1044 906 1103 938 per
1126 895 1258 927 cardine
1282 895 1398 927 vibret.

552 953 563 971 5
616 946 682 978 Hic
705 949 820 978 sancta
843 946 963 979 domini
986 958 1095 979 rerum
1119 947 1239 979 virtute
1263 947 1405 979 tonantis

618 998 763 1030 Ethereo
787 998 874 1031 dulci
897 999 1092 1042 prestrinxit
1116 999 1261 1031 carmina
1284 999 1378 1041 legis.

619 1049 683 1080 Hic
706 1049 792 1081 noba
815 1060 889 1081 cum
912 1053 1027 1082 vetera
1050 1050 1190 1092 profusit
1214 1053 1343 1092 pectore
1367 1050 1477 1090 mella,

619 1101 712 1137 Quae
735 1101 867 1143 gemina
890 1102 963 1133 luce
987 1101 1168 1144 resplendit
1190 1102 1316 1134 mistice
1342 1113 1445 1134 sacra.

623 1151 825 1195 Oonscripsit
848 1154 940 1185 suavi
962 1164 1081 1195 magno
1105 1153 1256 1185 confecta
1278 1154 1390 1195 vigore

541 1212 565 1229 10
618 1204 731 1236 Aurea
755 1204 842 1236 dicta
865 1205 918 1237 dei
942 1208 1090 1237 centrum
1113 1205 1166 1237 vel
1190 1208 1308 1236 cuncta
1330 1205 1493 1247 regentis:

621 1256 781 1297 Ostendit,
805 1267 924 1299 magno
948 1257 1054 1300 possit
1077 1256 1155 1299 quid
1178 1267 1314 1289 munere
1336 1257 1458 1299 lingue.

619 1308 706 1340 Dum
730 1312 908 1351 prepotens
932 1309 1057 1341 calamo
1081 1309 1209 1340 diverso
1233 1309 1302 1340 sole
1327 1308 1455 1340 refulsit

621 1360 742 1400 Attica,
766 1360 900 1392 Hebrea
923 1361 1089 1403 fulgenter
1112 1371 1188 1392 orsu
1211 1360 1389 1393 refundens

619 1412 736 1455 Adque
759 1413 878 1445 Latine
903 1413 1002 1454 dedit,
1027 1412 1183 1455 quidquid
1205 1413 1380 1455 Hebrayce
1405 1416 1541 1454 constat,

542 1471 565 1490 15
618 1464 688 1496 Nec
711 1475 775 1496 non
799 1468 832 1496 et
855 1464 1028 1507 Argolicos
1051 1465 1212 1497 reseravit
1235 1465 1348 1497 ordine
1370 1465 1488 1506 fontes,

620 1516 775 1549 Facunde
799 1517 934 1549 meatim
958 1519 1092 1549 currunt
1114 1527 1174 1559 per
1195 1518 1342 1559 margine
1365 1517 1434 1549 rivi.

620 1568 692 1600 Hec
716 1571 851 1611 propter
873 1569 993 1600 domini
1018 1579 1149 1611 semper
1172 1569 1360 1601 veneranda
1383 1580 1442 1612 per
1465 1580 1524 1602 evo

619 1620 796 1653 Doctorem
819 1624 973 1652 resonant
997 1620 1119 1653 Christi
1143 1622 1204 1653 sub
1228 1622 1340 1653 limine
1366 1622 1464 1654 servi:

619 1672 744 1714 Fulgor
767 1673 898 1712 eclesie,
923 1672 1072 1704 doctrine
1096 1676 1209 1705 sancte
1232 1673 1377 1714 lucerna,

541 1730 566 1748 2¹0
620 1723 759 1755 Celestis
783 1723 888 1755 cultor
910 1723 1012 1755 multo
1035 1723 1225 1766 prepinguis
1248 1723 1334 1763 olivi,

620 1774 780 1817 Effugans
803 1775 949 1815 hereses,
972 1778 1066 1807 vasto
1089 1775 1144 1817 qui
1166 1775 1297 1807 nomine
1321 1775 1425 1818 pestis

620 1827 832 1869 Depopulant
856 1827 978 1859 Christi
1002 1827 1140 1859 famulos
1164 1827 1225 1859 sub
1249 1828 1348 1860 dente
1371 1829 1540 1860 latrantes

621 1878 685 1910 Hic
709 1878 813 1910 dulcis
836 1879 925 1911 vario
949 1879 1131 1922 resplendit
1153 1880 1284 1912 tramite
1307 1883 1400 1912 vates

620 1930 664 1962 Et
686 1933 815 1962 truncat
837 1930 923 1963 falce
946 1931 1080 1963 frondes
1103 1931 1228 1964 hirsute
1251 1935 1435 1967 comantem

540 1988 564 2007 2¹⁵
617 1981 779 2024 Egregios
803 1982 924 2014 imbres
948 1982 1054 2025 signat
1078 1994 1196 2015 aurora
1217 1984 1414 2021 rubescens3

619 2033 683 2065 Hic
707 2034 829 2065 vitreus
853 2035 967 2074 amnis,
990 2034 1149 2077 placidus,
1171 2035 1297 2078 fulgore
1320 2035 1457 2068 decorus
1465 2049 1472 2074 ;

621 2085 683 2118 Est
705 2086 839 2128 rapidus
863 2089 989 2118 torrens
1013 2087 1088 2127 illis,
1115 2098 1197 2129 quos
1221 2088 1385 2130 conplicat
1406 2088 1529 2120 herror.

621 2138 782 2180 Quicquid
810 2138 987 2170 Iheronimi
1010 2149 1076 2170 non
1101 2142 1176 2171 sunt
1200 2150 1350 2182 respersa
1374 2150 1502 2182 sapore,

620 2190 811 2232 Improbata
833 2193 978 2229 manent,
1002 2194 1119 2223 nutant
1142 2194 1175 2223 et
1197 2191 1314 2223 flaoide
1338 2195 1499 2228 marcent;

540 2248 566 2267 ³0
618 2241 770 2274 Pendent
793 2243 934 2283 oracula,
958 2253 1021 2285 que
1047 2254 1111 2274 non
1135 2245 1212 2275 sunt
1234 2243 1310 2285 igne
1335 2246 1467 2275 recocta

619 2293 821 2325 Flammiferi
845 2294 961 2334 sancti,
985 2287 1097 2327 rutilat
1120 2295 1175 2337 qui
1197 2295 1270 2327 luce
1294 2290 1381 2327 fidei.

622 2344 748 2377 Clarior
770 2345 803 2376 in
826 2346 953 2378 cunctis
977 2346 1079 2388 pollet
1102 2357 1166 2389 quo
1189 2346 1298 2389 gratia
1320 2347 1442 2389 lingue,

621 2397 765 2428 Ornatur
786 2397 894 2439 potius
917 2397 1050 2430 milleno
1075 2396 1223 2430 docmate
1247 2399 1376 2430 florens.

621 2448 709 2480 Dum
733 2450 792 2489 sol,
816 2450 894 2481 luna
916 2450 991 2492 polo
1016 2453 1170 2482 serenant
1194 2451 1255 2482 sub
1278 2451 1346 2482 sole
1370 2451 1534 2491 tenebras,

358 2578 421 2611 [XL]
440 2580 457 2605 5
474 2577 600 2605 *tenentis
615 2580 637 2605 Ο
682 2585 741 2613 post
764 2578 779 2604 7
802 2581 853 2606 duo
871 2589 908 2606 vv.
925 2580 1001 2606 vacui
1023 2581 1112 2613 quibua
1128 2582 1150 2606 Ε
1168 2585 1192 2607 et
1209 2582 1234 2606 H
1247 2582 1443 2614 praescriptae,
1468 2582 1658 2615 inter-scriptum
1681 2583 1734 2608 noli
1756 2582 1875 2608 duuime
1888 2582 1912 2607 G

252 2621 285 2647 31
304 2623 411 2647 rutilant
425 2622 447 2648 Ο
456 2631 523 2647 corr.
536 2623 583 2648 Fc.

356 2698 390 2724 42
407 2706 459 2731 sqq.
479 2698 569 2725 Sedul.
587 2708 607 2726 c.
623 2708 651 2733 p.
671 2699 702 2733 V,
726 2700 777 2728 357
795 2699 927 2730 Discedat
950 2709 1096 2736 synagoga
1121 2709 1170 2728 suo
1191 2701 1300 2728 fuscata
1321 2701 1426 2732 colore,
1447 2701 1451 2734 Ι
1471 2701 1616 2729 eeclesiam
1642 2701 1767 2730 Christus
1790 2702 1907 2742 pulchro

254 2750 306 2778 sibi
326 2750 419 2779 iunxit
437 2759 539 2778 amore.
