2060 3074
471 234 508 254 21³

471 753 509 772 ns

471 1012 510 1032 2⁸⁰

472 1271 510 1291 2³5

473 1530 512 1549 240

0 1594 6 1616 ί

0 1619 4 1638 l

0 1652 9 1707 l

0 1710 9 1733 ἱ

0 1740 8 1758 7

472 2048 511 2068 ²50

472 2307 513 2327 25³

287 2553 339 2579 215
356 2553 458 2580 *nesta
475 2554 500 2579 B

290 2681 342 2708 229
359 2688 414 2714 m.
432 2681 483 2713 cfr.
500 2688 586 2714 supra
600 2690 629 2715 p.
642 2682 701 2708 369.

187 2731 239 2760 inte
263 2732 356 2767 coepit
379 2732 508 2760 invocare
532 2741 632 2760 nomen
651 2731 764 2759 domini.

187 2786 318 2818 nterim&
334 2785 384 2818 cfr.
402 2785 480 2818 infra
496 2793 519 2812 v.
533 2785 592 2812 288.

290 2831 394 2860 Por-ru:
412 2839 495 2860 urim
512 2840 570 2859 uvi
588 2832 712 2860 Cinci-im
730 2832 779 2863 111,
792 2834 816 2859 2.

768 134 967 162 EPICEDIUM
986 136 1249 163 HATHUMODAE.

546 221 638 253 Haec
662 225 748 261 sunt,
771 232 854 263 quae
878 222 962 254 male
986 233 1071 254 nunc
1101 223 1201 254 vestri
1225 223 1368 255 lamenta
1391 223 1531 255 fovendo

588 272 732 304 Venenis
756 273 827 315 ipsa
850 273 998 305 dulcibus
1022 274 1108 305 intus
1133 275 1225 306 alunt

546 324 616 357 Nec
639 335 698 356 vos
722 335 827 367 aequo
852 325 960 356 animo
983 325 1077 357 modo
1101 326 1296 368 permittunt
1318 326 1470 366 tolerare,

590 375 685 413 Quod
708 386 879 408 commune
904 376 983 408 cluit
1006 377 1156 409 omnibus
1181 377 1385 409 omnimodis.

546 428 630 460 Nam
653 429 778 460 cunctis
803 438 975 460 commune
998 429 1079 460 mori
1102 429 1294 461 mortalibus
1319 432 1422 465 extat,

588 479 703 519 Nobis,
726 480 891 518 iumentis,
916 480 1048 522 regibus
1073 483 1105 512 et
1129 480 1278 517 ducibus,

548 532 658 565 Servis
681 535 715 564 et
737 531 885 570 dominis,
909 533 997 575 inopi
1021 533 1115 564 simul
1140 536 1172 564 et
1195 533 1359 575 locupleti„

590 584 693 616 Iustis
716 584 856 623 iniustis,
881 584 1029 616 sensibili
1052 584 1212 627 insipidis.

547 636 616 669 Nec
642 646 756 678 regum
778 635 920 668 tumidos
945 636 1048 667 fastus
1072 646 1287 678 proceresque
1310 640 1442 669 veretur

591 687 690 728 Mors,
716 698 776 719 nec
801 688 957 719 sublimes
981 687 1096 719 dividit
1119 691 1153 720 et
1175 688 1325 720 humiles.

547 739 628 777 Quis
651 739 863 782 protoplastis
887 742 1017 781 poterat
1039 739 1109 771 fore
1131 740 1259 782 dignior
1281 750 1444 782 umquam,

591 790 681 828 Quos
705 791 786 823 deus
809 791 879 834 ipse
903 792 971 822 suis
995 790 1186 823 condiderat
1208 791 1395 823 manibus?:

546 842 590 875 Et
613 846 722 875 tamen
745 843 806 875 hos
829 843 924 886 ipsos,
949 853 1030 885 quos
1054 843 1234 885 plasmatos
1257 842 1427 885 paradisus

590 894 754 927 Sublimes
777 895 893 934 tenuit,
917 894 998 926 haec
1021 894 1117 926 modo
1140 898 1227 926 terra
1250 895 1343 937 tegit.

547 947 647 979 Primi
670 947 771 989 patris
794 946 878 978 Abel
902 946 1082 978 iustissima
1105 946 1245 988 denique
1269 947 1378 989 proles

589 998 669 1031 Dire
693 998 836 1030 fraterno
861 997 1014 1030 occubuit
1035 997 1156 1040 gladio.

549 1050 650 1092 Sedh,
673 1051 749 1083 licet
771 1061 791 1082 a
814 1050 942 1082 domino
965 1060 1024 1093 pro
1046 1050 1155 1081 fratris
1178 1054 1281 1081 morte
1304 1060 1472 1093 repensus,

591 1103 728 1135 Mortem
752 1101 939 1134 nullomodo
963 1102 1110 1144 quiverat
1134 1102 1290 1144 effugere.

548 1155 646 1194 Enos,
671 1154 726 1197 qui
749 1153 871 1186 domini
894 1164 1012 1186 nomen
1037 1154 1159 1196 primus
1184 1154 1347 1194 vocitavit,

590 1206 720 1238 Interiit
743 1206 852 1238 iuncta
875 1206 1070 1249 posteritate
1094 1216 1163 1238 sua.

548 1257 673 1298 Enoch,
697 1258 797 1290 Helia
821 1258 919 1295 socio,
943 1268 1028 1290 nunc
1052 1268 1156 1300 usque
1180 1261 1350 1301 superstes

591 1310 702 1343 Affore
726 1310 925 1353 praevaluit:
949 1314 1096 1342 mortuus
1120 1310 1281 1342 occubuit.

549 1362 626 1395 Sem
649 1361 831 1405 Iaphetque
855 1363 938 1405 patri
961 1362 1087 1394 meritis
1111 1373 1174 1394 non
1199 1362 1334 1394 dissona
1357 1362 1463 1404 proles

590 1414 731 1446 vixerat
754 1414 785 1446 in
809 1414 956 1457 limphis:
982 1425 1066 1446 nunc
1090 1414 1174 1446 iacet
1197 1415 1229 1446 in
1252 1413 1393 1445 tumulis

548 1466 635 1503 Quid
658 1466 716 1498 Iob
740 1476 824 1498 nunc
848 1477 1035 1501 memorem.
1059 1466 1110 1497 cui
1134 1470 1210 1497 tunc
1234 1465 1378 1497 bonitate
1402 1464 1556 1508 nequibat

594 1517 709 1550 Affore
731 1528 792 1560 par
812 1518 910 1558 ullus,
933 1522 968 1549 ut
991 1517 1087 1550 docet
1110 1518 1181 1560 ipse
1205 1517 1304 1549 deus?

548 1569 633 1607 Quid
657 1573 789 1602 sanctos
813 1570 937 1613 pariter
958 1573 1054 1601 natos
1078 1573 1236 1611 natasque
1259 1571 1427 1600 retexam?

590 1621 634 1653 Et
657 1624 751 1664 pater
773 1622 912 1665 oppetiit
935 1625 969 1654 et
991 1621 1123 1653 soboles
1144 1621 1254 1664 periit.

549 1673 804 1712 Melchisedech,
828 1674 920 1706 cuius
944 1674 1016 1705 finis
1040 1674 1194 1705 reticetur
1217 1677 1250 1704 et
1273 1676 1372 1706 ortus.

589 1725 661 1757 Fini
687 1725 870 1765 succubuit,
894 1725 1020 1757 initium
1045 1725 1201 1767 reprimit.

550 1776 728 1816 Abrabam,
752 1776 858 1813 Isaac,
882 1776 993 1814 Iacob,
1018 1777 1100 1808 terni
1124 1775 1339 1819 patriarchae.

593 1828 713 1871 Magno
736 1829 830 1861 Adae
854 1829 998 1860 iunctum
1023 1839 1107 1860 nune
1131 1828 1280 1860 refovent
1302 1827 1471 1859 tumulum.

547 1880 665 1912 Inclita
687 1881 862 1923 progenies
887 1881 1036 1912 duodeno
1061 1883 1232 1912 stemmate
1257 1883 1382 1922 patrum

592 1932 660 1965 Iam
684 1932 838 1965 defuncta
862 1943 939 1964 suos
963 1933 1012 1964 his
1036 1936 1186 1964 numerat
1209 1931 1332 1963 titulos:

548 1984 630 2016 Iuda
652 1984 769 2016 Ruben
794 1985 935 2027 Symeon
960 1984 1039 2016 Levi
1064 1983 1198 2016 isachar
1220 1983 1442 2024 Zabulonque.

591 2035 663 2068 Dan
687 2039 722 2068 et
744 2035 922 2079 Neptalim.
947 2035 1018 2068 Gad
1043 2040 1077 2067 et
1100 2036 1186 2066 Aser
1208 2035 1301 2073 obiit,

547 2087 665 2130 Ioseph
689 2088 873 2121 Beniamin:
898 2087 1051 2120 Manasse
1075 2087 1306 2130 Ephraimque,
1330 2085 1476 2117 uterinos

591 2139 698 2172 Mater
720 2150 800 2182 quos
823 2139 969 2179 dederat,
993 2143 1081 2171 terra
1104 2138 1341 2170 recondiderat.

548 2191 656 2234 Atque
682 2191 801 2234 Ioseph
825 2192 917 2230 obiit,
941 2192 995 2234 qui
1019 2191 1059 2222 de
1084 2194 1186 2223 morte
1210 2189 1295 2222 eruit
1317 2189 1439 2221 orbern.

590 2242 728 2286 Quando
752 2244 855 2276 fames
879 2254 957 2275 arva
979 2245 1145 2285 presserat
1168 2242 1305 2283 attigua.

547 2294 695 2327 Membra
718 2295 829 2328 Aaron
856 2296 937 2327 vatis
961 2306 1052 2327 mous
1077 2294 1122 2326 Or
1146 2293 1292 2326 tumbata
1316 2295 1468 2325 retentat.

590 2346 694 2383 Quem
717 2346 854 2379 dederat
877 2347 1015 2389 primum
1040 2347 1094 2378 lex
1119 2356 1212 2378 sacra
1234 2344 1431 2388 pontificem.

549 2398 688 2431 Eleazar
710 2398 902 2441 Fineesque,
926 2398 988 2430 deo
1013 2402 1113 2433 vates.
1138 2397 1199 2429 sibi
1223 2396 1349 2430 fratres.

592 2449 684 2482 Unus
708 2454 782 2492 post
804 2460 902 2482 unum
926 2450 1060 2492 pertulit
1084 2449 1230 2481 exitium.

584 2553 634 2580 231
654 2553 718 2580 *Sed
738 2554 762 2579 Β
847 2553 898 2579 245
917 2562 994 2587 ysaac
1012 2554 1036 2578 B
1122 2551 1174 2578 248
1191 2551 1246 2577 *bis
1264 2551 1289 2576 B
1375 2549 1426 2575 249
1444 2549 1554 2583 ysmhar
1572 2549 1596 2574 Β

186 2605 277 2623 maen
296 2596 321 2622 B
423 2595 474 2623 252
491 2596 582 2630 *quosl
603 2605 652 2630 que
672 2597 696 2622 B

1770 138 1830 168 377

1691 2549 1740 2576 251
1761 2549 1831 2576 *ma-

812 2683 863 2708 233
879 2682 943 2708 Gon.
957 2682 982 2714 4,
995 2682 1029 2707 26
1047 2680 1101 2707 Sed
1119 2680 1148 2706 et
1166 2679 1232 2706 Seth
1252 2679 1334 2705 natus
1353 2679 1395 2704 est
1413 2677 1493 2710 filius,
1512 2686 1594 2712 quem
1614 2677 1727 2705 vocavit
1746 2676 1830 2704 Enos:

885 2733 936 2759 ‘235
957 2731 1102 2758 Fanumoe.
1121 2731 1137 2757 l.
1155 2738 1176 2758 c.
1194 2730 1228 2757 39
1252 2729 1346 2756 Enoch
1365 2729 1515 2764 Heliasque
1539 2729 1592 2757 hoc
1610 2729 1702 2756 adhuc
1721 2730 1832 2764 spectat
