2040 2996
284 183 324 212 56
908 175 1124 203 ENGELMODI
1144 174 1320 202 CARMINA.

650 264 694 295 At
717 267 826 295 tamen
850 267 944 298 ante,
969 263 1078 302 oculo,
1103 262 1221 294 sollers
1244 264 1375 303 captare
1401 262 1577 299 memento,

718 316 763 347 Ut
786 319 818 348 tc
843 315 997 358 respiciat
1021 324 1125 356 quave
1149 324 1247 345 manu
1271 313 1389 355 capiat.

650 368 761 399 Mitior
784 379 801 400 e
826 367 911 399 facie
935 367 963 398 si
986 367 1113 398 flaverit
1137 376 1218 398 aura
1242 365 1392 404 subinde,

718 418 841 451 Nostra
863 419 952 461 loqui
976 418 1109 458 audeto,
1134 418 1242 450 omine
1266 417 1328 448 fisa
1350 417 1445 448 bono.

652 471 823 503 Falluntur
846 471 971 510 stolidi,
997 471 1111 502 crebro
1135 470 1293 502 falluntur
1316 472 1350 501 et
1372 469 1444 511 ipsi,

717 523 848 563 Pollent
871 523 926 565 qui
950 523 1067 554 summi
1091 522 1214 553 viribus
1238 521 1372 563 ingenii.

650 575 702 607 Me
727 585 856 617 quoque
882 585 1000 606 saevus
1024 585 1131 613 amor,
1155 584 1219 605 non
1242 573 1372 604 infimus
1396 572 1529 603 abstulit
1552 582 1652 610 error,

566 635 591 653 ³⁰
719 627 864 658 Primum
887 630 923 658 ut
945 629 978 658 te
1001 626 1105 658 merui
1129 636 1278 664 cernere,
1303 624 1408 656 duleis
1432 623 1498 665 Agi

649 679 831 721 Dulcisque
856 682 889 711 et
913 679 1027 710 merito
1051 677 1204 720 praesagi
1227 676 1368 708 nominis
1392 676 1478 707 almo

717 731 830 770 Felix,
855 731 910 773 qui
934 730 1055 762 sanctis
1078 731 1312 761 annumeratus
1337 727 1411 760 eris.

648 783 750 814 Totus
773 782 959 821 mellifluus,
984 782 1111 824 spirans
1136 783 1169 813 et
1192 783 1325 812 nectare
1349 782 1448 819 totus,

716 834 890 866 Eucariter
913 837 1002 866 totus
1027 833 1171 865 cerneris
1197 832 1345 864 eximius,

566 894 590 912 ³⁵
650 886 776 918 Tullius
801 886 945 928 eloquio,
971 895 1087 917 sensus
1111 887 1145 916 et
1167 884 1318 916 acumine
1341 884 1438 915 Plato

717 938 902 970 Verborum
925 937 1026 969 miros
1050 936 1158 968 fundis
1182 936 1223 968 ab
1248 946 1302 968 ore
1325 939 1446 979 tropos.

652 990 788 1031 Indole,
811 1001 901 1029 care,
926 993 998 1029 tua,
1023 999 1087 1031 qua
1109 988 1291 1020 delectatus
1315 991 1351 1019 ut
1375 999 1451 1020 esca

719 1042 858 1074 Illicitur
879 1042 979 1084 piscis
1002 1041 1079 1072 dum
1103 1040 1230 1083 eapitur
1252 1039 1390 1082 laqueis,

650 1094 696 1126 Te
719 1094 842 1136 iugiter
864 1103 990 1133 carum,
1014 1096 1046 1124 te
1069 1092 1148 1124 duxi
1173 1102 1304 1134 semper
1327 1090 1512 1130 amandum,

567 1153 592 1172 40
719 1145 766 1178 Te
790 1156 934 1188 veraque
958 1145 1022 1177 fide
1046 1145 1173 1176 institui
1197 1144 1317 1176 eolere.

650 1198 697 1230 Tc
724 1201 866 1230 stertens
890 1197 993 1237 crevi,
1017 1197 1157 1239 vigilans
1181 1199 1214 1228 te
1238 1198 1371 1238 pectore
1395 1194 1490 1234 traxi,

719 1249 895 1281 Coniciens
918 1249 1021 1280 nostri
1044 1251 1077 1280 te
1102 1258 1231 1290 quoque
1255 1257 1364 1279 amore
1389 1246 1472 1289 capi.

650 1301 719 1333 Iam
744 1301 842 1333 didici
866 1303 970 1341 certe,
995 1301 1130 1332 nimium
1153 1299 1212 1331 sed
1235 1299 1355 1331 stultus
1380 1299 1541 1341 inersque,

719 1353 814 1385 Seria
836 1363 902 1384 non
925 1353 1028 1384 nostri
1053 1351 1291 1394 complacuisse
1314 1351 1383 1390 tibi,

568 1412 592 1430 ⁴5
654 1405 792 1437 Somnos
816 1405 902 1437 velle
925 1405 1017 1437 leves
1042 1404 1245 1447 zephyrosve
1268 1406 1381 1435 tenere
1405 1403 1541 1445 fugaces

717 1448 887 1499 Quamque
911 1457 953 1488 sit
974 1456 1098 1488 incauti
1121 1455 1227 1487 cordis
1252 1458 1285 1487 et
1308 1454 1451 1498 insipidi.

650 1508 722 1540 Etsi
746 1509 806 1540 sub
832 1509 928 1540 rutilo
953 1508 1101 1540 mihimet
1124 1511 1200 1539 tuus
1222 1507 1308 1549 ignis
1333 1507 1438 1539 ocello

717 1560 802 1591 Risit
824 1560 934 1592 nativo
957 1560 1118 1592 lacteolus
1141 1560 1240 1602 genio
1266 1579 1304 1582 κ

651 1612 717 1651 Ah,
743 1611 921 1652 Choridon,
946 1611 1125 1644 Ohoridon!
1153 1611 1277 1651 decuit,
1302 1611 1509 1651 stultissime,
1533 1609 1592 1642 sed
1615 1620 1679 1641 non

570 1671 595 1689 ⁵0
721 1664 768 1696 Te
792 1664 862 1696 fore
886 1664 1035 1696 fortunae
1060 1664 1284 1696 immemorem
1308 1664 1468 1707 propriae.

650 1715 778 1758 Regum
802 1716 926 1748 deliciis
950 1719 1026 1758 apta
1050 1720 1100 1748 est
1123 1718 1288 1758 gemmata
1310 1716 1472 1758 parabsis,

718 1768 803 1800 Vilis
825 1768 1024 1811 pauperibus
1048 1771 1136 1800 testa
1159 1768 1322 1800 ministrat
1345 1768 1451 1800 holus.

652 1821 716 1852 Pes
740 1830 863 1862 perone
888 1820 990 1859 calet,
1013 1822 1128 1851 vertex
1152 1819 1336 1851 diademate
1359 1819 1474 1861 fulget,

720 1871 874 1904 Gaudent
898 1875 931 1903 et
953 1872 1068 1903 merito
1093 1872 1223 1914 singula
1246 1882 1395 1914 quaeque
1419 1881 1488 1904 suo.

568 1931 592 1949 ⁵⁵
652 1923 781 1964 Vidisti,
805 1923 916 1955 docuit
939 1924 994 1966 qui
1018 1927 1050 1955 te
1073 1924 1240 1965 fixumque
1263 1923 1423 1969 probavit,

721 1967 817 2012 Qu'od
840 1978 1006 2017 nequeant
1029 1976 1108 2007 celsi
1131 1975 1260 2017 tangier
1282 1978 1372 2007 astra
1394 1976 1472 2018 poli.
1771 2001 1788 2012 .

385 2133 418 2158 23
437 2138 522 2159 mento
535 2134 560 2158 P
576 2142 641 2158 corr.
656 2133 737 2158 Foltz.
817 2132 851 2158 24
862 2130 964 2166 'respiat
977 2133 1001 2157 P
1017 2142 1083 2158 corr.
1098 2133 1180 2158 Foltz.
1260 2132 1294 2158 32
1312 2133 1368 2158 felis
1385 2134 1469 2158 altera
1488 2142 1558 2158 man.
1571 2141 1639 2158 corr.
1653 2133 1677 2157 P
1762 2131 1799 2158 40
1816 2132 1902 2158 coloro
1914 2131 1940 2157 P

283 2186 349 2202 cerr.
369 2177 494 2202 Illanitiaa
581 2175 615 2202 45
633 2178 721 2202 levens
739 2185 806 2202 corr.
826 2177 851 2201 P
935 2175 969 2201 47
988 2175 1075 2201 *timet
1093 2177 1118 2201 P
1202 2176 1236 2202 53
1255 2177 1390 2202 diastemate
1408 2185 1474 2201 corr.
1494 2176 1519 2201 P

386 2261 421 2288 24
439 2261 543 2295 Euam.
556 2262 572 2287 l.
586 2269 605 2288 c.
619 2269 650 2288 ex
663 2261 795 2288 Dracont.
805 2261 918 2288 hcoeaem.
932 2262 1001 2295 Hp.
1014 2263 1046 2289 51
1063 2262 1100 2288 Ut
1118 2270 1162 2288 me
1182 2262 1326 2296 respiciat;
1345 2262 1391 2294 cfr.
1408 2261 1545 2295 Theodulf.
1560 2262 1708 2295 XXXVI,
1720 2264 1736 2289 6
1749 2263 1822 2299 (wm.
1831 2262 1855 2296 Ι,
1866 2262 1938 2295 527).

282 2315 316 2340 25
337 2313 391 2346 Gfr.
409 2321 441 2340 ex
461 2313 541 2340 Pont.
556 2313 598 2347 II,
618 2313 642 2344 3,
662 2314 696 2340 26
719 2313 790 2340 Dum
809 2313 888 2340 flavit
906 2313 975 2340 velis
994 2322 1063 2340 aura
1080 2313 1203 2340 secunda
1221 2314 1298 2340 meis.
1386 2314 1419 2340 29
1439 2314 1528 2340 Amor.
1543 2314 1582 2346 II,
1601 2314 1625 2345 7,
1645 2314 1677 2340 19
1695 2314 1734 2340 At
1751 2313 1821 2340 mihi
1839 2321 1938 2341 saevus

283 2373 371 2395 anion
397 2365 454 2391 Ecl.
477 2365 556 2398 VIII,
580 2366 612 2391 41
639 2366 671 2391 ut
692 2364 763 2396 vidi,
791 2366 824 2391 ut
848 2365 933 2399 perii!
958 2367 990 2392 ut
1012 2373 1056 2392 me
1080 2365 1171 2392 malus
1193 2365 1312 2392 abstulit
1337 2362 1432 2392 error.v
1512 2366 1547 2392 30
1571 2364 1625 2398 C'fr.
1645 2365 1719 2392 Fert.
1733 2365 1761 2392 0.
1775 2365 1832 2399 IX,
1852 2366 1876 2396 1.
1893 2366 1938 2392 30.

283 2418 316 2443 3⁴3
346 2417 420 2444 Fert.
442 2417 468 2443 G.
491 2417 552 2450 VII,
582 2417 604 2448 7,
635 2418 667 2444 12
695 2417 789 2444 fundis
816 2417 851 2444 ab
880 2426 927 2444 ore
954 2418 1047 2444 salem.
1076 2454 1079 2456 Α
1135 2418 1168 2444 41
1199 2417 1275 2444 Fore.
1299 2418 1326 2444 0.
1349 2418 1414 2451 VII,
1443 2419 1482 2449 16,
1509 2419 1526 2444 3
1553 2417 1633 2452 vigili
1659 2419 1687 2444 te
1715 2418 1828 2452 pectore
1856 2408 1938 2444 vidit.

284 2469 317 2495 45
339 2478 376 2502 sq.
402 2468 486 2495 Num:
507 2469 560 2495 scio
581 2477 662 2502 qnam
683 2470 793 2495 stultum
815 2469 850 2496 sit
870 2470 971 2496 ventosi
995 2469 1108 2496 hominis
1130 2469 1273 2496 amoeitiam
1291 2472 1389 2503 putav-e
1410 2471 1577 2496 constantem.
1670 2470 1705 2496 48
1723 2469 1859 2496 lacteolus
1877 2470 1895 2496 ι’.
1912 2477 1936 2503 q.

285 2529 378 2554 purus,
398 2521 538 2551 venustus,
556 2520 604 2552 cfr.
619 2521 706 2547 Prud.
716 2529 770 2554 per.
785 2521 840 2555 III,
855 2521 905 2548 164
921 2524 952 2547 wt
970 2521 1098 2556 igneolus
1119 2521 1236 2555 Enoelm.
1250 2521 1306 2555 III,
1322 2521 1354 2547 17
1371 2529 1404 2547 ατ
1417 2521 1504 2548 Prud.
1518 2520 1591 2547 Cath.
1605 2521 1661 2553 HI,
1681 2521 1738 2548 186.
1825 2521 1859 2548 49
1878 2521 1938 2548 Ed.

285 2571 328 2604 II,
347 2572 380 2598 69
399 2571 430 2602 A,
453 2572 588 2606 Corydon,
608 2572 747 2606 Corydon,
773 2581 845 2606 quae
869 2574 898 2600 te
922 2573 1064 2600 dementia
1089 2563 1194 2608 cepit?⁴
1278 2573 1313 2600 50
1334 2573 1412 2599 wisc.
1426 2573 1449 2606 I,
1472 2574 1494 2605 1,
1515 2574 1548 2600 10
1569 2573 1708 2600 Fortunae
1733 2582 1884 2601 memorem
1909 2575 1937 2601 te

285 2623 365 2650 decet
384 2632 441 2650 esse
460 2632 546 2650 meae.
634 2625 666 2650 51
686 2633 722 2658 sq.
741 2625 828 2651 Sedul.
846 2633 867 2652 c.
884 2633 911 2659 p.
927 2625 1013 2658 praefi
1034 2626 1066 2652 13
1083 2633 1136 2659 sqq.
1161 2625 1247 2652 Cerea
1264 2625 1413 2659 gemmatis
1432 2625 1587 2652 flavescunt
1604 2625 1689 2652 mella
1707 2625 1837 2652 canistris
1853 2626 1857 2655 Ι
1873 2633 1938 2652 eon-

284 2675 434 2709 lucentque
453 2675 510 2701 suis
528 2684 613 2702 aurea
631 2685 697 2702 vasa
715 2676 795 2703 favi-⁸³.
811 2679 816 2708 Ι
832 2677 870 2703 At
887 2686 937 2704 nos
956 2677 1088 2712 exiguum
1107 2677 1142 2704 ‹le
1154 2685 1278 2712 paupere
1290 2677 1443 2712 carpsimus
1460 2678 1550 2709 horto,
1567 2677 1571 2711 Ι
1587 2678 1671 2704 rubra
1688 2677 1763 2712 quod
1775 2677 1934 2712 adpositum

285 2727 359 2753 testu
386 2726 539 2758 ministrat,
564 2727 656 2758 holus;
685 2728 731 2761 cfr.
751 2728 826 2755 Fast.
847 2729 876 2763 V,
901 2729 953 2756 334
974 2730 1106 2764 Aptaque
1130 2729 1239 2756 deliciis
1262 2737 1378 2756 munera
1400 2731 1423 2756 et
1450 2729 1541 2756 Sedul.
1561 2737 1632 2763 pros.
1648 2730 1738 2763 praef.
1756 2729 1793 2757 od.
1811 2729 1936 2757 Huemcr.

280 2787 310 2812 p.
325 2778 382 2810 176,
401 2780 418 2805 3
437 2779 474 2805 At
491 2787 541 2805 nos
559 2779 594 2805 de
612 2779 743 2814 pauperis
762 2780 835 2807 horti
855 2780 1007 2808 seminibus
1025 2780 1106 2807 holus
1125 2780 1180 2807 vile
1199 2780 1399 2815 decerpsimus,
1425 2781 1498 2815 quod
1524 2781 1553 2807 in
1576 2781 1660 2808 rubra
1678 2782 1768 2808 testae
1786 2781 1936 2816 parapside

285 2831 350 2857 voto
369 2830 457 2865 magis
476 2840 559 2864 quam
579 2832 725 2866 splendore
745 2833 883 2859 cernimur
901 2833 1067 2860 ministrare.
1154 2833 1189 2860 56
1209 2832 1284 2860 Fon-t.
1298 2833 1325 2860 G.
1339 2833 1360 2867 Ι,
1380 2833 1404 2865 9,
1423 2834 1440 2860 6
1458 2833 1506 2868 qui
1525 2833 1594 2860 colit
1611 2834 1687 2861 astra
1705 2833 1772 2868 poli.
