2040 2996
264 144 324 174 120
834 139 998 166 AUDRADI
1016 137 1143 164 MODICI
1162 136 1338 164 CARMINA.

626 226 721 263 Quod
744 226 824 258 deus
849 226 1054 268 omnipotens
1078 235 1164 256 nunc
1188 234 1291 265 usque
1316 225 1471 266 operatur
1493 222 1527 254 in
1550 222 1623 264 ipso

623 277 796 309 Ecclesiae
819 276 999 309 roborando
1022 276 1119 308 fidem
1143 275 1264 317 templo
1287 277 1477 314 memorato,

624 329 696 366 Quo
719 329 879 362 tumulata
901 329 1010 361 iacent
1033 328 1153 359 Iuliani
1175 327 1328 369 martyris
1351 337 1436 359 ossa.

526 387 564 406 42⁰
624 380 808 422 Expediam
833 381 984 422 verisque
1008 390 1122 411 canam
1146 378 1351 411 sermonibus
1374 377 1464 410 illud.

258 442 281 462 c.
297 441 392 462 xxnu.
623 431 736 463 Idibus
762 432 888 464 octonis
912 432 976 464 iam
1000 430 1211 463 redeuntibus
1235 440 1313 462 ecce

622 483 743 516 Annua
766 484 927 516 claruerat
949 483 1069 524 natalis
1093 483 1178 515 festa
1200 482 1265 514 diei

623 535 828 576 Sanctorum,
852 536 928 568 deni
951 535 1225 577 babtizanturque
1249 535 1371 577 leprosi

620 588 659 620 In
683 591 863 620 memorato
887 591 980 620 utero
1004 588 1103 619 fontis
1128 587 1278 619 salientis
1302 587 1344 618 ad
1368 597 1463 619 auras

524 647 562 666 425
621 641 764 683 Postque
787 643 1028 672 sacramentum
1052 640 1182 671 sabanis
1205 640 1392 671 baiulantur
1415 639 1456 671 ab
1478 638 1553 678 illis,

622 692 766 729 Quorum
790 703 869 725 cura
891 693 951 724 fuit
974 692 1148 724 levitarum
1171 691 1252 724 illud
1277 691 1395 734 agendi

621 745 720 784 More,
745 745 840 777 aliter
862 745 953 787 tangi
975 745 1080 787 pestis
1105 754 1184 786 quos
1207 747 1302 787 putra
1325 743 1475 780 vetabat;

622 796 704 828 Cum
729 797 836 828 subito
861 796 1036 839 splendent
1059 796 1190 828 domino
1215 798 1352 828 sanante
1377 795 1487 827 decori

620 848 840 891 Inmensoque
863 849 967 880 nitent
991 848 1141 887 candore,
1166 850 1202 880 ut
1223 847 1367 890 pulcrior
1389 847 1454 879 illis

527 906 565 924 4³⁰
623 899 723 931 Nulla
745 900 911 932 hominum
935 901 1064 943 species
1088 900 1192 942 possit
1214 899 1275 931 sub
1300 900 1368 931 sole
1391 898 1507 939 videri,

621 951 691 983 Nec
714 955 780 984 tam
803 952 939 995 pulchra
961 952 1023 984 fuit
1044 952 1173 984 mortali
1197 951 1342 994 germine
1365 951 1447 984 visa.

256 1009 279 1031 C·
294 1010 371 1031 XXV·
621 1002 664 1035 Et
688 1014 751 1035 vox
774 1014 791 1035 e
814 1005 913 1036 caelis
939 1005 1059 1036 sonuit:
1084 1003 1294 1036 ‘Carissimus
1316 1003 1381 1035 ista

624 1055 742 1088 Omnia
766 1057 944 1099 promeruit
967 1056 1113 1088 Iulianus
1136 1059 1261 1099 martyr
1284 1059 1317 1088 et
1339 1056 1455 1088 horum

624 1107 800 1140 Excellens
824 1109 948 1141 meritis
972 1109 1074 1140 multo
1097 1109 1223 1140 maiora
1245 1111 1400 1147 meretur,

528 1166 565 1185 4³⁵
624 1159 826 1192 Intemerata
848 1160 928 1192 fides
953 1161 1008 1192 olli
1032 1161 1108 1203 quia
1131 1160 1252 1191 mansit
1275 1170 1426 1201 agonum.

624 1211 828 1254 Congressus
852 1212 967 1244 nimios
991 1223 1150 1255 superans
1174 1212 1319 1254 iramque
1343 1211 1495 1243 draconis

624 1263 795 1306 Confregit
819 1275 953 1296 saevum
977 1275 1050 1296 eum
1072 1264 1160 1296 mille
1184 1264 1350 1296 furoribus
1374 1263 1514 1302 hostem,

623 1315 777 1358 Dispexit
800 1316 955 1347 mundum
979 1316 1030 1347 vel
1054 1326 1137 1358 quae
1161 1318 1236 1347 sunt
1258 1316 1358 1347 noxia
1381 1315 1501 1347 mundo

624 1367 783 1407 Calcavit,
807 1368 939 1410 sapiens
963 1368 1097 1410 collegit
1118 1368 1244 1399 fructus
1267 1367 1388 1399 amicos

528 1426 566 1445 440
624 1418 816 1461 Dilexitque
840 1418 948 1458 deum,
973 1419 1063 1450 cuius
1086 1429 1146 1461 pro
1169 1418 1300 1450 nomine
1323 1418 1425 1450 vitam

624 1470 784 1503 Tradidit:
810 1471 861 1502 hic
884 1471 991 1503 laetus
1015 1471 1098 1503 caeli
1122 1471 1187 1502 iam
1210 1473 1326 1513 regnat
1348 1470 1381 1502 in
1404 1480 1478 1502 arce

624 1522 706 1555 Cum
729 1523 853 1555 factore
877 1534 935 1555 suo
959 1533 1088 1555 mecum
1110 1534 1171 1565 per
1194 1523 1325 1554 saecula
1348 1521 1488 1554 cuncta’.

624 1575 793 1607 Glorificat
816 1586 931 1607 vocem
955 1575 1077 1606 domini
1100 1575 1261 1606 medicina
1283 1577 1400 1616 sequta

623 1627 676 1658 Ad
699 1627 860 1659 tumulum
884 1628 988 1659 sancti
1012 1627 1130 1659 natalis
1153 1627 1227 1659 luce
1252 1625 1398 1658 colenda.

527 1686 565 1705 44⁵
623 1678 695 1711 Illic
719 1690 889 1711 caecorum
912 1678 1092 1711 redduntur
1114 1679 1236 1710 lumina
1258 1679 1383 1718 turmis,

623 1731 730 1763 Aures
754 1731 925 1762 surdorum
948 1733 1146 1770 reserantur,
1170 1730 1282 1772 lingua
1304 1733 1467 1763 mutorum

625 1783 768 1815 Solvitur
791 1782 832 1814 ad
855 1783 980 1822 laudes,
1005 1782 1089 1814 clodi
1112 1785 1269 1814 sanantur
1293 1785 1326 1814 et
1349 1792 1462 1814 omnes

623 1833 774 1876 Aegroti:
798 1844 978 1876 properans
1001 1833 1109 1865 nullus
1134 1833 1273 1865 discedit
1295 1833 1401 1865 inanis

625 1885 763 1917 Casibus
788 1885 925 1917 afflictus
949 1885 1056 1925 variis,
1081 1885 1140 1917 sed
1163 1885 1247 1917 liber
1269 1885 1311 1916 ab
1335 1885 1422 1916 omni

527 1944 565 1963 450
626 1937 778 1980 Corporis
802 1941 859 1969 aut
880 1937 1011 1978 mentis,
1034 1937 1143 1969 fuerat
1165 1947 1238 1979 qu0,
1262 1937 1407 1977 vulnere,
1431 1937 1551 1976 laesus,

622 1989 775 2032 Martyris
798 1990 920 2021 auxilio
943 1989 1094 2032 precibus
1117 1989 1307 2031 meritisque
1330 1989 1448 2021 beatis.

623 2042 807 2074 Daemonia
829 2041 1011 2084 aufugiunt,
1036 2042 1171 2073 obsessa
1194 2043 1227 2073 et
1250 2051 1387 2084 corpora
1409 2041 1533 2080 laxant,

624 2093 746 2126 Vexati
769 2093 880 2125 miseri
903 2094 989 2125 vires
1014 2093 1223 2136 animumque
1245 2096 1426 2126 resumunt.

623 2146 686 2178 His
709 2148 808 2188 auget
831 2145 934 2187 signis
956 2146 1060 2177 trinus
1083 2149 1238 2188 regnator
1260 2148 1293 2177 et
1315 2156 1416 2177 unus:

528 2205 566 2224 455
623 2197 708 2230 Nam
731 2208 935 2240 quocumque
959 2198 1030 2229 loco
1055 2198 1159 2230 sancti
1180 2197 1381 2229 fabricantur
1403 2197 1526 2229 honore

623 2249 776 2292 Martyris
801 2250 913 2281 eximii
936 2250 1055 2281 Iuliani
1079 2250 1112 2281 in
1134 2250 1265 2282 nomine
1290 2248 1410 2281 Christi

363 2311 430 2337 Acta
448 2312 481 2337 B.
502 2312 553 2337 Iul.

259 2367 411 2388 consecutus
429 2367 467 2389 est
484 2364 626 2394 sanitatem,
644 2367 674 2388 ut
691 2363 718 2388 in
736 2364 870 2388 hominum
887 2372 981 2397 genere
999 2372 1140 2397 numquam
1158 2365 1217 2399 talis
1236 2363 1400 2397 pulchritudo
1419 2367 1611 2388 monstraretur.
1646 2364 1703 2388 Vox
1723 2366 1809 2388 autem
1826 2363 1914 2388 audita

259 2409 298 2430 est
315 2406 346 2431 ‹le
363 2406 433 2431 caelo
452 2407 554 2432 dicens:
578 2407 680 2432 ‘Iuliani
698 2407 784 2432 dilecti
802 2407 851 2432 mei
869 2407 932 2432 fides
950 2408 1014 2433 haec
1032 2408 1116 2433 omnia
1134 2408 1228 2433 meruit
1246 2411 1271 2432 et
1289 2407 1384 2432 maiora
1403 2407 1494 2432 horum
1512 2406 1667 2431 merebitur'.
1702 2407 1734 2431 In
1751 2414 1782 2431 eo
1800 2406 1910 2438 denique

259 2449 399 2474 venerabili
422 2449 478 2474 loco
502 2450 555 2475 ceci
572 2450 765 2479 illuminantur,
789 2450 909 2475 demones
934 2450 1092 2483 effugantur;
1117 2453 1143 2475 et
1160 2458 1212 2475 non
1230 2449 1314 2474 solum
1332 2449 1380 2479 ibi,
1405 2449 1449 2474 sed
1473 2449 1630 2481 ubicumque
1648 2449 1675 2474 in
1694 2449 1797 2474 nomine
1815 2449 1911 2475 christi

260 2494 286 2516 et
302 2495 448 2517 sanctorum
466 2493 522 2518 eius
540 2493 633 2518 Iuliani
651 2496 677 2517 et
693 2493 828 2518 Basilissae
846 2493 984 2518 fabricatae
1002 2496 1063 2518 sunt
1080 2496 1183 2518 sanctae
1200 2492 1347 2518 aecclesiae.

362 2535 449 2560 Gloria
467 2535 578 2565 christo,
602 2536 646 2568 qui
669 2539 708 2561 est
731 2536 813 2561 fidelis
836 2536 863 2561 in
882 2536 967 2561 verbis
989 2536 1043 2560 suis
1067 2539 1093 2561 et
1115 2539 1212 2561 tantam
1235 2535 1343 2568 gloriam
1365 2538 1477 2568 praestat
1498 2535 1579 2560 servis
1597 2535 1652 2561 suis
1669 2539 1695 2561 et
1713 2543 1772 2560 eum
1790 2539 1864 2568 patre
1886 2539 1912 2561 et

261 2577 351 2610 spiritu
369 2582 456 2603 sancto
474 2582 565 2611 regnat
582 2579 608 2603 in
627 2579 740 2604 trinitate
759 2579 928 2612 sempiternae
947 2579 1050 2604 virtutis
1068 2587 1114 2611 per
1131 2579 1217 2604 omnin.
1234 2578 1322 2604 secula
1339 2578 1492 2607 seculorum,
1511 2586 1594 2604 amen.

363 2705 415 2731 419
433 2706 584 2740 *tumulata]
604 2708 707 2733 condita
719 2707 744 2732 P
845 2706 897 2733 429
915 2708 1046 2740 pulchrior
1058 2708 1089 2732 P‘

363 2790 414 2817 420
431 2791 499 2818 Aen.
519 2800 539 2818 ε.
555 2800 579 2825 9.
601 2791 652 2825 ΧΙ,
672 2793 723 2819 315
741 2793 902 2827 Expediam.
1007 2793 1059 2820 4⁴24
1076 2793 1122 2825 cfr.
1140 2792 1165 2819 d.
1183 2793 1204 2826 f.
1223 2801 1244 2819 v.
1265 2793 1305 2819 79.
