2060 3074
490 330 514 349 45

487 589 513 607 ⁵0

484 849 508 867 55

484 1367 509 1386 6³

485 1627 510 1646 ⁷0

0 1737 9 1813 J}

0 1841 10 1911 {l

0 1941 4 1953 ,

485 1886 510 1906 75

486 2404 510 2423 85

748 180 858 207 VITAE
877 180 902 207 S.
921 179 1089 207 GERMANI
1108 181 1215 207 LIBER
1229 181 1275 207 VI.

551 266 750 298 Germanum
774 277 916 309 magnae
941 268 1134 300 subeuntem
1158 268 1327 300 moenibus
1351 268 1452 305 urbis,

551 317 624 354 Qua
646 321 772 349 tantum
796 318 919 360 pietate
942 321 1070 360 patrem
1094 322 1234 351 tractare
1258 319 1407 358 decebat,

554 369 741 412 Excipiunt.
785 369 909 402 Rerum
933 381 1090 402 conversa
1113 374 1199 403 sorte
1223 371 1365 409 videres,

554 421 599 453 Ut
621 432 761 464 pompae
785 422 934 463 refugum
959 422 1067 454 studio
1092 426 1237 454 certante
1262 423 1431 464 premebat

552 473 651 515 Vulgi
675 484 794 515 pompa
817 484 951 516 sequax.
997 473 1114 505 Edicto
1138 474 1292 516 principis
1317 485 1431 506 omnes

553 526 737 556 Occurrunt
759 535 922 567 proceres,
948 528 1101 568 properat
1124 526 1309 568 promiscua
1332 525 1460 568 plebes:

549 576 632 609 Tum
657 587 751 608 sacer
774 577 935 609 ecclesiae
959 577 1061 609 denso
1085 577 1150 608 ruit
1173 578 1304 618 agmine
1329 577 1444 610 clerus.

552 628 719 660 Laudibus
744 628 777 660 hi
801 627 970 671 plaudunt,
994 629 1178 671 persultant
1201 629 1371 670 plausibus
1395 629 1442 660 illi

551 679 593 711 Et
616 690 784 711 commune
808 679 908 712 decus
931 680 1025 722 parili
1047 681 1171 723 pietate
1195 681 1349 713 salutant.

593 732 756 764 Plurimus
779 733 949 775 Augustos
973 734 1070 765 animi
1094 733 1288 776 perflaverat
1312 732 1409 765 ardor

550 783 723 826 Obsequiis
748 785 914 817 cumulare
938 785 1052 816 virum.
1099 784 1297 816 Cautissima
1321 796 1428 816 rerum

546 836 615 867 Vas
639 836 782 879 amplum
806 837 921 879 regina
944 839 1074 868 struens
1098 837 1265 878 regalibus
1289 837 1375 868 escis

549 887 621 919 Non
646 891 754 920 tamen
778 889 876 920 ullius
900 888 1002 920 mixta
1026 888 1224 931 pinguedine
1249 889 1355 920 carnis

548 938 650 971 Mittit
672 940 827 982 pontifici.
873 939 1034 982 Suscepto
1059 950 1193 972 munere
1218 940 1274 972 tali

548 991 693 1023 Partitur
715 992 855 1035 propriis
879 991 1015 1023 obsonia
1039 995 1156 1023 cuncta
1179 991 1345 1030 ministris,

551 1042 699 1075 Vindicat
722 1048 893 1086 argentum
918 1044 1046 1076 miseris
1069 1044 1233 1075 fracturus
1257 1043 1381 1085 egenis.

550 1095 635 1127 Exin
660 1096 871 1138 conspicuum
897 1099 1087 1138 compensat
1110 1106 1244 1127 munere
1268 1106 1385 1127 munus

549 1147 592 1178 Et
616 1147 672 1179 vili
696 1150 730 1180 et
751 1147 878 1180 modico
904 1148 1074 1190 suppletur
1097 1147 1208 1189 lignea
1230 1158 1328 1190 pane,

549 1199 654 1235 Quam
678 1199 811 1242 praesul
834 1210 950 1242 parcos
974 1199 1119 1242 patinam
1143 1199 1315 1242 promebat
1338 1199 1370 1230 in
1394 1209 1483 1230 usus.

549 1250 687 1282 Mittitur
711 1251 893 1294 Augustae:
918 1251 1039 1283 donum
1063 1252 1233 1294 complexa
1256 1255 1409 1283 verenter

551 1302 694 1345 Suscipit
718 1306 761 1342 et,
784 1307 950 1345 tamquam
973 1306 1109 1346 caperet
1132 1303 1300 1342 caelestia,
1324 1302 1434 1335 condit

547 1354 683 1387 Munere
707 1355 793 1387 laeta
816 1354 903 1393 dato,
927 1354 986 1387 sed
1009 1355 1128 1387 laetior
1150 1355 1206 1387 illa
1230 1358 1368 1398 recepto.

550 1407 655 1443 Quam
679 1406 776 1438 fuerit
799 1417 910 1438 carum
934 1417 1071 1439 manans
1095 1417 1115 1438 a
1136 1407 1288 1449 praesule
1312 1406 1441 1444 donum,

550 1458 629 1491 Mox
651 1459 772 1501 liquido
797 1459 911 1502 patuit,
936 1458 1022 1501 quod
1046 1462 1080 1491 et
1102 1469 1181 1491 auro
1203 1458 1354 1493 claudere
1378 1459 1501 1501 lignum

550 1511 688 1543 Iusserit
711 1514 744 1542 et
767 1511 864 1543 variis
887 1521 1006 1554 panem
1030 1521 1162 1543 servare
1187 1510 1333 1543 medelis.

550 1562 578 1594 O
602 1573 655 1594 res
678 1563 820 1595 aeternis
844 1566 933 1595 certe
957 1562 1150 1605 dignissima
1173 1563 1281 1598 fastis;

547 1615 586 1653 Ο,
610 1625 694 1657 quae
719 1614 876 1646 sublimes
901 1614 1048 1654 inclinas,
1073 1615 1188 1656 gratia,
1212 1618 1338 1646 mentes

549 1667 592 1699 Et
615 1666 746 1699 Christo
771 1667 895 1709 subigis
918 1666 1074 1699 mundani
1099 1667 1183 1699 colla
1206 1667 1358 1703 tumoris;

550 1718 578 1750 Ο
602 1718 716 1761 regina
738 1718 828 1761 pium
851 1729 1012 1750 venerans
1037 1719 1069 1750 in
1093 1719 1247 1762 praesule
1270 1729 1406 1753 numen:

550 1770 588 1809 Ο,
613 1770 666 1802 cui
687 1770 753 1802 iam
776 1769 883 1802 defert
905 1770 1054 1802 Romana
1077 1770 1233 1813 potentia,
1257 1770 1388 1813 praesul
1412 1790 1451 1794 —

549 1821 619 1854 Nec
642 1821 746 1854 aberit
768 1821 880 1861 multo,
905 1823 980 1864 quin
1005 1822 1097 1854 ocius
1121 1825 1212 1854 astra
1234 1822 1386 1864 sequenti

547 1873 684 1906 Deferat
705 1873 880 1906 aethereus
904 1874 1033 1917 superis
1057 1884 1129 1906 cum
1152 1873 1284 1906 milibus
1307 1874 1389 1906 axis.

592 1925 692 1958 Forte
715 1925 768 1957 die
791 1925 931 1968 quadam
955 1926 1075 1969 populo
1099 1926 1240 1968 stipante
1264 1926 1406 1969 plateam

550 1976 735 2020 Ingreditur
757 1977 887 2020 placido
910 1977 1113 2020 perlustrans
1137 1977 1246 2009 omnia
1270 1987 1385 2020 gressu

550 2029 755 2072 Devenitque
778 2029 897 2068 locum,
920 2029 1041 2061 misera
1065 2039 1128 2071 quo
1152 2032 1238 2060 sorte
1262 2032 1440 2061 nocentum

550 2081 686 2113 Publica
709 2080 925 2123 dampnarunt
948 2080 1093 2113 tenebris
1116 2081 1284 2123 ergastula
1306 2080 1445 2120 turbam,

549 2132 677 2174 Quique
700 2132 842 2164 inmersa
865 2143 944 2164 cavo
969 2132 1072 2164 stricti
1096 2132 1235 2174 vestigia
1257 2132 1345 2174 ligno

551 2185 714 2216 Incertum
738 2187 932 2227 optarentne
955 2184 1061 2226 magis
1084 2184 1236 2227 potiusne
1259 2184 1411 2216 timerent

550 2236 725 2279 Suppliciis
747 2236 839 2268 finire
864 2235 968 2269 diem:
993 2247 1069 2279 spes
1093 2239 1204 2268 cetera
1227 2238 1345 2278 torpet.

592 2287 643 2320 Ne
665 2286 837 2331 trepidate,
861 2288 932 2327 viri,
957 2298 1020 2320 neu
1044 2298 1100 2319 vos
1124 2287 1265 2319 addicite
1289 2287 1398 2319 morti:

550 2339 623 2372 Non
646 2340 749 2372 omnis
773 2339 947 2382 absumpta
970 2340 1069 2372 salus.
1115 2339 1188 2376 Qua
1211 2339 1302 2370 nulla
1325 2341 1468 2382 putatur,

548 2390 701 2423 Advehet
724 2395 870 2434 optatum
894 2391 1054 2423 subducta
1078 2391 1170 2423 clade
1195 2391 1354 2423 levamen.

551 2443 746 2486 Compei-tus
768 2443 896 2475 miseris
919 2446 1019 2485 utque
1043 2446 1095 2475 est
1118 2443 1256 2474 transire
1281 2441 1442 2480 sacerdos,

551 2494 664 2526 Elatas
687 2495 809 2538 pariter
832 2494 952 2526 tollunt
974 2494 1015 2526 ad
1039 2494 1146 2526 sidera
1169 2504 1276 2526 voces.

550 2546 711 2588 Agnoscit
735 2556 848 2578 causas
874 2546 993 2589 populo
1016 2546 1179 2578 referente
1204 2545 1338 2577 doloris:

550 2597 680 2630 Indolet
702 2607 739 2630 ac
764 2597 890 2629 facilem
913 2598 1043 2639 stringit
1066 2597 1248 2640 compassio
1273 2600 1425 2628 mentem.

287 2829 320 2859 81
340 2831 441 2857 lucei-tu
460 2831 486 2859 Ρ
531 2857 534 2859 ,

291 2744 395 2770 sctwcia
413 2758 444 2762 —
462 2731 497 2769 '58
515 2743 632 2777 omnia]
651 2745 721 2770 cnm
825 2743 859 2769 84
878 2743 960 2776 uuna]
979 2752 1014 2769 so.
1033 2744 1103 2769 salus

587 2831 623 2858 ad
640 2830 674 2856 83
694 2832 793 2864 Apostr.
813 2839 860 2857 om.
881 2829 1006 2856 Boakias
1109 2828 1142 2856 84
1161 2833 1292 2863 assumpta
1311 2829 1336 2855 1²

1770 183 1832 213 503

1577 737 1607 761 Ut
1626 737 1717 769 regina
1728 741 1751 762 et
1769 738 1832 769 epio-

1573 788 1650 812 copus
1662 780 1770 804 vicissim
1785 780 1833 804 sibi

1575 823 1682 855 fercula
1700 823 1819 848 miserint.

1577 1930 1607 1955 Ue
1620 1939 1676 1956 reos
1689 1931 1719 1956 dc
1729 1939 1831 1956 carcerc

1582 1974 1696 1999 oratione
1714 1974 1822 1999 solverit.

1601 2291 1695 2323 Apum·
1699 2288 1799 2323 (opha).
