2040 2996
238 122 296 153 102
810 117 974 144 AUDRADI
993 115 1120 144 MODICI
1139 115 1315 143 CARMINA.

598 205 777 248 Imperium
801 204 921 236 domini
946 203 1100 236 dicentis:
1125 202 1284 245 “quisque
1307 202 1419 234 venire

597 258 678 289 Vult
701 260 776 300 post
797 267 866 296 me,
891 258 1024 298 spernat
1047 253 1202 286 mundum
1226 253 1279 286 vel
1302 254 1454 296 quicquid
1477 254 1509 285 in
1533 255 1604 297 ipso

599 309 769 350 Aggravat
790 308 949 339 humanos
974 317 1088 338 sensus
1113 309 1321 347 mentemque
1343 306 1465 336 tuentis

515 368 541 385 ⁴⁰
599 360 757 391 Emollire
782 360 880 399 solet,
906 362 1012 390 semet
1036 367 1162 400 quoque
1186 356 1329 399 deneget
1351 357 1457 399 ipsum

597 411 707 453 Atque
732 422 861 443 crucem
884 410 1049 452 propriam
1073 409 1198 440 baiulet
1220 408 1367 450 liberque
1390 409 1546 449 vocantis,

599 463 741 494 Calcatis
765 462 881 505 opibus
905 462 982 493 nihil
1007 464 1168 503 preponat
1191 461 1306 498 amori;

598 515 671 546 Non
695 517 823 557 patrem
847 517 1043 553 matremve,
1068 512 1183 544 domus
1207 513 1356 555 vitesque
1379 513 1432 544 vel
1455 523 1550 555 agros

598 566 667 598 Nec
692 565 847 608 quicquid
870 566 960 596 visus
984 565 1036 596 vel
1061 575 1177 596 sensus
1202 565 1337 606 contigit
1359 575 1525 606 umquam,

517 626 541 644 ⁴⁵
600 618 719 660 Nilque
743 618 830 649 aliud
855 620 983 660 spectet
1006 619 1135 659 praeter
1159 616 1321 658 promissa
1345 617 1487 648 creantis

600 671 830 713 Sollicitusque
854 673 947 712 gerat
972 680 1101 711 semper
1124 679 1234 700 curam
1258 669 1450 700 miserorum

600 722 861 765 Contemptaque
884 721 972 753 fame
997 722 1109 761 satiet,
1134 731 1213 762 quos
1236 721 1324 752 novit
1348 731 1456 763 egere,

597 774 716 806 Induat
740 777 773 806 et
795 773 915 812 nudos,
940 773 1080 816 simplex
1105 773 1131 804 si
1154 772 1256 804 vestis
1281 771 1457 805 abundet''.

599 826 680 858 Tale
705 826 765 858 deo
789 836 906 857 munus
931 826 1008 856 satis
1030 824 1235 867 'acceptabile
1260 834 1390 867 semper

518 885 542 903 5¹0
600 878 653 918 Et,
678 888 740 920 quo
763 888 828 909 non
851 878 918 908 irae
943 877 1046 908 facies
1070 876 1272 918 demergitur
1294 875 1417 907 umbris

601 930 715 966 Quove
740 930 803 961 ruit
825 940 983 971 praeceps
1009 928 1171 960 discordia
1193 938 1276 970 pace
1300 927 1358 959 sub
1387 928 1473 959 alma

600 981 644 1013 Et
667 992 729 1024 quo
753 992 926 1024 perversus
951 983 1083 1012 sanctus
1107 991 1170 1011 non
1195 979 1313 1011 dicitur
1337 990 1410 1011 esse

601 1033 644 1064 Et
667 1044 743 1065 vere
769 1036 902 1065 sanctus
925 1033 1025 1075 digno
1050 1035 1226 1064 veneratur
1249 1031 1382 1062 honore.

601 1085 684 1116 Nam
710 1088 786 1116 sunt
810 1085 971 1123 nonnulli,
996 1095 1076 1126 quos
1100 1083 1185 1115 actio
1209 1083 1300 1114 nulla
1323 1082 1440 1114 beatos

602 1136 694 1168 Fecit
718 1139 751 1167 et
774 1136 884 1167 hostili
907 1136 1031 1168 sanctis
1056 1136 1174 1166 virtute
1197 1137 1391 1177 repugnant,

599 1187 697 1219 Falso
721 1188 776 1230 qni
799 1187 888 1219 credi
912 1190 1073 1229 quaerunt
1097 1187 1157 1218 sub
1181 1186 1311 1218 nomine
1337 1186 1462 1222 saneti;

600 1239 644 1270 Et
668 1243 742 1271 sunt
765 1239 927 1280 nonnulli,
951 1249 1031 1280 quos
1054 1238 1160 1280 gratia
1183 1238 1276 1279 larga
1299 1237 1445 1268 tonantis

599 1290 720 1322 Effecit
741 1291 862 1330 iustos,
886 1290 1000 1322 humili
1023 1290 1078 1332 qui
1101 1293 1211 1321 mente
1236 1290 1366 1321 beatam

601 1342 742 1384 Elegere
767 1343 853 1374 viam
877 1345 1076 1383 cunctosque
1100 1341 1212 1372 iuvare
1236 1341 1343 1383 parati

520 1401 545 1419 ⁶0
604 1395 632 1426 A
656 1394 744 1425 nullo
768 1393 883 1425 laudes
908 1397 1080 1436 quaerunt,
1104 1393 1300 1435 fugiuntque
1324 1392 1382 1424 sed
1407 1403 1520 1424 omnes

600 1446 788 1478 Mundanae
812 1446 915 1478 laudis
939 1456 1076 1488 pompas
1101 1445 1331 1486 hominumque
1354 1445 1484 1476 favores

601 1551 644 1582 Et
668 1552 793 1582 nullum
816 1550 952 1582 laedunt
974 1551 1154 1592 noluntque
1177 1558 1297 1581 nocere
1320 1551 1505 1580 nocentem.

602 1603 648 1634 Hi
672 1613 803 1645 semper
826 1602 965 1633 humiles
990 1601 1123 1633 student
1145 1611 1180 1633 se
1205 1600 1309 1633 cordis
1332 1601 1364 1632 in
1389 1611 1446 1632 ara

519 1663 543 1681 (³⁵
605 1654 761 1694 Gontriti,
787 1654 885 1693 casti,
910 1653 1056 1685 tribulati
1080 1653 1262 1685 sacrificare

602 1707 746 1738 Aeterno
771 1706 915 1745 domino,
941 1706 1030 1738 solus
1055 1706 1109 1748 qui
1132 1708 1248 1747 regnat
1270 1704 1407 1746 ubique:

601 1757 663 1789 His
687 1757 774 1789 idem
799 1757 950 1789 dominus
975 1756 1124 1788 concedit
1147 1756 1274 1797 discere
1297 1756 1408 1795 talem,

344 1821 411 1847 Acta
428 1820 461 1846 B.
481 1820 534 1846 Iul.

236 1873 316 1898 seculi
335 1874 411 1898 faciat
427 1874 549 1904 alienum,
568 1875 593 1897 et
612 1871 691 1897 solam
710 1879 800 1896 vocem
818 1870 914 1896 domiui
931 1870 1018 1896 audiat
1035 1869 1184 1902 imperantis
1202 1873 1228 1895 et
1245 1869 1352 1895 dicentis
1371 1869 1444 1902 (Luc.
1456 1868 1480 1900 9,
1490 1868 1549 1902 23):
1569 1870 1607 1896 “si
1625 1872 1682 1904 quis
1700 1872 1757 1897 vult
1775 1875 1833 1904 post
1850 1880 1892 1898 me

238 1917 333 1948 venire,
351 1917 463 1949 abneget
480 1919 560 1941 semet
578 1915 662 1948 ipsum
681 1914 746 1939 sibi''
765 1918 790 1939 et
813 1914 878 1939 nihil
895 1915 975 1939 amori
993 1914 1088 1939 Christi
1107 1916 1257 1946 praeponat,
1280 1913 1344 1938 nihil
1365 1913 1437 1944 aliud
1458 1914 1594 1946 desideret,
1618 1915 1668 1940 nisi
1688 1923 1753 1947 quse
1775 1915 1894 1941 dominus

236 1960 373 1992 promittit,
393 1968 444 1984 non
463 1959 628 1985 considerans
640 1962 745 1991 patrem,
764 1966 816 1982 non
828 1959 942 1989 matrem,
960 1966 1013 1982 non
1027 1965 1139 1988 uxorem,
1158 1965 1210 1981 non
1228 1956 1294 1981 filios
1312 1959 1338 1982 et
1349 1960 1456 1988 caetera,
1476 1965 1543 1989 quae
1561 1961 1689 1983 noverunt
1706 1958 1891 1991 intelligentes3

236 2007 295 2028 ante
318 2003 404 2028 omnia
428 2011 505 2035 quam
529 2002 584 2034 (qui
602 2001 665 2031 BE)
689 2009 832 2034 pauperum
853 2009 941 2026 curam
966 2000 1075 2026 sollicite
1092 2004 1194 2033 gerant,
1218 2000 1263 2032 qui
1287 2003 1455 2024 contemnunt
1478 1999 1600 2031 (conteuti
1618 2004 1680 2026 sunt
1698 2000 1731 2033 Β)
1749 2001 1845 2026 esurire
1862 2005 1893 2026 ut

236 2046 279 2071 alii
297 2046 461 2071 refocilentur
486 2045 558 2077 (satis
582 2045 628 2070 deo
646 2050 779 2077 acceptum
802 2048 841 2070 est
861 2053 970 2074 munus,
995 2053 1046 2076 quo
1070 2044 1187 2077 indigens
1210 2047 1352 2075 saturatur,
1377 2047 1402 2069 et
1420 2044 1506 2069 nudus
1524 2043 1656 2076 vestitur);
1684 2045 1729 2077 qui
1753 2045 1816 2070 iram
1839 2053 1892 2070 non

237 2089 335 2122 perficit
353 2093 378 2114 et
394 2089 490 2114 malum
508 2097 553 2121 pro
571 2089 638 2114 malo
656 2097 707 2113 non
725 2088 816 2120 reddit,
834 2089 879 2120 qui
898 2088 1043 2113 iracundiae
1064 2092 1165 2120 tempus
1182 2095 1235 2112 non
1253 2090 1374 2117 reservat,
1393 2090 1418 2112 et
1435 2087 1570 2120 impatiens
1587 2095 1633 2120 per
1650 2087 1798 2120 patientiam
1817 2095 1892 2120 supe·

237 2136 321 2164 ratur;
337 2133 381 2165 qui
399 2141 450 2158 non
468 2133 562 2157 dicitur
579 2136 682 2157 sanctus
701 2135 839 2164 antequam
857 2132 898 2164 sit,
915 2131 960 2157 sed
978 2134 1007 2156 ut
1024 2131 1064 2162 sit,
1083 2139 1159 2163 quam
1178 2130 1209 2155 de
1221 2138 1251 2155 eo
1262 2130 1349 2155 verius
1361 2129 1467 2154 dicatur.
1505 2130 1581 2155 Multi
1593 2130 1662 2155 enim
1673 2130 1802 2163 dicuntur,
1820 2130 1892 2163 quod

238 2185 288 2201 non
307 2180 379 2207 sunt,
400 2179 426 2201 et
443 2176 497 2200 sola
515 2184 559 2208 spe
578 2175 668 2207 securi,
687 2175 748 2208 quia
765 2175 896 2206 dicuntur,
921 2175 989 2207 quod
1007 2183 1059 2199 non
1077 2177 1151 2205 sunt,
1176 2181 1268 2206 segnes
1292 2172 1440 2198 efficiuntur
1457 2173 1587 2198 elaborare
1605 2176 1634 2198 ut
1651 2173 1704 2198 sint
1721 2173 1789 2205 quod
1807 2173 1838 2198 de
1855 2173 1893 2199 eis

238 2220 296 2244 ficte
314 2219 418 2250 dicitur;
448 2223 473 2244 et
491 2219 565 2244 multi
584 2222 655 2250 sunt,
674 2218 718 2250 qui
737 2226 796 2243 vere
815 2218 896 2243 sancti
914 2221 976 2243 sunt
993 2222 1019 2243 et
1038 2226 1089 2242 non
1108 2217 1212 2248 dicitur,
1233 2216 1301 2248 quod
1319 2220 1387 2248 sunt,
1406 2216 1450 2241 sed
1467 2216 1612 2241 humilitate
1629 2220 1655 2241 et
1672 2217 1756 2250 gratia
1773 2217 1843 2250 pleni
1859 2217 1892 2242 ab

238 2262 385 2287 hominibus
403 2262 462 2287 sciri
480 2262 572 2287 nolunt
590 2262 658 2294 quod
678 2265 751 2293 sunt,
770 2265 799 2286 ut
816 2262 848 2286 ab
866 2261 910 2286 illo
928 2261 1052 2293 recipiant
1069 2260 1222 2291 mercedem,
1242 2259 1286 2292 qui
1308 2260 1380 2284 novit
1397 2259 1465 2291 quod
1482 2263 1550 2284 sunt.
1587 2259 1630 2284 Hi·
1639 2259 1703 2284 tales
1721 2259 1787 2285 hanc
1803 2263 1892 2292 artem,

238 2313 315 2337 quam
337 2313 384 2337 ego
409 2305 497 2337 didici,
522 2306 618 2331 discere
641 2308 755 2337 possunt.
796 2305 853 2329 Non
877 2306 960 2331 solum
984 2305 1011 2329 in
1034 2305 1082 2329 hoc
1105 2312 1210 2337 corpore
1233 2304 1354 2336 degentes
1377 2303 1443 2328 hanc
1460 2303 1643 2333 mercabantur
1660 2303 1780 2336 gratiam,
1805 2304 1850 2329 sed
1867 2308 1894 2329 et

238 2352 366 2373 aeternam
396 2356 454 2372 cum
482 2347 584 2373 domino
612 2347 775 2372 collocabunt
800 2348 948 2379 amicitiam;
976 2347 1020 2380 qui
1044 2347 1155 2380 primum
1186 2346 1253 2371 docti
1277 2354 1294 2371 a
1317 2346 1418 2371 Christo
1445 2346 1502 2371 aliis
1526 2346 1722 2371 subministrant
1745 2346 1841 2371 donum
1865 2346 1892 2372 in

239 2399 266 2415 se
290 2391 418 2422 collatum,
442 2399 468 2415 se
492 2391 601 2423 primum
626 2390 768 2422 lucrantes,
793 2390 884 2416 deinde
907 2391 1021 2423 proximo
1046 2390 1187 2421 facientes,⁴
1204 2397 1270 2421 quse
1293 2389 1452 2421 praedicant;
1477 2397 1529 2414 non
1546 2389 1630 2414 solum
1649 2389 1775 2422 doctores,
1799 2389 1845 2415 sed
1867 2393 1894 2415 et

239 2433 287 2458 viri
309 2433 482 2458 aedificatores
503 2433 586 2458 illatas
609 2433 659 2458 sibi
680 2434 787 2459 iniurias
810 2442 854 2466 pro
878 2434 955 2459 laude
973 2434 1106 2466 deputant;
1133 2433 1177 2465 qui
1195 2432 1244 2457 sibi
1262 2431 1371 2457 iniuriae
1388 2435 1489 2464 tempus
1507 2440 1558 2457 non
1577 2435 1719 2463 teser-vanu
1744 2432 1789 2464 qui
1806 2440 1894 2458 recon-

239 2476 355 2501 ciliantes
379 2485 405 2501 se
428 2477 544 2509 proximo
562 2480 588 2502 et
605 2477 750 2509 proximum
767 2477 829 2509 sibi,
854 2478 990 2502 conferunt
1008 2484 1115 2508 munera
1132 2476 1245 2507 Christo3
1274 2475 1319 2507 qui
1336 2475 1506 2500 humilitatem
1523 2478 1623 2507 optant,
1648 2475 1716 2507 quod
1734 2478 1773 2500 est
1789 2475 1894 2500 eulmen

343 2577 377 2603 43
396 2578 471 2611 vites]
491 2583 515 2604 te
533 2579 560 2603 in
578 2588 630 2603 ras.
646 2579 670 2603 I’
771 2577 805 2604 47
825 2579 1010 2612 *contentaque
1023 2579 1047 2604 P

342 2654 375 2680 41
395 2653 462 2680 law.
482 2654 521 2687 14,
536 2654 569 2680 27
589 2656 617 2681 et
635 2655 683 2688 qui
702 2664 757 2682 non
770 2655 881 2682 baiulat
892 2663 1001 2682 crucem
1016 2656 1143 2682 suam-et
1160 2653 1239 2681 venit
1251 2655 1315 2688 post
1327 2662 1378 2687 me,
1397 2662 1454 2680 non
1467 2655 1561 2688 potest
1571 2662 1649 2681 meus
1661 2662 1720 2681 esse
1733 2653 1893 2688 discipulus.

240 2705 274 2731 ‹34
286 2713 337 2739 sqq.
358 2705 456 2732 Psalm.
480 2705 521 2737 ι’)Ο,
542 2706 573 2732 19
593 2706 762 2733 Sacrificium
789 2707 840 2733 deo
860 2707 974 2742 spiritus
993 2707 1209 2734 contribulatus:
1240 2714 1286 2732 cor
1304 2706 1454 2733 contritum
1481 2708 1509 2732 et
1531 2705 1720 2733 humilitatem
1745 2705 1812 2733 deus
1837 2713 1893 2733 non

241 2756 384 2791 despicies.

1860 2820 1882 2849 ..Σ
