<?xml version="1.0" encoding="UTF-8"?>
<!DOCTYPE html PUBLIC "-//W3C//DTD XHTML 1.0 Transitional//EN"
    "http://www.w3.org/TR/xhtml1/DTD/xhtml1-transitional.dtd">
<html xmlns="http://www.w3.org/1999/xhtml" xml:lang="en" lang="en">
 <head>
  <title>
</title>
<meta http-equiv="Content-Type" content="text/html;charset=utf-8" />
  <meta name='ocr-system' content='tesseract 3.04.00' />
  <meta name='ocr-capabilities' content='ocr_page ocr_carea ocr_par ocr_line ocrx_word'/>
</head>
<body>
  <div class='ocr_page' id='page_1' title='image "./monumentagerma03geseuoft/monumentagerma03geseuoft_0416.png"; bbox 0 0 2060 3074; ppageno 0'>
   <div class='ocr_carea' id='block_1_1' title="bbox 267 181 1284 214">
    <p class='ocr_par' dir='ltr' id='par_1_1' title="bbox 267 181 1284 214">
     <span class='ocr_line' id='line_1_1' title="bbox 267 181 1284 214; baseline -0.007 0"><span class='ocrx_word' id='word_1_1' title='bbox 267 185 326 214; x_wconf 76' lang='lat'>400</span> <span class='ocrx_word' id='word_1_2' title='bbox 889 182 1089 208; x_wconf 79' lang='lat' dir='ltr'>BERTHARII</span> <span class='ocrx_word' id='word_1_3' title='bbox 1109 181 1284 208; x_wconf 83' lang='lat' dir='ltr'>CARMINA.</span> 
     </span>
    </p>
   </div>
   <div class='ocr_carea' id='block_1_2' title="bbox 556 268 1632 2652">
    <p class='ocr_par' dir='ltr' id='par_1_2' title="bbox 556 268 1632 2652">
     <span class='ocr_line' id='line_1_2' title="bbox 563 268 1478 311; baseline -0.001 -11"><span class='ocrx_word' id='word_1_4' title='bbox 563 283 588 300; x_wconf 61' lang='lat' dir='ltr'>m»</span> <span class='ocrx_word' id='word_1_5' title='bbox 628 270 746 311; x_wconf 75' lang='lat' dir='ltr'>Arguit</span> <span class='ocrx_word' id='word_1_6' title='bbox 770 270 855 300; x_wconf 87' lang='lat' dir='ltr'>hunc</span> <span class='ocrx_word' id='word_1_7' title='bbox 878 274 988 311; x_wconf 84' lang='lat' dir='ltr'>pastor</span> <span class='ocrx_word' id='word_1_8' title='bbox 1013 269 1068 300; x_wconf 81' lang='lat' dir='ltr'>tali</span> <span class='ocrx_word' id='word_1_9' title='bbox 1092 279 1149 310; x_wconf 88' lang='lat' dir='ltr'>pro</span> <span class='ocrx_word' id='word_1_10' title='bbox 1173 268 1306 300; x_wconf 86' lang='lat' dir='ltr'>crimine</span> <span class='ocrx_word' id='word_1_11' title='bbox 1330 271 1478 303; x_wconf 63' lang='lat' dir='ltr'>sanctusz</span> 
     </span>
     <span class='ocr_line' id='line_1_3' title="bbox 672 320 1450 362; baseline -0.001 -10"><span class='ocrx_word' id='word_1_12' title='bbox 672 321 750 352; x_wconf 88' lang='lat' dir='ltr'>Mox</span> <span class='ocrx_word' id='word_1_13' title='bbox 775 322 902 352; x_wconf 87' lang='lat' dir='ltr'>veniam</span> <span class='ocrx_word' id='word_1_14' title='bbox 926 321 1040 362; x_wconf 82' lang='lat' dir='ltr'>culpae</span> <span class='ocrx_word' id='word_1_15' title='bbox 1065 321 1192 362; x_wconf 79' lang='lat' dir='ltr'><strong>expetit</strong></span> <span class='ocrx_word' id='word_1_16' title='bbox 1215 320 1270 351; x_wconf 88' lang='lat' dir='ltr'>ille</span> <span class='ocrx_word' id='word_1_17' title='bbox 1295 331 1384 352; x_wconf 84' lang='lat' dir='ltr'>suae.</span> <span class='ocrx_word' id='word_1_18' title='bbox 1410 338 1450 342; x_wconf 84' lang='lat'>——</span> 
     </span>
     <span class='ocr_line' id='line_1_4' title="bbox 629 372 1555 415; baseline -0.001 -11"><span class='ocrx_word' id='word_1_19' title='bbox 629 374 731 404; x_wconf 81' lang='lat' dir='ltr'>Veste</span> <span class='ocrx_word' id='word_1_20' title='bbox 757 373 844 404; x_wconf 87' lang='lat' dir='ltr'>venit</span> <span class='ocrx_word' id='word_1_21' title='bbox 869 372 1046 415; x_wconf 82' lang='lat' dir='ltr'>splendens</span> <span class='ocrx_word' id='word_1_22' title='bbox 1070 372 1251 403; x_wconf 82' lang='lat' dir='ltr'><strong>fraudantis</strong></span> <span class='ocrx_word' id='word_1_23' title='bbox 1275 372 1384 414; x_wconf 84' lang='lat' dir='ltr'>Riggo</span> <span class='ocrx_word' id='word_1_24' title='bbox 1409 373 1555 414; x_wconf 86' lang='lat' dir='ltr'><strong>tyranni:</strong></span> 
     </span>
     <span class='ocr_line' id='line_1_5' title="bbox 671 423 1632 466; baseline 0 -11"><span class='ocrx_word' id='word_1_25' title='bbox 671 425 755 456; x_wconf 66' lang='lat' dir='ltr'>‘Non</span> <span class='ocrx_word' id='word_1_26' title='bbox 780 428 835 455; x_wconf 88' lang='lat' dir='ltr'>tua</span> <span class='ocrx_word' id='word_1_27' title='bbox 859 423 954 462; x_wconf 75' lang='lat' dir='ltr'>sunt,&#39;</span> <span class='ocrx_word' id='word_1_28' title='bbox 980 425 1084 466; x_wconf 88' lang='lat' dir='ltr'>inquit</span> <span class='ocrx_word' id='word_1_29' title='bbox 1103 427 1203 466; x_wconf 76' lang='lat' dir='ltr'>.‘quae</span> <span class='ocrx_word' id='word_1_30' title='bbox 1227 428 1283 456; x_wconf 87' lang='lat' dir='ltr'>tua</span> <span class='ocrx_word' id='word_1_31' title='bbox 1306 424 1403 456; x_wconf 85' lang='lat' dir='ltr'>dorsa</span> <span class='ocrx_word' id='word_1_32' title='bbox 1426 423 1566 466; x_wconf 80' lang='lat' dir='ltr'>gerunt.&#39;</span> <span class='ocrx_word' id='word_1_33' title='bbox 1593 442 1632 447; x_wconf 85' lang='lat'><strong>—</strong></span> 
     </span>
     <span class='ocr_line' id='line_1_6' title="bbox 628 476 1494 519; baseline 0 -12"><span class='ocrx_word' id='word_1_34' title='bbox 628 476 738 508; x_wconf 74' lang='lat' dir='ltr'>&#39;rotila</span> <span class='ocrx_word' id='word_1_35' title='bbox 761 487 820 507; x_wconf 85' lang='lat' dir='ltr'>rex</span> <span class='ocrx_word' id='word_1_36' title='bbox 844 477 979 508; x_wconf 86' lang='lat' dir='ltr'>veniens</span> <span class='ocrx_word' id='word_1_37' title='bbox 1003 479 1167 518; x_wconf 84' lang='lat' dir='ltr'>prostrato</span> <span class='ocrx_word' id='word_1_38' title='bbox 1193 487 1328 518; x_wconf 89' lang='lat' dir='ltr'>corpore</span> <span class='ocrx_word' id='word_1_39' title='bbox 1353 477 1494 519; x_wconf 80' lang='lat' dir='ltr'>supplex</span> 
     </span>
     <span class='ocr_line' id='line_1_7' title="bbox 565 528 1413 562; baseline -0.001 -2"><span class='ocrx_word' id='word_1_40' title='bbox 565 542 590 560; x_wconf 72' lang='grc' dir='ltr'>το</span> <span class='ocrx_word' id='word_1_41' title='bbox 671 529 853 560; x_wconf 85' lang='lat' dir='ltr'>Praescivit</span> <span class='ocrx_word' id='word_1_42' title='bbox 878 529 964 560; x_wconf 85' lang='lat' dir='ltr'>vitae</span> <span class='ocrx_word' id='word_1_43' title='bbox 989 528 1157 562; x_wconf 87' lang='lat' dir='ltr'>commoda</span> <span class='ocrx_word' id='word_1_44' title='bbox 1181 531 1299 560; x_wconf 79' lang='lat' dir='ltr'>cuncta</span> <span class='ocrx_word' id='word_1_45' title='bbox 1323 539 1413 559; x_wconf 90' lang='lat' dir='ltr'>suae.</span> 
     </span>
     <span class='ocr_line' id='line_1_8' title="bbox 630 580 1426 623; baseline -0.001 -11"><span class='ocrx_word' id='word_1_46' title='bbox 630 581 696 612; x_wconf 73' lang='lat' dir='ltr'>‘Bis</span> <span class='ocrx_word' id='word_1_47' title='bbox 722 581 829 623; x_wconf 90' lang='lat' dir='ltr'>quinis</span> <span class='ocrx_word' id='word_1_48' title='bbox 853 580 947 612; x_wconf 84' lang='lat' dir='ltr'>annis</span> <span class='ocrx_word' id='word_1_49' title='bbox 972 580 1129 612; x_wconf 83' lang='lat' dir='ltr'>retinebis</span> <span class='ocrx_word' id='word_1_50' title='bbox 1153 580 1295 611; x_wconf 81' lang='lat' dir='ltr'>eulmina</span> <span class='ocrx_word' id='word_1_51' title='bbox 1319 580 1426 621; x_wconf 86' lang='lat' dir='ltr'>regni;</span> 
     </span>
     <span class='ocr_line' id='line_1_9' title="bbox 671 631 1410 674; baseline -0.001 -10"><span class='ocrx_word' id='word_1_52' title='bbox 671 633 757 664; x_wconf 89' lang='lat' dir='ltr'>Mors</span> <span class='ocrx_word' id='word_1_53' title='bbox 782 633 831 664; x_wconf 92' lang='lat' dir='ltr'>his</span> <span class='ocrx_word' id='word_1_54' title='bbox 856 632 1028 664; x_wconf 84' lang='lat' dir='ltr'>suecedet:</span> <span class='ocrx_word' id='word_1_55' title='bbox 1055 632 1196 664; x_wconf 89' lang='lat' dir='ltr'>moribus</span> <span class='ocrx_word' id='word_1_56' title='bbox 1222 635 1292 664; x_wconf 89' lang='lat' dir='ltr'>esto</span> <span class='ocrx_word' id='word_1_57' title='bbox 1316 631 1410 674; x_wconf 83' lang='lat' dir='ltr'>pius.&#39;</span> 
     </span>
     <span class='ocr_line' id='line_1_10' title="bbox 629 684 1375 723; baseline -0.001 -7"><span class='ocrx_word' id='word_1_58' title='bbox 629 685 758 716; x_wconf 83' lang='lat' dir='ltr'>Desinit</span> <span class='ocrx_word' id='word_1_59' title='bbox 783 685 815 716; x_wconf 89' lang='lat' dir='ltr'>in</span> <span class='ocrx_word' id='word_1_60' title='bbox 838 685 934 716; x_wconf 85' lang='lat' dir='ltr'>factis</span> <span class='ocrx_word' id='word_1_61' title='bbox 959 687 1079 716; x_wconf 82' lang='lat' dir='ltr'>extunc</span> <span class='ocrx_word' id='word_1_62' title='bbox 1103 684 1244 716; x_wconf 82' lang='lat' dir='ltr'>existere</span> <span class='ocrx_word' id='word_1_63' title='bbox 1270 694 1375 723; x_wconf 87' lang='lat' dir='ltr'>sevus,</span> 
     </span>
     <span class='ocr_line' id='line_1_11' title="bbox 670 735 1420 778; baseline 0 -11"><span class='ocrx_word' id='word_1_64' title='bbox 670 736 827 768; x_wconf 84' lang='lat' dir='ltr'>Blandior</span> <span class='ocrx_word' id='word_1_65' title='bbox 850 740 882 768; x_wconf 90' lang='lat' dir='ltr'>et</span> <span class='ocrx_word' id='word_1_66' title='bbox 905 736 987 768; x_wconf 86' lang='lat' dir='ltr'>vixit</span> <span class='ocrx_word' id='word_1_67' title='bbox 1011 739 1157 778; x_wconf 87' lang='lat' dir='ltr'>tempora</span> <span class='ocrx_word' id='word_1_68' title='bbox 1180 736 1257 767; x_wconf 85' lang='lat' dir='ltr'>data</span> <span class='ocrx_word' id='word_1_69' title='bbox 1281 735 1351 768; x_wconf 91' lang='lat' dir='ltr'>sibi.</span> <span class='ocrx_word' id='word_1_70' title='bbox 1376 754 1420 758; x_wconf 97' lang='lat'><strong>—</strong></span> 
     </span>
     <span class='ocr_line' id='line_1_12' title="bbox 564 787 1519 830; baseline -0.001 -10"><span class='ocrx_word' id='word_1_71' title='bbox 564 802 587 820; x_wconf 71' lang='lat'>⁷⁵</span> <span class='ocrx_word' id='word_1_72' title='bbox 625 789 762 828; x_wconf 85' lang='lat' dir='ltr'>Excole,</span> <span class='ocrx_word' id='word_1_73' title='bbox 785 788 899 827; x_wconf 87' lang='lat' dir='ltr'>Roma,</span> <span class='ocrx_word' id='word_1_74' title='bbox 923 791 979 819; x_wconf 90' lang='lat' dir='ltr'>tuo</span> <span class='ocrx_word' id='word_1_75' title='bbox 1003 791 1112 820; x_wconf 87' lang='lat' dir='ltr'>vatem</span> <span class='ocrx_word' id='word_1_76' title='bbox 1136 788 1176 819; x_wconf 86' lang='lat' dir='ltr'>de</span> <span class='ocrx_word' id='word_1_77' title='bbox 1201 787 1353 830; x_wconf 80' lang='lat' dir='ltr'>dogmate</span> <span class='ocrx_word' id='word_1_78' title='bbox 1377 788 1519 825; x_wconf 80' lang='lat' dir='ltr'>doctum,</span> 
     </span>
     <span class='ocr_line' id='line_1_13' title="bbox 672 840 1458 882; baseline -0.003 -10"><span class='ocrx_word' id='word_1_79' title='bbox 672 840 735 876; x_wconf 84' lang='lat' dir='ltr'>Qui</span> <span class='ocrx_word' id='word_1_80' title='bbox 759 844 816 872; x_wconf 87' lang='lat' dir='ltr'>tua</span> <span class='ocrx_word' id='word_1_81' title='bbox 837 851 896 882; x_wconf 89' lang='lat' dir='ltr'>per</span> <span class='ocrx_word' id='word_1_82' title='bbox 921 841 1066 872; x_wconf 85' lang='lat' dir='ltr'>saeelum</span> <span class='ocrx_word' id='word_1_83' title='bbox 1089 841 1220 872; x_wconf 89' lang='lat' dir='ltr'>moenia</span> <span class='ocrx_word' id='word_1_84' title='bbox 1244 841 1334 871; x_wconf 85' lang='lat' dir='ltr'>salva</span> <span class='ocrx_word' id='word_1_85' title='bbox 1358 840 1458 871; x_wconf 83' lang='lat' dir='ltr'>canit:</span> 
     </span>
     <span class='ocr_line' id='line_1_14' title="bbox 630 891 1514 934; baseline -0.001 -11"><span class='ocrx_word' id='word_1_86' title='bbox 630 892 839 924; x_wconf 72' lang='lat' dir='ltr'>‘Turbinibus</span> <span class='ocrx_word' id='word_1_87' title='bbox 864 892 973 924; x_wconf 87' lang='lat' dir='ltr'>multis</span> <span class='ocrx_word' id='word_1_88' title='bbox 998 892 1205 934; x_wconf 83' lang='lat' dir='ltr'>quassaberis</span> <span class='ocrx_word' id='word_1_89' title='bbox 1230 894 1328 934; x_wconf 83' lang='lat' dir='ltr'>atque</span> <span class='ocrx_word' id='word_1_90' title='bbox 1354 891 1514 926; x_wconf 83' lang='lat' dir='ltr'>coruscis;</span> 
     </span>
     <span class='ocr_line' id='line_1_15' title="bbox 673 942 1472 986; baseline -0.001 -11"><span class='ocrx_word' id='word_1_91' title='bbox 673 944 787 975; x_wconf 88' lang='lat' dir='ltr'>Hostis</span> <span class='ocrx_word' id='word_1_92' title='bbox 810 944 919 975; x_wconf 86' lang='lat' dir='ltr'>nullus</span> <span class='ocrx_word' id='word_1_93' title='bbox 944 944 1013 983; x_wconf 88' lang='lat' dir='ltr'>erit,</span> <span class='ocrx_word' id='word_1_94' title='bbox 1038 945 1092 986; x_wconf 92' lang='lat' dir='ltr'>qui</span> <span class='ocrx_word' id='word_1_95' title='bbox 1116 947 1172 975; x_wconf 85' lang='lat' dir='ltr'>tua</span> <span class='ocrx_word' id='word_1_96' title='bbox 1197 947 1291 986; x_wconf 84' lang='lat' dir='ltr'>septa</span> <span class='ocrx_word' id='word_1_97' title='bbox 1314 942 1407 975; x_wconf 83' lang='lat' dir='ltr'>ruat.&#39;</span> <span class='ocrx_word' id='word_1_98' title='bbox 1431 961 1472 966; x_wconf 85' lang='lat'>-—</span> 
     </span>
     <span class='ocr_line' id='line_1_16' title="bbox 629 995 1579 1037; baseline -0.001 -10"><span class='ocrx_word' id='word_1_99' title='bbox 629 995 714 1027; x_wconf 73' lang='lat' dir='ltr'>‘Non</span> <span class='ocrx_word' id='word_1_100' title='bbox 738 1006 846 1027; x_wconf 81' lang='lat' dir='ltr'>escam</span> <span class='ocrx_word' id='word_1_101' title='bbox 871 996 989 1035; x_wconf 84' lang='lat' dir='ltr'>carnis,</span> <span class='ocrx_word' id='word_1_102' title='bbox 1014 995 1072 1028; x_wconf 89' lang='lat' dir='ltr'>sed</span> <span class='ocrx_word' id='word_1_103' title='bbox 1096 1007 1156 1028; x_wconf 87' lang='lat' dir='ltr'>nec</span> <span class='ocrx_word' id='word_1_104' title='bbox 1182 996 1265 1027; x_wconf 87' lang='lat' dir='ltr'>sacri</span> <span class='ocrx_word' id='word_1_105' title='bbox 1289 995 1410 1027; x_wconf 83' lang='lat' dir='ltr'>ordinis</span> <span class='ocrx_word' id='word_1_106' title='bbox 1434 1005 1579 1037; x_wconf 81' lang='lat' dir='ltr'>unquam</span> 
     </span>
     <span class='ocr_line' id='line_1_17' title="bbox 563 1046 1433 1090; baseline 0.001 -11"><span class='ocrx_word' id='word_1_107' title='bbox 563 1061 588 1079; x_wconf 68' lang='lat' dir='ltr'>so</span> <span class='ocrx_word' id='word_1_108' title='bbox 669 1047 825 1090; x_wconf 79' lang='lat' dir='ltr'>Excipias</span> <span class='ocrx_word' id='word_1_109' title='bbox 851 1052 1032 1089; x_wconf 88' lang='lat' dir='ltr'>quaestum,</span> <span class='ocrx_word' id='word_1_110' title='bbox 1057 1048 1188 1080; x_wconf 83' lang='lat' dir='ltr'>clerice:</span> <span class='ocrx_word' id='word_1_111' title='bbox 1214 1048 1323 1079; x_wconf 85' lang='lat' dir='ltr'>salvus</span> <span class='ocrx_word' id='word_1_112' title='bbox 1347 1046 1433 1080; x_wconf 73' lang='lat' dir='ltr'>eris’.</span> 
     </span>
     <span class='ocr_line' id='line_1_18' title="bbox 629 1099 1579 1143; baseline -0.001 -12"><span class='ocrx_word' id='word_1_113' title='bbox 629 1100 721 1131; x_wconf 88' lang='lat' dir='ltr'>Haec</span> <span class='ocrx_word' id='word_1_114' title='bbox 745 1100 799 1131; x_wconf 89' lang='lat' dir='ltr'>ubi</span> <span class='ocrx_word' id='word_1_115' title='bbox 824 1101 1029 1142; x_wconf 84' lang='lat' dir='ltr'>contempsit,</span> <span class='ocrx_word' id='word_1_116' title='bbox 1054 1101 1182 1143; x_wconf 81' lang='lat' dir='ltr'>repetit,</span> <span class='ocrx_word' id='word_1_117' title='bbox 1206 1111 1302 1142; x_wconf 87' lang='lat' dir='ltr'>quem</span> <span class='ocrx_word' id='word_1_118' title='bbox 1326 1100 1467 1141; x_wconf 78' lang='lat' dir='ltr'>liquerat</span> <span class='ocrx_word' id='word_1_119' title='bbox 1493 1099 1579 1139; x_wconf 86' lang='lat' dir='ltr'>olim,</span> 
     </span>
     <span class='ocr_line' id='line_1_19' title="bbox 674 1151 1435 1189; baseline -0.001 -6"><span class='ocrx_word' id='word_1_120' title='bbox 674 1151 719 1182; x_wconf 87' lang='lat' dir='ltr'>Ut</span> <span class='ocrx_word' id='word_1_121' title='bbox 742 1155 835 1183; x_wconf 87' lang='lat' dir='ltr'>vates</span> <span class='ocrx_word' id='word_1_122' title='bbox 859 1155 988 1183; x_wconf 84' lang='lat' dir='ltr'>sanctus</span> <span class='ocrx_word' id='word_1_123' title='bbox 1012 1151 1151 1189; x_wconf 82' lang='lat' dir='ltr'>dixerat,</span> <span class='ocrx_word' id='word_1_124' title='bbox 1176 1151 1231 1183; x_wconf 89' lang='lat' dir='ltr'>ille</span> <span class='ocrx_word' id='word_1_125' title='bbox 1256 1151 1372 1183; x_wconf 83' lang='lat' dir='ltr'>malus.</span> <span class='ocrx_word' id='word_1_126' title='bbox 1398 1170 1435 1173; x_wconf 97' lang='lat'><strong>—</strong></span> 
     </span>
     <span class='ocr_line' id='line_1_20' title="bbox 630 1203 1560 1246; baseline -0.002 -11"><span class='ocrx_word' id='word_1_127' title='bbox 630 1203 769 1243; x_wconf 66' lang='grc' dir='ltr'>6Οῐῐιῐιίει,</span> <span class='ocrx_word' id='word_1_128' title='bbox 795 1214 877 1245; x_wconf 87' lang='lat' dir='ltr'>quae</span> <span class='ocrx_word' id='word_1_129' title='bbox 901 1204 1068 1235; x_wconf 86' lang='lat' dir='ltr'>monachis</span> <span class='ocrx_word' id='word_1_130' title='bbox 1093 1204 1243 1246; x_wconf 80' lang='lat' dir='ltr'>congessi</span> <span class='ocrx_word' id='word_1_131' title='bbox 1269 1213 1403 1235; x_wconf 87' lang='lat' dir='ltr'>munere</span> <span class='ocrx_word' id='word_1_132' title='bbox 1429 1203 1560 1241; x_wconf 83' lang='lat' dir='ltr'>Christi,</span> 
     </span>
     <span class='ocr_line' id='line_1_21' title="bbox 674 1255 1391 1288; baseline 0 -1"><span class='ocrx_word' id='word_1_133' title='bbox 674 1255 835 1287; x_wconf 85' lang='lat' dir='ltr'>Gentibus</span> <span class='ocrx_word' id='word_1_134' title='bbox 859 1256 992 1287; x_wconf 84' lang='lat' dir='ltr'>arbitrio</span> <span class='ocrx_word' id='word_1_135' title='bbox 1017 1255 1137 1287; x_wconf 83' lang='lat' dir='ltr'>tradita</span> <span class='ocrx_word' id='word_1_136' title='bbox 1161 1259 1236 1287; x_wconf 87' lang='lat' dir='ltr'>sunt</span> <span class='ocrx_word' id='word_1_137' title='bbox 1260 1255 1391 1288; x_wconf 89' lang='lat' dir='ltr'>domini.</span> 
     </span>
     <span class='ocr_line' id='line_1_22' title="bbox 565 1307 1550 1350; baseline -0.001 -11"><span class='ocrx_word' id='word_1_138' title='bbox 565 1320 589 1339; x_wconf 79' lang='lat'>8⁵</span> <span class='ocrx_word' id='word_1_139' title='bbox 629 1307 695 1339; x_wconf 86' lang='lat' dir='ltr'>Vix</span> <span class='ocrx_word' id='word_1_140' title='bbox 717 1308 810 1349; x_wconf 84' lang='lat' dir='ltr'>potui</span> <span class='ocrx_word' id='word_1_141' title='bbox 834 1307 985 1350; x_wconf 82' lang='lat' dir='ltr'>precibus</span> <span class='ocrx_word' id='word_1_142' title='bbox 1010 1307 1177 1339; x_wconf 90' lang='lat' dir='ltr'>dominum</span> <span class='ocrx_word' id='word_1_143' title='bbox 1203 1317 1340 1339; x_wconf 85' lang='lat' dir='ltr'>exorare</span> <span class='ocrx_word' id='word_1_144' title='bbox 1365 1317 1550 1349; x_wconf 84' lang='lat' dir='ltr'>supernum,</span> 
     </span>
     <span class='ocr_line' id='line_1_23' title="bbox 674 1358 1481 1402; baseline -0.001 -11"><span class='ocrx_word' id='word_1_145' title='bbox 674 1359 719 1390; x_wconf 82' lang='lat' dir='ltr'>Ut</span> <span class='ocrx_word' id='word_1_146' title='bbox 742 1359 819 1391; x_wconf 87' lang='lat' dir='ltr'>mihi</span> <span class='ocrx_word' id='word_1_147' title='bbox 845 1361 896 1391; x_wconf 88' lang='lat' dir='ltr'>vel</span> <span class='ocrx_word' id='word_1_148' title='bbox 920 1360 1055 1391; x_wconf 84' lang='lat' dir='ltr'>fratrum</span> <span class='ocrx_word' id='word_1_149' title='bbox 1080 1360 1213 1391; x_wconf 87' lang='lat' dir='ltr'>eederet</span> <span class='ocrx_word' id='word_1_150' title='bbox 1237 1360 1306 1402; x_wconf 89' lang='lat' dir='ltr'>ipse</span> <span class='ocrx_word' id='word_1_151' title='bbox 1333 1358 1481 1391; x_wconf 82' lang='lat' dir='ltr'>animas&#39;:</span> 
     </span>
     <span class='ocr_line' id='line_1_24' title="bbox 630 1411 1441 1454; baseline 0 -12"><span class='ocrx_word' id='word_1_152' title='bbox 630 1411 712 1443; x_wconf 86' lang='lat' dir='ltr'>Post</span> <span class='ocrx_word' id='word_1_153' title='bbox 735 1411 944 1453; x_wconf 85' lang='lat' dir='ltr'>Longobardi</span> <span class='ocrx_word' id='word_1_154' title='bbox 970 1412 1141 1443; x_wconf 87' lang='lat' dir='ltr'>venientes</span> <span class='ocrx_word' id='word_1_155' title='bbox 1166 1415 1312 1454; x_wconf 85' lang='lat' dir='ltr'>tempore</span> <span class='ocrx_word' id='word_1_156' title='bbox 1337 1411 1441 1443; x_wconf 88' lang='lat' dir='ltr'>noctis</span> 
     </span>
     <span class='ocr_line' id='line_1_25' title="bbox 676 1463 1392 1497; baseline -0.001 -2"><span class='ocrx_word' id='word_1_157' title='bbox 676 1463 796 1495; x_wconf 78' lang='lat' dir='ltr'>Cetera</span> <span class='ocrx_word' id='word_1_158' title='bbox 819 1466 987 1495; x_wconf 85' lang='lat' dir='ltr'>vastantes</span> <span class='ocrx_word' id='word_1_159' title='bbox 1011 1467 1130 1495; x_wconf 86' lang='lat' dir='ltr'>cuncta</span> <span class='ocrx_word' id='word_1_160' title='bbox 1153 1463 1256 1495; x_wconf 89' lang='lat' dir='ltr'>tulere</span> <span class='ocrx_word' id='word_1_161' title='bbox 1281 1463 1392 1497; x_wconf 89' lang='lat' dir='ltr'>simul;</span> 
     </span>
     <span class='ocr_line' id='line_1_26' title="bbox 631 1515 1335 1557; baseline 0 -11"><span class='ocrx_word' id='word_1_162' title='bbox 631 1515 768 1547; x_wconf 84' lang='lat' dir='ltr'>Aeterni</span> <span class='ocrx_word' id='word_1_163' title='bbox 793 1516 880 1557; x_wconf 87' lang='lat' dir='ltr'>regis</span> <span class='ocrx_word' id='word_1_164' title='bbox 906 1516 1023 1547; x_wconf 84' lang='lat' dir='ltr'>salvati</span> <span class='ocrx_word' id='word_1_165' title='bbox 1048 1526 1183 1547; x_wconf 87' lang='lat' dir='ltr'>munere</span> <span class='ocrx_word' id='word_1_166' title='bbox 1206 1515 1335 1551; x_wconf 81' lang='lat' dir='ltr'>fratres,</span> 
     </span>
     <span class='ocr_line' id='line_1_27' title="bbox 566 1567 1401 1610; baseline 0 -12"><span class='ocrx_word' id='word_1_167' title='bbox 566 1580 592 1599; x_wconf 79' lang='lat'>90</span> <span class='ocrx_word' id='word_1_168' title='bbox 673 1568 735 1599; x_wconf 90' lang='lat' dir='ltr'>Illo</span> <span class='ocrx_word' id='word_1_169' title='bbox 760 1579 820 1600; x_wconf 87' lang='lat' dir='ltr'>nee</span> <span class='ocrx_word' id='word_1_170' title='bbox 844 1568 911 1599; x_wconf 89' lang='lat' dir='ltr'>ledi</span> <span class='ocrx_word' id='word_1_171' title='bbox 934 1567 974 1599; x_wconf 90' lang='lat' dir='ltr'>de</span> <span class='ocrx_word' id='word_1_172' title='bbox 999 1578 1101 1610; x_wconf 88' lang='lat' dir='ltr'>grege</span> <span class='ocrx_word' id='word_1_173' title='bbox 1127 1568 1197 1610; x_wconf 86' lang='lat' dir='ltr'>quis</span> <span class='ocrx_word' id='word_1_174' title='bbox 1223 1568 1336 1610; x_wconf 87' lang='lat' dir='ltr'>potuit.</span> <span class='ocrx_word' id='word_1_175' title='bbox 1364 1586 1401 1590; x_wconf 75' lang='lat'>—-</span> 
     </span>
     <span class='ocr_line' id='line_1_28' title="bbox 636 1619 1479 1662; baseline -0.001 -11"><span class='ocrx_word' id='word_1_176' title='bbox 636 1619 711 1651; x_wconf 77' lang='lat' dir='ltr'>‘Vas</span> <span class='ocrx_word' id='word_1_177' title='bbox 737 1620 857 1651; x_wconf 86' lang='lat' dir='ltr'>retinet</span> <span class='ocrx_word' id='word_1_178' title='bbox 882 1630 1016 1662; x_wconf 88' lang='lat' dir='ltr'>serpens</span> <span class='ocrx_word' id='word_1_179' title='bbox 1041 1620 1236 1651; x_wconf 87' lang='lat' dir='ltr'>absconsum</span> <span class='ocrx_word' id='word_1_180' title='bbox 1260 1619 1400 1659; x_wconf 83' lang='lat' dir='ltr'>tramite,</span> <span class='ocrx_word' id='word_1_181' title='bbox 1424 1619 1479 1651; x_wconf 89' lang='lat' dir='ltr'>fili.</span> 
     </span>
     <span class='ocr_line' id='line_1_29' title="bbox 674 1672 1546 1714; baseline -0.001 -10"><span class='ocrx_word' id='word_1_182' title='bbox 674 1672 853 1711; x_wconf 80' lang='lat' dir='ltr'>Admoneo,</span> <span class='ocrx_word' id='word_1_183' title='bbox 878 1676 913 1704; x_wconf 88' lang='lat' dir='ltr'>ut</span> <span class='ocrx_word' id='word_1_184' title='bbox 937 1673 1041 1704; x_wconf 86' lang='lat' dir='ltr'>solers</span> <span class='ocrx_word' id='word_1_185' title='bbox 1066 1682 1200 1714; x_wconf 84' lang='lat' dir='ltr'>vergere</span> <span class='ocrx_word' id='word_1_186' title='bbox 1224 1683 1301 1703; x_wconf 81' lang='lat' dir='ltr'>mox</span> <span class='ocrx_word' id='word_1_187' title='bbox 1325 1672 1480 1704; x_wconf 76' lang='lat' dir='ltr'>studeas.&#39;</span> <span class='ocrx_word' id='word_1_188' title='bbox 1506 1692 1546 1696; x_wconf 92' lang='lat'>-—</span> 
     </span>
     <span class='ocr_line' id='line_1_30' title="bbox 632 1724 1611 1767; baseline 0.001 -12"><span class='ocrx_word' id='word_1_189' title='bbox 632 1724 798 1767; x_wconf 75' lang='lat' dir='ltr'>‘Mappula</span> <span class='ocrx_word' id='word_1_190' title='bbox 822 1725 916 1756; x_wconf 89' lang='lat' dir='ltr'>testis</span> <span class='ocrx_word' id='word_1_191' title='bbox 941 1724 1043 1759; x_wconf 80' lang='lat' dir='ltr'>adest,</span> <span class='ocrx_word' id='word_1_192' title='bbox 1068 1725 1190 1756; x_wconf 86' lang='lat' dir='ltr'>retines</span> <span class='ocrx_word' id='word_1_193' title='bbox 1214 1735 1310 1766; x_wconf 85' lang='lat' dir='ltr'>quam</span> <span class='ocrx_word' id='word_1_194' title='bbox 1334 1727 1477 1766; x_wconf 83' lang='lat' dir='ltr'>pectore,</span> <span class='ocrx_word' id='word_1_195' title='bbox 1502 1725 1611 1756; x_wconf 81' lang='lat' dir='ltr'>frater.</span> 
     </span>
     <span class='ocr_line' id='line_1_31' title="bbox 676 1775 1548 1818; baseline 0 -11"><span class='ocrx_word' id='word_1_196' title='bbox 676 1775 741 1807; x_wconf 90' lang='lat' dir='ltr'>Cur</span> <span class='ocrx_word' id='word_1_197' title='bbox 765 1776 914 1818; x_wconf 86' lang='lat' dir='ltr'>ingressa</span> <span class='ocrx_word' id='word_1_198' title='bbox 937 1779 1028 1807; x_wconf 90' lang='lat' dir='ltr'>tuum</span> <span class='ocrx_word' id='word_1_199' title='bbox 1051 1776 1195 1818; x_wconf 85' lang='lat' dir='ltr'>nequitia</span> <span class='ocrx_word' id='word_1_200' title='bbox 1219 1779 1269 1807; x_wconf 87' lang='lat' dir='ltr'>est</span> <span class='ocrx_word' id='word_1_201' title='bbox 1291 1775 1482 1817; x_wconf 80' lang='lat' dir='ltr'>gremium?’</span> <span class='ocrx_word' id='word_1_202' title='bbox 1508 1795 1548 1799; x_wconf 97' lang='lat'><strong>—</strong></span> 
     </span>
     <span class='ocr_line' id='line_1_32' title="bbox 565 1828 1621 1871; baseline -0.001 -11"><span class='ocrx_word' id='word_1_203' title='bbox 565 1841 590 1860; x_wconf 73' lang='lat'>95</span> <span class='ocrx_word' id='word_1_204' title='bbox 628 1828 700 1860; x_wconf 87' lang='lat' dir='ltr'>Non</span> <span class='ocrx_word' id='word_1_205' title='bbox 725 1829 808 1860; x_wconf 75' lang='lat' dir='ltr'>elam</span> <span class='ocrx_word' id='word_1_206' title='bbox 832 1832 923 1871; x_wconf 88' lang='lat' dir='ltr'>patre</span> <span class='ocrx_word' id='word_1_207' title='bbox 947 1832 1090 1866; x_wconf 79' lang='lat' dir='ltr'>manent,</span> <span class='ocrx_word' id='word_1_208' title='bbox 1115 1839 1198 1871; x_wconf 82' lang='lat' dir='ltr'>quae</span> <span class='ocrx_word' id='word_1_209' title='bbox 1222 1829 1324 1859; x_wconf 87' lang='lat' dir='ltr'>volvit</span> <span class='ocrx_word' id='word_1_210' title='bbox 1348 1832 1455 1860; x_wconf 89' lang='lat' dir='ltr'>mente</span> <span class='ocrx_word' id='word_1_211' title='bbox 1479 1828 1621 1871; x_wconf 84' lang='lat' dir='ltr'>superba</span> 
     </span>
     <span class='ocr_line' id='line_1_33' title="bbox 675 1881 1402 1913; baseline -0.001 0"><span class='ocrx_word' id='word_1_212' title='bbox 675 1881 846 1913; x_wconf 84' lang='lat' dir='ltr'>Praebens</span> <span class='ocrx_word' id='word_1_213' title='bbox 871 1882 1001 1913; x_wconf 82' lang='lat' dir='ltr'>cenanti</span> <span class='ocrx_word' id='word_1_214' title='bbox 1025 1881 1156 1912; x_wconf 89' lang='lat' dir='ltr'>luminis</span> <span class='ocrx_word' id='word_1_215' title='bbox 1179 1881 1334 1912; x_wconf 85' lang='lat' dir='ltr'>officium.</span> <span class='ocrx_word' id='word_1_216' title='bbox 1361 1900 1402 1904; x_wconf 75' lang='lat'>—</span> 
     </span>
     <span class='ocr_line' id='line_1_34' title="bbox 632 1933 1500 1975; baseline 0 -10"><span class='ocrx_word' id='word_1_217' title='bbox 632 1933 785 1974; x_wconf 41' lang='lat' dir='ltr'>‘Fratrem</span> <span class='ocrx_word' id='word_1_218' title='bbox 809 1944 850 1964; x_wconf 88' lang='lat' dir='ltr'>en</span> <span class='ocrx_word' id='word_1_219' title='bbox 873 1933 969 1965; x_wconf 87' lang='lat' dir='ltr'>hodie</span> <span class='ocrx_word' id='word_1_220' title='bbox 994 1934 1101 1965; x_wconf 90' lang='lat' dir='ltr'>nullus</span> <span class='ocrx_word' id='word_1_221' title='bbox 1127 1937 1177 1965; x_wconf 87' lang='lat' dir='ltr'>est</span> <span class='ocrx_word' id='word_1_222' title='bbox 1201 1933 1294 1975; x_wconf 80' lang='lat' dir='ltr'>panis</span> <span class='ocrx_word' id='word_1_223' title='bbox 1319 1934 1352 1965; x_wconf 92' lang='lat' dir='ltr'>in</span> <span class='ocrx_word' id='word_1_224' title='bbox 1375 1933 1500 1970; x_wconf 76' lang='lat' dir='ltr'>archis3</span> 
     </span>
     <span class='ocr_line' id='line_1_35' title="bbox 675 1984 1391 2028; baseline 0 -12"><span class='ocrx_word' id='word_1_225' title='bbox 675 1984 756 2017; x_wconf 85' lang='lat' dir='ltr'>Cras</span> <span class='ocrx_word' id='word_1_226' title='bbox 780 1986 903 2028; x_wconf 83' lang='lat' dir='ltr'>pietate</span> <span class='ocrx_word' id='word_1_227' title='bbox 927 1985 980 2017; x_wconf 91' lang='lat' dir='ltr'>dei</span> <span class='ocrx_word' id='word_1_228' title='bbox 1004 1985 1098 2028; x_wconf 85' lang='lat' dir='ltr'>copia</span> <span class='ocrx_word' id='word_1_229' title='bbox 1121 1986 1215 2027; x_wconf 80' lang='lat' dir='ltr'>panis</span> <span class='ocrx_word' id='word_1_230' title='bbox 1239 1984 1320 2017; x_wconf 90' lang='lat' dir='ltr'>erit.&#39;</span> <span class='ocrx_word' id='word_1_231' title='bbox 1351 2004 1391 2008; x_wconf 92' lang='lat'>—</span> 
     </span>
     <span class='ocr_line' id='line_1_36' title="bbox 631 2037 1530 2080; baseline 0 -12"><span class='ocrx_word' id='word_1_232' title='bbox 631 2037 705 2076; x_wconf 88' lang='lat' dir='ltr'>His,</span> <span class='ocrx_word' id='word_1_233' title='bbox 730 2048 825 2069; x_wconf 84' lang='lat' dir='ltr'>sacra</span> <span class='ocrx_word' id='word_1_234' title='bbox 849 2037 999 2069; x_wconf 90' lang='lat' dir='ltr'>coenobii</span> <span class='ocrx_word' id='word_1_235' title='bbox 1023 2041 1177 2078; x_wconf 84' lang='lat' dir='ltr'>satagunt</span> <span class='ocrx_word' id='word_1_236' title='bbox 1200 2037 1254 2079; x_wconf 86' lang='lat' dir='ltr'>qui</span> <span class='ocrx_word' id='word_1_237' title='bbox 1278 2047 1401 2079; x_wconf 89' lang='lat' dir='ltr'>ponere</span> <span class='ocrx_word' id='word_1_238' title='bbox 1425 2041 1530 2080; x_wconf 81' lang='lat' dir='ltr'>septa,</span> 
     </span>
     <span class='ocr_line' id='line_1_37' title="bbox 556 2089 1582 2131; baseline 0 -11"><span class='ocrx_word' id='word_1_239' title='bbox 556 2102 593 2121; x_wconf 88' lang='lat'>100</span> <span class='ocrx_word' id='word_1_240' title='bbox 673 2089 796 2120; x_wconf 84' lang='lat' dir='ltr'>Astans</span> <span class='ocrx_word' id='word_1_241' title='bbox 822 2100 879 2131; x_wconf 86' lang='lat' dir='ltr'>per</span> <span class='ocrx_word' id='word_1_242' title='bbox 904 2099 1053 2120; x_wconf 90' lang='lat' dir='ltr'>somnum</span> <span class='ocrx_word' id='word_1_243' title='bbox 1078 2089 1218 2121; x_wconf 87' lang='lat' dir='ltr'>condere</span> <span class='ocrx_word' id='word_1_244' title='bbox 1243 2092 1403 2120; x_wconf 81' lang='lat' dir='ltr'>monstrat</span> <span class='ocrx_word' id='word_1_245' title='bbox 1427 2100 1519 2131; x_wconf 88' lang='lat' dir='ltr'>opus.</span> <span class='ocrx_word' id='word_1_246' title='bbox 1547 2110 1582 2112; x_wconf 96' lang='lat'><strong>—</strong></span> 
     </span>
     <span class='ocr_line' id='line_1_38' title="bbox 631 2140 1545 2183; baseline 0 -11"><span class='ocrx_word' id='word_1_247' title='bbox 631 2140 827 2172; x_wconf 86' lang='lat' dir='ltr'>Redduntur</span> <span class='ocrx_word' id='word_1_248' title='bbox 850 2141 983 2172; x_wconf 88' lang='lat' dir='ltr'>tumulis</span> <span class='ocrx_word' id='word_1_249' title='bbox 1007 2151 1066 2183; x_wconf 89' lang='lat' dir='ltr'>per</span> <span class='ocrx_word' id='word_1_250' title='bbox 1089 2151 1174 2180; x_wconf 87' lang='lat' dir='ltr'>eum,</span> <span class='ocrx_word' id='word_1_251' title='bbox 1198 2151 1281 2182; x_wconf 88' lang='lat' dir='ltr'>quae</span> <span class='ocrx_word' id='word_1_252' title='bbox 1305 2151 1395 2172; x_wconf 88' lang='lat' dir='ltr'>more</span> <span class='ocrx_word' id='word_1_253' title='bbox 1419 2151 1545 2173; x_wconf 86' lang='lat' dir='ltr'>sorores</span> 
     </span>
     <span class='ocr_line' id='line_1_39' title="bbox 674 2192 1505 2225; baseline 0 -1"><span class='ocrx_word' id='word_1_254' title='bbox 674 2193 713 2224; x_wconf 92' lang='lat' dir='ltr'>In</span> <span class='ocrx_word' id='word_1_255' title='bbox 737 2193 894 2224; x_wconf 85' lang='lat' dir='ltr'>famulum</span> <span class='ocrx_word' id='word_1_256' title='bbox 920 2192 1040 2225; x_wconf 87' lang='lat' dir='ltr'>Christi</span> <span class='ocrx_word' id='word_1_257' title='bbox 1064 2193 1165 2225; x_wconf 80' lang='lat' dir='ltr'>noxia</span> <span class='ocrx_word' id='word_1_258' title='bbox 1187 2192 1288 2224; x_wconf 80' lang='lat' dir='ltr'>verba</span> <span class='ocrx_word' id='word_1_259' title='bbox 1310 2192 1442 2225; x_wconf 84' lang='lat' dir='ltr'>dabant.</span> <span class='ocrx_word' id='word_1_260' title='bbox 1466 2212 1505 2216; x_wconf 92' lang='lat'>—</span> 
     </span>
     <span class='ocr_line' id='line_1_40' title="bbox 631 2245 1519 2287; baseline 0.002 -11"><span class='ocrx_word' id='word_1_261' title='bbox 631 2245 741 2276; x_wconf 80' lang='lat' dir='ltr'>Patria</span> <span class='ocrx_word' id='word_1_262' title='bbox 764 2255 903 2287; x_wconf 87' lang='lat' dir='ltr'>namque</span> <span class='ocrx_word' id='word_1_263' title='bbox 927 2256 1009 2287; x_wconf 91' lang='lat' dir='ltr'>puer</span> <span class='ocrx_word' id='word_1_264' title='bbox 1032 2245 1108 2277; x_wconf 92' lang='lat' dir='ltr'>dum</span> <span class='ocrx_word' id='word_1_265' title='bbox 1132 2249 1220 2278; x_wconf 85' lang='lat' dir='ltr'>tecta</span> <span class='ocrx_word' id='word_1_266' title='bbox 1244 2245 1379 2287; x_wconf 86' lang='lat' dir='ltr'>requirit</span> <span class='ocrx_word' id='word_1_267' title='bbox 1402 2245 1519 2278; x_wconf 86' lang='lat' dir='ltr'>anhele</span> 
     </span>
     <span class='ocr_line' id='line_1_41' title="bbox 675 2297 1362 2339; baseline 0 -11"><span class='ocrx_word' id='word_1_268' title='bbox 675 2297 825 2329; x_wconf 85' lang='lat' dir='ltr'>Iniussus</span> <span class='ocrx_word' id='word_1_269' title='bbox 851 2307 1004 2339; x_wconf 82' lang='lat' dir='ltr'>pergens,</span> <span class='ocrx_word' id='word_1_270' title='bbox 1028 2301 1175 2330; x_wconf 88' lang='lat' dir='ltr'>mortuus</span> <span class='ocrx_word' id='word_1_271' title='bbox 1200 2301 1250 2329; x_wconf 87' lang='lat' dir='ltr'>est</span> <span class='ocrx_word' id='word_1_272' title='bbox 1272 2297 1362 2329; x_wconf 87' lang='lat' dir='ltr'>inibi.</span> 
     </span>
     <span class='ocr_line' id='line_1_42' title="bbox 558 2349 1487 2392; baseline 0.001 -12"><span class='ocrx_word' id='word_1_273' title='bbox 558 2363 594 2381; x_wconf 64' lang='grc' dir='ltr'>ιω</span> <span class='ocrx_word' id='word_1_274' title='bbox 632 2349 739 2380; x_wconf 89' lang='lat' dir='ltr'>Huius</span> <span class='ocrx_word' id='word_1_275' title='bbox 764 2359 829 2380; x_wconf 89' lang='lat' dir='ltr'>non</span> <span class='ocrx_word' id='word_1_276' title='bbox 853 2350 960 2392; x_wconf 89' lang='lat' dir='ltr'>potuit</span> <span class='ocrx_word' id='word_1_277' title='bbox 985 2360 1101 2392; x_wconf 90' lang='lat' dir='ltr'>corpus</span> <span class='ocrx_word' id='word_1_278' title='bbox 1126 2350 1267 2382; x_wconf 88' lang='lat' dir='ltr'>retinere</span> <span class='ocrx_word' id='word_1_279' title='bbox 1292 2350 1487 2392; x_wconf 78' lang='lat' dir='ltr'>sepulcrum,</span> 
     </span>
     <span class='ocr_line' id='line_1_43' title="bbox 676 2401 1468 2435; baseline 0.001 -3"><span class='ocrx_word' id='word_1_280' title='bbox 676 2401 742 2433; x_wconf 86' lang='lat' dir='ltr'>Sed</span> <span class='ocrx_word' id='word_1_281' title='bbox 766 2401 886 2432; x_wconf 87' lang='lat' dir='ltr'>domini</span> <span class='ocrx_word' id='word_1_282' title='bbox 910 2402 1052 2432; x_wconf 83' lang='lat' dir='ltr'>famulus</span> <span class='ocrx_word' id='word_1_283' title='bbox 1077 2401 1109 2433; x_wconf 92' lang='lat' dir='ltr'>id</span> <span class='ocrx_word' id='word_1_284' title='bbox 1134 2402 1272 2435; x_wconf 84' lang='lat' dir='ltr'>sociavit</span> <span class='ocrx_word' id='word_1_285' title='bbox 1296 2401 1403 2433; x_wconf 89' lang='lat' dir='ltr'>humo.</span> <span class='ocrx_word' id='word_1_286' title='bbox 1428 2420 1468 2424; x_wconf 90' lang='lat'>—</span> 
     </span>
     <span class='ocr_line' id='line_1_44' title="bbox 631 2453 1505 2496; baseline 0.001 -12"><span class='ocrx_word' id='word_1_287' title='bbox 631 2453 695 2485; x_wconf 86' lang='lat' dir='ltr'>Ore</span> <span class='ocrx_word' id='word_1_288' title='bbox 721 2456 836 2496; x_wconf 84' lang='lat' dir='ltr'>patens</span> <span class='ocrx_word' id='word_1_289' title='bbox 861 2453 976 2494; x_wconf 78' lang='lat' dir='ltr'>anguis</span> <span class='ocrx_word' id='word_1_290' title='bbox 1001 2453 1109 2485; x_wconf 88' lang='lat' dir='ltr'>medio</span> <span class='ocrx_word' id='word_1_291' title='bbox 1137 2457 1201 2485; x_wconf 84' lang='lat' dir='ltr'>stat</span> <span class='ocrx_word' id='word_1_292' title='bbox 1226 2453 1309 2485; x_wconf 87' lang='lat' dir='ltr'>calle</span> <span class='ocrx_word' id='word_1_293' title='bbox 1333 2454 1505 2495; x_wconf 85' lang='lat' dir='ltr'>malignus.</span> 
     </span>
     <span class='ocr_line' id='line_1_45' title="bbox 674 2504 1514 2548; baseline 0 -12"><span class='ocrx_word' id='word_1_294' title='bbox 674 2504 780 2541; x_wconf 84' lang='lat' dir='ltr'>Quem</span> <span class='ocrx_word' id='word_1_295' title='bbox 805 2515 943 2537; x_wconf 89' lang='lat' dir='ltr'>cernens</span> <span class='ocrx_word' id='word_1_296' title='bbox 968 2505 1069 2537; x_wconf 86' lang='lat' dir='ltr'>frater</span> <span class='ocrx_word' id='word_1_297' title='bbox 1095 2505 1137 2537; x_wconf 81' lang='lat' dir='ltr'>ad</span> <span class='ocrx_word' id='word_1_298' title='bbox 1161 2505 1215 2548; x_wconf 84' lang='lat' dir='ltr'>pia</span> <span class='ocrx_word' id='word_1_299' title='bbox 1240 2509 1332 2547; x_wconf 83' lang='lat' dir='ltr'>septa</span> <span class='ocrx_word' id='word_1_300' title='bbox 1356 2504 1450 2536; x_wconf 85' lang='lat' dir='ltr'>redit.</span> <span class='ocrx_word' id='word_1_301' title='bbox 1475 2523 1514 2527; x_wconf 90' lang='lat'>—</span> 
     </span>
     <span class='ocr_line' id='line_1_46' title="bbox 636 2556 1419 2599; baseline 0 -11"><span class='ocrx_word' id='word_1_302' title='bbox 636 2557 792 2588; x_wconf 82' lang='lat' dir='ltr'>Rusticus</span> <span class='ocrx_word' id='word_1_303' title='bbox 817 2556 996 2589; x_wconf 81' lang='lat' dir='ltr'>adveniens</span> <span class='ocrx_word' id='word_1_304' title='bbox 1021 2557 1146 2589; x_wconf 84' lang='lat' dir='ltr'>variato</span> <span class='ocrx_word' id='word_1_305' title='bbox 1171 2567 1305 2599; x_wconf 88' lang='lat' dir='ltr'>corpore</span> <span class='ocrx_word' id='word_1_306' title='bbox 1329 2557 1419 2598; x_wconf 82' lang='lat' dir='ltr'>lepra</span> 
     </span>
     <span class='ocr_line' id='line_1_47' title="bbox 558 2608 1424 2652; baseline 0 -12"><span class='ocrx_word' id='word_1_307' title='bbox 558 2622 596 2640; x_wconf 77' lang='grc' dir='ltr'>ιω</span> <span class='ocrx_word' id='word_1_308' title='bbox 677 2609 852 2640; x_wconf 84' lang='lat' dir='ltr'>Abscessit</span> <span class='ocrx_word' id='word_1_309' title='bbox 876 2620 990 2652; x_wconf 85' lang='lat' dir='ltr'>sospes</span> <span class='ocrx_word' id='word_1_310' title='bbox 1015 2609 1226 2651; x_wconf 82' lang='lat' dir='ltr'>glorificando</span> <span class='ocrx_word' id='word_1_311' title='bbox 1252 2608 1358 2640; x_wconf 89' lang='lat' dir='ltr'>deum.</span> <span class='ocrx_word' id='word_1_312' title='bbox 1382 2626 1424 2631; x_wconf 91' lang='lat'>—</span> 
     </span>
    </p>
   </div>
   <div class='ocr_carea' id='block_1_3' title="bbox 267 2753 1923 2873">
    <p class='ocr_par' dir='ltr' id='par_1_3' title="bbox 267 2753 1923 2873">
     <span class='ocr_line' id='line_1_48' title="bbox 370 2753 1922 2789; baseline 0.001 -10"><span class='ocrx_word' id='word_1_313' title='bbox 370 2753 402 2779; x_wconf 76' lang='lat'>72</span> <span class='ocrx_word' id='word_1_314' title='bbox 421 2755 469 2779; x_wconf 87' lang='lat' dir='ltr'>hiis</span> <span class='ocrx_word' id='word_1_315' title='bbox 488 2756 558 2781; x_wconf 78' lang='lat' dir='ltr'>Wion</span> <span class='ocrx_word' id='word_1_316' title='bbox 641 2755 672 2781; x_wconf 74' lang='lat'>74</span> <span class='ocrx_word' id='word_1_317' title='bbox 691 2757 759 2782; x_wconf 80' lang='lat' dir='ltr'>dicta</span> <span class='ocrx_word' id='word_1_318' title='bbox 778 2757 851 2782; x_wconf 75' lang='lat' dir='ltr'>Wion</span> <span class='ocrx_word' id='word_1_319' title='bbox 931 2755 965 2782; x_wconf 83' lang='lat'>86</span> <span class='ocrx_word' id='word_1_320' title='bbox 984 2757 1060 2782; x_wconf 83' lang='lat' dir='ltr'>michi</span> <span class='ocrx_word' id='word_1_321' title='bbox 1081 2757 1105 2781; x_wconf 90' lang='lat' dir='ltr'><em>V</em></span> <span class='ocrx_word' id='word_1_322' title='bbox 1181 2756 1214 2782; x_wconf 75' lang='lat'>87</span> <span class='ocrx_word' id='word_1_323' title='bbox 1233 2757 1382 2789; x_wconf 82' lang='lat' dir='ltr'>longobardi</span> <span class='ocrx_word' id='word_1_324' title='bbox 1400 2756 1436 2781; x_wconf 69' lang='lat' dir='ltr'>sic</span> <span class='ocrx_word' id='word_1_325' title='bbox 1456 2756 1480 2780; x_wconf 90' lang='lat' dir='ltr'><em>V</em></span> <span class='ocrx_word' id='word_1_326' title='bbox 1560 2756 1595 2783; x_wconf 88' lang='lat'>90</span> <span class='ocrx_word' id='word_1_327' title='bbox 1612 2765 1660 2782; x_wconf 84' lang='lat' dir='ltr'>nec</span> <span class='ocrx_word' id='word_1_328' title='bbox 1673 2757 1723 2782; x_wconf 82' lang='lat' dir='ltr'>ledi</span> <span class='ocrx_word' id='word_1_329' title='bbox 1735 2757 1766 2782; x_wconf 84' lang='lat' dir='ltr'>de</span> <span class='ocrx_word' id='word_1_330' title='bbox 1780 2757 1808 2781; x_wconf 78' lang='lat' dir='ltr'>in</span> <span class='ocrx_word' id='word_1_331' title='bbox 1826 2764 1879 2781; x_wconf 71' lang='lat' dir='ltr'>ras.</span> <span class='ocrx_word' id='word_1_332' title='bbox 1898 2754 1922 2780; x_wconf 99' lang='lat' dir='ltr'><strong><em>V</em></strong></span> 
     </span>
     <span class='ocr_line' id='line_1_49' title="bbox 267 2796 1923 2832; baseline 0 -9"><span class='ocrx_word' id='word_1_333' title='bbox 267 2796 300 2823; x_wconf 80' lang='lat'>92</span> <span class='ocrx_word' id='word_1_334' title='bbox 324 2797 412 2822; x_wconf 86' lang='lat' dir='ltr'>sollers</span> <span class='ocrx_word' id='word_1_335' title='bbox 432 2797 502 2823; x_wconf 72' lang='lat' dir='ltr'>Wion</span> <span class='ocrx_word' id='word_1_336' title='bbox 561 2799 666 2824; x_wconf 83' lang='lat' dir='ltr'>studeas</span> <span class='ocrx_word' id='word_1_337' title='bbox 687 2799 715 2824; x_wconf 75' lang='lat' dir='ltr'>in</span> <span class='ocrx_word' id='word_1_338' title='bbox 733 2808 785 2824; x_wconf 75' lang='lat' dir='ltr'>ras.</span> <span class='ocrx_word' id='word_1_339' title='bbox 810 2800 833 2823; x_wconf 92' lang='lat' dir='ltr'><em>V</em></span> <span class='ocrx_word' id='word_1_340' title='bbox 934 2799 967 2824; x_wconf 73' lang='lat'>99</span> <span class='ocrx_word' id='word_1_341' title='bbox 992 2800 1026 2825; x_wconf 90' lang='lat' dir='ltr'>Iis</span> <span class='ocrx_word' id='word_1_342' title='bbox 1053 2799 1074 2823; x_wconf 83' lang='lat' dir='ltr'><strong><em>V</em></strong></span> <span class='ocrx_word' id='word_1_343' title='bbox 1088 2808 1155 2824; x_wconf 86' lang='lat' dir='ltr'>corr.</span> <span class='ocrx_word' id='word_1_344' title='bbox 1175 2799 1365 2832; x_wconf 64' lang='lat' dir='ltr'>haqioyrapltus</span> <span class='ocrx_word' id='word_1_345' title='bbox 1383 2799 1489 2831; x_wconf 76' lang='lat' dir='ltr'>quidam</span> <span class='ocrx_word' id='word_1_346' title='bbox 1598 2798 1647 2825; x_wconf 88' lang='lat'>100</span> <span class='ocrx_word' id='word_1_347' title='bbox 1665 2799 1794 2825; x_wconf 85' lang='lat' dir='ltr'>somnium</span> <span class='ocrx_word' id='word_1_348' title='bbox 1811 2807 1879 2825; x_wconf 78' lang='lat' dir='ltr'>corr.</span> <span class='ocrx_word' id='word_1_349' title='bbox 1898 2798 1923 2823; x_wconf 91' lang='lat' dir='ltr'><strong><em>V</em></strong></span> 
     </span>
     <span class='ocr_line' id='line_1_50' title="bbox 269 2840 489 2873; baseline 0.005 -8"><span class='ocrx_word' id='word_1_350' title='bbox 269 2840 318 2866; x_wconf 87' lang='lat'>103</span> <span class='ocrx_word' id='word_1_351' title='bbox 340 2849 444 2873; x_wconf 84' lang='lat' dir='ltr'>nanque</span> <span class='ocrx_word' id='word_1_352' title='bbox 464 2841 489 2865; x_wconf 89' lang='lat' dir='ltr'><strong><em>V</em></strong></span> 
     </span>
    </p>
   </div>
  </div>
 </body>
</html>
