2040 2996
502 106 551 134 AD
569 104 748 135 KAROLUM
765 105 916 136 cALvtm
934 107 981 137 ΕΤ
1000 107 1225 139 LUDEWICUM
1244 109 1380 140 REGEM.
1710 119 1768 150 195

483 195 595 227 Gloria
616 206 701 227 nunc
724 195 819 227 vobis
843 196 928 228 sicut
950 198 1114 230 terrestris
1138 199 1314 240 habundat,

529 246 641 278 Gloria
663 247 814 279 caelestis
839 248 886 279 sic
910 249 1094 280 cumuletur
1117 269 1155 273 —
1180 261 1286 284 amen.

413 305 424 323 ⁵
481 298 589 330 Fortis
612 301 649 329 ut
671 299 703 329 in
727 299 823 330 terris
846 310 893 339 es,
917 300 1048 340 nobilis,
1073 312 1108 333 es
1132 313 1260 345 quoque
1285 304 1390 336 dives:

527 350 653 382 Nobilis
677 350 710 382 in
733 351 851 396 caelis,
865 351 957 384 dives
981 356 1014 384 et
1037 363 1111 386 esse
1135 365 1248 396 queas.

480 402 578 434 Hunc
601 402 751 434 iuvenem
775 404 896 446 populo
920 414 1090 445 conserva,
1114 405 1254 447 Christe,
1282 419 1463 450 precamur,

529 453 684 485 Glorifica
707 454 805 486 talem
830 454 881 486 hic
905 458 938 487 et
961 455 992 487 in
1016 467 1098 488 aeva
1124 458 1243 490 virum:

483 504 630 536 Candida
653 505 717 536 sint
739 505 787 536 illi
810 505 898 538 felici
922 510 1070 550 tempora
1094 519 1200 548 cursu,

401 564 426 601 3⁰
530 557 648 588 Currat
671 556 712 588 ad
735 559 886 589 aeternas
909 558 1002 600 isque
1027 565 1179 602 capessat
1202 572 1287 603 opes.

907 713 980 736 xxx.

590 767 705 800 IDEM
728 767 790 800 AD
813 767 1096 800 LUDEWICUM
1124 769 1292 803 REGEM.

481 828 683 862 Caesareum
705 829 881 871 specimen,
904 829 976 861 laus
1000 830 1098 869 orbis,
1123 832 1228 873 gloria
1251 834 1372 869 mundi,

528 880 695 913 Eximium
717 880 818 921 sidus,
842 880 1043 913 Caesareum
1065 883 1245 925 specimen,

481 933 588 975 Regia
611 933 774 971 nobilitas,
798 943 990 975 magnorum
1013 934 1138 976 flosque
1162 939 1333 978 parentum

531 984 664 1016 Semine
687 983 728 1016 dc
751 983 875 1024 Karoli,
900 985 993 1027 regia
1016 985 1180 1026 nobilitas,

411 1045 422 1063 ⁵
480 1036 603 1078 Accipe
627 1035 791 1068 versificos
815 1035 874 1068 hos
897 1037 993 1069 flores
1016 1040 1126 1070 mente
1150 1048 1277 1079 serena,

527 1088 556 1120 Ο
579 1087 764 1127 Ludewicc,
787 1088 899 1120 modos
921 1089 1034 1132 accipe
1058 1091 1236 1129 versificos,

479 1140 632 1172 Caesaris
656 1139 782 1182 egregii
804 1139 971 1172 Ludewici
992 1141 1148 1183 principis
1173 1142 1250 1173 almi

519 1189 719 1234 ¹Altipotens
742 1191 864 1234 proles,
888 1191 1041 1224 Caesaris
1065 1193 1199 1235 egregii.

480 1262 520 1267 —
544 1242 662 1274 Nullus
686 1246 758 1274 crat
781 1242 888 1276 trifido
911 1253 975 1285 quo
1001 1243 1068 1275 dux
1091 1245 1310 1286 praestantior
1333 1246 1426 1285 orbe,

401 1303 425 1321 ιο
529 1293 657 1326 Clarior
680 1293 712 1325 in
735 1293 855 1326 mundo
878 1294 987 1326 nullus
1011 1298 1083 1327 erat
1104 1295 1228 1331 trifido;

480 1345 630 1378 Sanctior
651 1345 730 1377 haut
752 1345 860 1378 fuerat
881 1337 998 1386 rector,
1021 1347 1214 1379 clementior
1236 1347 1300 1387 illo,

526 1397 620 1430 Alter
641 1400 675 1429 et
697 1396 868 1439 Augustus
890 1398 1034 1430 sanctior
1055 1397 1135 1430 haut
1157 1398 1280 1435 fuerat;

479 1449 694 1493 Induperator
716 1451 788 1480 crat
810 1459 969 1491 spargens
992 1449 1027 1482 in
1050 1449 1158 1482 sidera
1180 1461 1309 1490 nomen,

525 1500 720 1534 Praccslsus
742 1501 868 1532 meritis
893 1501 1104 1544 induperator
1127 1506 1206 1534 erat.

399 1561 422 1580 15
479 1551 552 1590 Quo
574 1552 733 1584 moriente
756 1552 812 1595 pio
834 1555 923 1585 totus
946 1554 1178 1597 tremefecerat
1201 1554 1298 1595 orbis,

525 1604 648 1642 Omnes
671 1603 862 1636 maerebant
885 1615 948 1647 quo
971 1605 1131 1638 moriente
1154 1606 1228 1648 pi0;

477 1656 595 1699 Regna
616 1656 735 1688 beatus
758 1656 859 1690 habet
881 1657 954 1699 pius
978 1657 1034 1690 illc
1059 1657 1118 1690 sed
1141 1668 1236 1690 omne
1258 1668 1318 1700 per
1340 1667 1469 1698 aevum,

524 1708 615 1740 Inter
638 1707 814 1741 caelicolas
837 1719 939 1750 regna
962 1708 1079 1742 beatus
1103 1709 1217 1747 habet;

477 1759 607 1793 Gaudia
628 1760 729 1803 longa
750 1761 843 1794 metit
864 1760 1060 1794 Ludcwicus
1083 1762 1116 1794 in
1139 1773 1216 1795 arce
1240 1762 1399 1805 polorum,

395 1819 421 1839 ²0
524 1811 692 1844 Montibus
715 1813 859 1845 aeternis
882 1813 1004 1856 gaudia
1026 1813 1122 1856 longa
1144 1814 1247 1846 metit.
1272 1815 1317 1837 -”

479 1863 659 1907 Splendida
680 1874 782 1904 rame,
805 1865 907 1897 micas
931 1876 974 1898 ex
996 1865 1068 1908 ipso
1093 1865 1237 1899 Caesare
1262 1876 1383 1905 ramus,

523 1915 602 1947 Flos
626 1915 735 1958 magni
759 1914 884 1956 Karoli,
907 1916 1077 1959 splendide
1099 1926 1200 1956 rame,
1224 1917 1336 1950 micas.

476 1966 570 2000 Tune
593 1977 711 2000 novum
734 1967 864 2010 populis
888 1968 997 2000 lumen
1024 1968 1174 2001 mirabile
1197 1968 1292 2001 visu?

527 2018 735 2062 Resplendes
759 2019 848 2052 sidus
871 2022 950 2052 tune
973 2030 1094 2052 novum
1116 2018 1269 2062 populis?

395 2077 421 2096 25
478 2069 604 2102 Affrica
626 2070 716 2104 laeta
737 2081 798 2103 suo
821 2070 973 2104 clarescit
995 2071 1057 2103 rite
1081 2070 1228 2114 Canopo,

522 2121 662 2154 Lumine
684 2122 894 2165 congaudens
917 2122 1041 2155 Affrica
1063 2123 1151 2155 laeta
1175 2133 1252 2155 suo:

476 2172 524 2205 Te
547 2183 677 2216 quoque
699 2174 908 2216 magnanimo
932 2173 1016 2206 duce
1040 2174 1087 2206 sic
1110 2173 1246 2216 Europa
1268 2177 1429 2212 coruscat,

524 2224 640 2258 Sidere
663 2225 806 2258 laetatur
830 2229 864 2258 te
889 2235 1018 2268 quoque
1041 2225 1258 2268 magnanimo,

478 2275 573 2309 Nunc
594 2277 803 2320 patriumque
826 2276 927 2309 decus
950 2278 1016 2309 tete
1039 2276 1206 2319 cognoscit
1228 2275 1361 2316 habere,

396 2334 422 2354 ³⁰
525 2327 728 2362 Acthei-eum
752 2339 869 2361 munus
892 2339 978 2361 nunc
1001 2329 1207 2372 patriumque
1231 2327 1340 2360 decus.

215 2474 233 2501 4
257 2476 325 2502 sicut
337 2476 360 2501 0
382 2475 473 2502 tociaco
494 2485 562 2502 corr.
580 2475 692 2503 Pio-enne
823 2475 905 2510 [xxx.]
928 2477 967 2502 cel.
993 2477 1086 2502 Graue
1102 2484 1131 2508 p.
1151 2475 1167 2500 9
1229 2473 1454 2500 LODEVVICVM
1474 2473 1496 2498 C'
1588 2472 1605 2498 2
1633 2481 1765 2499 cesai-eum

110 2519 245 2551 panim-0
318 2517 335 2543 9
348 2519 476 2553 §suncini-
489 2519 512 2544 0
589 2518 622 2545 19
638 2520 790 2546 lodsuvicus
803 2520 826 2545 0
899 2519 934 2545 22
946 2527 1029 2545 macas
1039 2527 1106 2544 corr.
1121 2518 1148 2543 (Ρ
1226 2516 1260 2542 23
1272 2517 1384 2550 populus
1392 2524 1460 2541 corr.
1475 2515 1498 2540 Ο
1574 2514 1608 2541 29
1621 2517 1766 2550 patricique
1783 2538 1786 2542 ,

216 2653 310 2689 [xxix-1
323 2654 338 2682 '1
348 2666 382 2678 =
393 2654 490 2689 XXV,
500 2655 525 2682 5.
629 2654 714 2690 [xxx]
727 2653 764 2682 ad
778 2653 955 2682 Imdmoicum
967 2661 1049 2688 reyem
1066 2652 1227 2680 Germanae
1242 2650 1380 2679 Imdowici
1392 2650 1438 2678 Pii
1451 2651 1546 2684 filium.
1616 2651 1633 2677 9
1642 2652 1709 2678 Aen.
1728 2651 1768 2677 VI

112 2713 136 2731 s.
153 2705 205 2733 164
225 2714 282 2740 quo
305 2715 360 2734 non
387 2706 575 2741 praestantior
595 2707 675 2734 alter.
768 2708 802 2734 15
818 2715 854 2741 sq.
872 2707 918 2740 cfr.
937 2706 999 2733 XX
1007 2705 1093 2739 VIII,
1119 2705 1150 2731 11
1168 2712 1213 2738 sq..
1302 2703 1335 2730 19
1358 2702 1450 2730 Sahal.
1467 2710 1488 2729 c.
1505 2710 1531 2735 p.
1545 2702 1567 2735 I,
1587 2702 1639 2729 366
1657 2702 1766 2729 Gaudia

113 2755 199 2792 longa
215 2759 327 2786 metam.
413 2759 449 2786 23
465 2759 533 2786 Aen.
553 2757 625 2792 XII,
643 2758 695 2786 252
712 2758 841 2786 mirabile
859 2758 928 2786 visu.
1503 2801 1560 2828 2η

524 2820 529 2824 .
1522 2811 1538 2828 ι)
