2060 3074
268 111 329 141 726
887 106 1108 134 GODESCALCI
1126 106 1303 134 CARMINA.

577 196 607 225 3.
632 194 681 225 Tu
704 194 789 236 iugis
812 196 882 225 esto
1221 194 1250 225 8.
1275 193 1413 235 Semper
1435 192 1568 235 ubique,

662 245 766 287 gloria
789 256 894 285 servo,
1307 243 1446 285 Christe,
1470 247 1562 276 tuere

663 307 783 338 perpes
806 297 936 328 alumno
1308 298 1342 327 et
1363 296 1452 336 mihi,
1476 297 1562 328 celse

663 349 730 379 vita
751 348 894 384 misello;
1307 350 1352 388 tu,
1375 348 1540 388 miserere,

607 413 618 431 5
663 410 794 442 semper
816 392 941 440 adesto,
1072 402 1075 405 “
1252 412 1264 431 5
1309 402 1407 441 teque
1430 399 1546 431 timere

662 462 722 483 rex
744 452 809 494 pie,
833 454 919 484 voto.
1307 453 1406 493 atque
1429 461 1550 491 amare,

577 541 607 570 4.
631 538 772 581 Respice
795 539 939 578 flentem,
1222 539 1252 569 9.
1277 537 1341 569 Per
1363 540 1430 577 tua,
1453 539 1575 577 sancte,

665 600 797 632 quaem,
821 590 983 630 clientem,
1308 589 1428 632 scripta
1450 599 1571 629 meare,

665 644 698 673 te
722 643 924 673 metuentem
1310 639 1407 672 corde
1430 640 1483 672 vel
1506 651 1562 672 ore

665 695 763 735 atque
786 695 965 735 petentem,
1309 692 1384 724 hinc
1406 701 1593 734 peragrare,

611 758 623 776 5
667 747 700 776 te
723 747 944 785 venerantem,
1254 755 1266 775 5
1309 746 1446 786 perpete
1469 746 1579 775 mente

666 796 742 839 quin
766 798 799 828 et
822 799 996 828 amantem.
1309 795 1384 827 hinc
1406 794 1555 836 recitare,

579 886 607 915 5.
631 883 767 925 Porrige
791 882 950 923 dextram,
1208 884 1254 914 10.
1277 882 1330 914 Da
1352 881 1502 913 meditari

667 935 757 977 erige
781 945 925 975 vernam,
1312 936 1346 965 et
1367 932 1537 974 modulari,

668 996 753 1018 exue
776 987 922 1026 multam,
1312 995 1368 1017 ore
1390 985 1522 1027 profari,

667 1038 808 1080 postulo,
833 1038 972 1081 culpam,
1312 1035 1410 1068 corde
1434 1037 1562 1079 operari

612 1102 624 1121 5
669 1090 795 1132 corrige
818 1090 928 1130 vitam,
1258 1102 1270 1121 5
1315 1091 1349 1120 et
1370 1088 1430 1120 tibi
1451 1089 1523 1131 regi

669 1144 714 1183 tu,
738 1142 824 1173 male
847 1142 965 1174 tritam.
1313 1140 1356 1172 da
1378 1140 1537 1172 famulari.

584 1231 613 1260 6.
637 1228 730 1260 Tolle
754 1228 916 1274 ruborem,
1208 1230 1255 1259 11.
1277 1227 1372 1259 Haec
1394 1237 1457 1269 ego
1480 1227 1572 1259 verbi

669 1281 762 1312 mitte
785 1280 956 1322 pudorem,
1313 1289 1447 1312 munere
1470 1279 1587 1311 summi

669 1332 756 1375 pelle
780 1342 946 1375 pavorem,
1316 1333 1414 1374 atque
1438 1331 1562 1364 corusci

671 1384 770 1416 funde
793 1384 942 1425 nitorem,
1314 1393 1414 1426 posco
1437 1382 1572 1426 adipisci
1623 1382 1626 1384 ’

615 1450 627 1468 5
670 1436 756 1469 velle
780 1436 922 1479 rigorem
1262 1447 1274 1467 5
1317 1445 1448 1477 pressus
1469 1435 1585 1467 inormi

672 1488 779 1531 daque
801 1488 959 1530 vigorem.
1314 1487 1402 1519 mole
1423 1487 1531 1530 piacli.

586 1578 614 1607 7.
638 1575 743 1607 Necte
767 1574 918 1606 timorem
1213 1575 1260 1605 12.
1285 1572 1424 1614 Christe,
1448 1573 1557 1606 clienti

673 1627 749 1670 quin
773 1629 806 1659 et
828 1636 984 1666 amorem,
1314 1626 1447 1658 consule
1469 1626 1559 1658 flenti

672 1689 782 1722 posco,
806 1688 984 1721 perennem
1316 1680 1359 1718 et,
1383 1688 1508 1720 precor,
1531 1677 1608 1710 audi

672 1741 732 1774 per
754 1730 947 1773 genitorem,
1317 1732 1394 1762 vota
1416 1730 1543 1771 miselli,

617 1796 628 1815 5
673 1783 728 1826 qui
750 1782 836 1825 regit
858 1791 988 1813 omnem
1260 1790 1281 1813 5·
1315 1781 1410 1813 unice
1433 1781 1478 1813 fili

672 1835 799 1867 fortiter
821 1834 944 1866 orbem.
1316 1833 1417 1876 patris
1439 1832 1580 1866 amandi.

930 1921 977 1951 13.
1001 1918 1124 1951 Sedula
1147 1918 1232 1951 dulci

1033 1970 1104 2002 laus
1126 1970 1267 2013 genitori

1034 2024 1067 2054 et
1090 2022 1149 2054 tibi
1171 2022 1264 2065 proli,

1032 2074 1154 2106 flamini
1176 2077 1210 2106 et
1231 2074 1303 2116 ipsi,

979 2139 991 2158 5
1034 2136 1154 2168 perpes
1177 2128 1212 2158 et
1233 2126 1288 2158 uni

1030 2178 1103 2210 laus
1127 2177 1250 2210 deitati.

380 2324 405 2358 4,
418 2325 435 2351 3
453 2329 608 2352 metuentem
627 2326 663 2352 εἰσ
682 2327 708 2352 P
812 2325 864 2359 5,3
881 2327 940 2352 elue
959 2326 989 2352 G.
1003 2326 1094 2360 Meyer
1157 2325 1174 2352 6
1192 2326 1259 2352 male
1276 2326 1313 2352 cic
1331 2325 1358 2352 P
1459 2325 1511 2358 6,3
1528 2326 1595 2359 pelle
1611 2325 1649 2351 εἰσ
1664 2325 1691 2351 ,Ρ
1746 2324 1764 2352 5
1780 2325 1848 2351 uelle
1865 2324 1902 2351 sic
1913 2324 1939 2351 P

278 2367 301 2400 7,
312 2368 328 2394 3
347 2369 502 2401 perhennem
521 2368 641 2403 (aemper)
655 2369 681 2394 P
730 2369 747 2395 5
759 2373 831 2403 reget
847 2378 916 2395 corr.
928 2370 954 2395 P
1038 2368 1063 2402 8,
1073 2369 1098 2396 5.
1111 2369 1128 2395 6
1145 2370 1230 2403 daque
1242 2370 1332 2395 timere
1349 2370 1414 2402 quin
1431 2373 1457 2394 et
1474 2377 1564 2396 amare
1577 2369 1609 2395 G.
1621 2369 1712 2403 Meyer
1763 2368 1780 2394 6
1791 2377 1829 2394 «m
1840 2366 1937 2402 *atque

279 2410 335 2445 (da)
349 2420 436 2438 amare
445 2413 457 2437 ’.ἰ
526 2412 550 2445 9,
563 2412 576 2438 1
596 2411 667 2439 *Per
685 2414 731 2439 uia
749 2416 838 2445 sancte
851 2413 878 2438 P
926 2412 943 2438 2
956 2415 982 2438 et
994 2413 1091 2447 scripta
1102 2412 1129 2439 P
1177 2412 1195 2439 5
1207 2413 1307 2446 perpeti
1318 2412 1345 2438 P
1413 2411 1454 2446 10,
1464 2411 1481 2438 3
1499 2411 1628 2446 *proferri
1639 2412 1666 2438 1²
1732 2411 1774 2444 11,
1784 2410 1799 2437 1
1817 2410 1901 2444 uerbli
1913 2410 1939 2437 P

278 2454 295 2480 5
313 2458 403 2488 [118εεῦ
417 2455 443 2480 P
453 2465 520 2481 corr.
533 2455 656 2482 Monnier
719 2456 736 2482 6
754 2465 824 2482 more
842 2456 868 2482 P
883 2465 950 2482 corr.
970 2456 1068 2483 Drevu
1156 2455 1197 2489 12,
1209 2455 1227 2482 4
1244 2455 1350 2482 ‘uitam
1367 2455 1393 2482 Ρ

382 2540 406 2572 3,
417 2540 434 2566 2
455 2540 496 2573 Cf.
514 2540 551 2567 ad
568 2549 589 2568 c.
603 2542 615 2568 1
628 2542 652 2574 3,
664 2542 686 2568 1.
757 2542 808 2574 9,6
827 2542 942 2576 perpete
961 2542 1054 2569 mente
1073 2541 1198 2574 recitare,
1217 2541 1253 2575 cf.
1271 2541 1442 2569 Himomams
1458 2541 1492 2568 de
1511 2540 1670 2568 Godaesmzoe
1685 2539 1752 2574 (SS.
1767 2539 1938 2575 X111501).·

281 2590 480 2618 catholicorum
501 2592 577 2619 dicta
596 2601 646 2627 per
666 2594 756 2620 totum
776 2593 850 2620 diem
870 2593 930 2620 sine
948 2593 1134 2628 respiratione
1151 2593 1249 2628 aliqua
1266 2593 1411 2628 praevalet
1428 2592 1588 2621 memoriter
1605 2591 1763 2621 decantate.
