2040 2996
226 88 287 118 244
590 86 915 115 BIBLIOTHECARUM
935 87 982 115 ET
1001 87 1285 116 PSALTERIORUM
1304 89 1444 117 VERSUS
1464 89 1512 118 111.

591 175 670 207 Fert
686 174 773 217 quod
789 186 888 216 amas,
913 175 996 217 quod
1015 187 1123 208 amare
1139 176 1232 215 velis,
1256 176 1342 219 quod
1359 177 1486 209 discere
1503 178 1617 220 prosit,

638 227 734 264 Quod
757 227 879 270 capias,
902 230 1016 259 teneas
1041 227 1191 269 quodque
1215 227 1404 270 frequenter
1427 240 1515 271 agaS.

590 279 732 322 Corrigit
754 280 904 312 hortatur
926 280 1030 312 reficit
1054 281 1194 322 castigat
1216 280 1370 313 honestat

636 332 755 374 Arguit
778 332 930 364 obsecrat
953 333 1103 375 increpat
1123 335 1216 364 ornat
1239 333 1307 365 alit.

588 383 773 426 Eloquium,
797 390 912 424 mores,
937 384 1079 416 studium
1103 385 1267 427 componit
1290 388 1323 417 et
1345 389 1437 417 actus

634 436 762 478 Estque
787 436 877 468 cibus
900 440 996 479 potus
1020 447 1133 468 norma
1156 437 1209 468 via
1232 447 1323 469 arma
1345 438 1443 469 salus.

587 487 749 519 Interiora
770 488 911 520 hominis
934 489 1063 531 promit,
1087 489 1246 520 caelestia
1268 489 1390 532 pandit,

505 546 530 565 ¹0
634 539 738 582 Aptat
760 542 935 582 utrumque
960 541 1023 572 sibi
1046 551 1180 573 munere
1204 541 1302 583 plena
1325 541 1389 573 dei.

586 591 629 623 Et
651 601 808 634 praesens
832 595 1002 624 transacta
1025 593 1113 624 canit
1135 593 1325 634 praesentia
1347 596 1544 634 monstrans,

634 643 771 685 Singula
793 644 866 675 iura
890 644 975 684 silet,
999 645 1127 686 singula
1151 644 1208 676 sed
1232 648 1374 678 resonat.

585 695 777 727 Instabilem
801 696 950 738 quamvis
975 697 1126 729 stabilem
1149 701 1225 740 post
1246 698 1362 730 reddet
1384 702 1548 731 amantem

633 747 687 787 Se,
713 748 740 779 si
764 748 806 779 sit
827 748 924 779 fassis
950 748 1079 780 deditus
1103 749 1158 781 ille
1182 750 1259 781 suis.

502 808 526 826 ιε·
586 799 754 842 (Dedit)us
777 803 814 831 ut
838 811 950 832 verum
974 801 1087 833 credat
1110 802 1196 844 quod
1219 802 1363 834 continet
1386 813 1492 843 omne,

629 851 710 883 Inde
735 862 876 894 sequens
900 853 969 884 veri
994 863 1068 895 spes
1093 853 1150 884 fiat
1177 864 1283 896 aequa
1305 854 1361 896 pii.

581 904 698 936 Dulcis
721 914 812 935 amor
834 904 970 936 nimium
993 916 1071 936 mox
1094 906 1155 937 rite
1179 905 1306 937 duobus
1334 906 1366 937 in
1390 906 1464 938 ollis

628 956 760 988 Tertius
785 956 926 997 incedat,
950 957 1064 999 iungat
1088 960 1121 989 et
1143 958 1212 1000 ipse
1237 958 1309 991 tria.

581 1009 652 1040 Iam
676 1009 816 1041 subeant
837 1009 948 1048 menti,
972 1009 1094 1041 fuerint
1117 1020 1201 1052 quae
1225 1010 1324 1041 noxia
1348 1011 1476 1053 culpae,

498 1068 523 1087 20
627 1061 691 1092 Per
714 1061 866 1092 lacrimas
891 1062 1019 1103 genitus
1043 1072 1166 1104 perque
1191 1061 1312 1093 doloris
1337 1073 1428 1104 opus.

581 1112 634 1144 Sic
658 1113 704 1144 sic
729 1123 803 1144 cum
827 1113 980 1155 precibus
1004 1116 1181 1155 quaeratur
1202 1114 1310 1155 gratia
1333 1113 1463 1154 Christi,

626 1164 774 1196 Muneris
798 1167 848 1196 est
871 1165 964 1196 cuius
989 1165 1143 1208 quicquid
1165 1166 1198 1197 in
1222 1166 1298 1197 orbe
1322 1166 1411 1198 boni.

579 1216 665 1253 Quid
679 1217 841 1257 volumus,
858 1217 1010 1260 petimus,
1025 1217 1175 1257 facimus,
1194 1217 1270 1260 quid
1287 1218 1417 1258 seimus,
1437 1218 1607 1261 habemus,

625 1268 706 1300 Inde
730 1268 836 1308 datur,
860 1269 988 1308 nostris,
1012 1269 1104 1309 utile,
1128 1279 1194 1300 non
1216 1269 1351 1302 meritis.

495 1327 519 1346 2⁵
577 1319 645 1351 Aut
661 1331 779 1352 vanum
803 1323 859 1352 aut
874 1331 1014 1352 vacuum
1037 1323 1095 1352 aut
1117 1321 1163 1352 nil
1183 1324 1240 1353 aut
1254 1321 1420 1354 laudabile
1437 1333 1607 1365 nusquam,

625 1372 766 1414 Spiritus
790 1374 905 1403 auctor
928 1383 1031 1414 agens
1055 1372 1107 1404 cui
1130 1372 1193 1404 nisi
1217 1376 1349 1405 sanctus
1374 1377 1442 1405 eat:

576 1424 648 1461 Quo
673 1424 757 1456 duce
781 1435 834 1456 res
858 1424 1017 1467 adaperta
1039 1427 1140 1467 patet,
1166 1436 1250 1468 quae
1275 1426 1386 1458 clausa
1408 1427 1534 1458 latebat

621 1476 741 1517 Antea,
769 1487 807 1508 eo
831 1479 912 1509 nutu
935 1477 1020 1509 hanc
1043 1480 1213 1509 reserante
1237 1488 1311 1515 suo:

575 1528 657 1560 Cum
681 1539 744 1571 quo
768 1539 861 1561 mens
885 1529 999 1571 pollet,
1024 1529 1094 1561 sine
1119 1539 1181 1571 quo
1197 1529 1399 1562 tenebrascit
1418 1530 1452 1562 in
1467 1531 1604 1572 umbris,

492 1588 517 1606 ³0
623 1580 694 1612 Ceu
718 1583 828 1613 careat
850 1581 924 1612 luce
948 1581 1001 1613 vel
1024 1581 1160 1612 rationis
1184 1592 1257 1624 ope.

573 1633 752 1664 Praeterea
775 1643 894 1676 corpus
917 1633 1066 1664 minuant
1089 1633 1211 1665 ieiunia
1235 1633 1332 1676 digne

620 1684 719 1716 Casta
742 1688 840 1727 atque
865 1685 1026 1717 excubiae
1050 1685 1156 1717 noctis
1179 1685 1301 1728 ubique
1324 1686 1420 1725 bene,

572 1736 732 1773 Quatinus
755 1738 922 1779 ingenium
946 1741 1138 1770 concrescat
1161 1738 1311 1770 acumine
1337 1748 1461 1778 sensus,

620 1788 703 1821 Cum
729 1800 804 1821 caro
828 1790 932 1832 putris
956 1790 1035 1830 abit,
1060 1800 1133 1821 cum
1156 1792 1292 1822 tenuata
1315 1791 1414 1833 perit:

488 1848 513 1867 3⁵
571 1840 677 1873 Carne
701 1841 839 1883 fatigata
862 1841 1099 1884 pedetemptim
1121 1841 1231 1884 gliscit
1254 1852 1392 1874 acumen

618 1892 734 1924 Cordis
759 1896 792 1924 et
815 1893 943 1924 initium
968 1893 1067 1925 sumit
1091 1893 1214 1926 habere
1239 1893 1360 1926 datum.

570 1944 635 1976 Cos
659 1945 747 1976 acuit
769 1944 892 1976 ferrum
916 1944 1010 1987 (mihi
1034 1944 1161 1987 crede):
1187 1956 1299 1977 secare
1325 1946 1487 1988 capillum,

615 1996 745 2029 Radere
769 2008 828 2029 seu
850 1997 973 2039 pariter
996 1997 1121 2040 absque
1145 1997 1259 2029 labore
1283 2001 1391 2040 caput.

568 2049 639 2080 Nec
663 2049 768 2080 minus
792 2049 951 2080 afflictum
975 2049 1060 2081 iusto
1083 2049 1306 2081 moderamine
1330 2060 1448 2092 corpus

485 2108 511 2126 ⁴0
614 2100 824 2132 Intellectum
847 2101 952 2141 offert,
977 2104 1073 2133 sanat
1096 2104 1129 2133 et
1152 2104 1253 2143 auget
1277 2112 1362 2134 eum.

567 2152 719 2194 Denique
743 2152 820 2184 dum
845 2156 1001 2195 superent
1024 2163 1138 2195 gazae,
1161 2153 1238 2184 dum
1261 2154 1353 2195 larga
1375 2153 1526 2195 facultas,

614 2204 702 2236 Dum
725 2205 849 2236 maiora
871 2205 989 2245 inhies,
1013 2205 1090 2237 dum
1112 2205 1241 2237 utiliora
1264 2216 1373 2247 roges,

566 2256 619 2288 Da
642 2256 728 2298 quod
752 2259 850 2298 egent
871 2256 1005 2297 miseris,
1029 2257 1186 2289 miserum
1210 2256 1359 2289 defensio
1383 2257 1454 2289 fito:

612 2308 745 2351 Pauper
768 2319 893 2351 egenus
917 2309 1010 2352 inops
1034 2312 1067 2351 te
1091 2310 1267 2341 miserante
1291 2309 1379 2341 boet.

482 2368 507 2386 ⁴5
565 2360 612 2392 Te
636 2361 814 2393 miserante
838 2361 925 2401 boet,
950 2361 1039 2393 vivat
1062 2362 1258 2404 quicumque
1282 2361 1441 2393 misellus:

612 2412 660 2444 Te
685 2413 843 2444 auxilium
866 2413 953 2445 vitae
977 2414 1122 2456 postulat
1144 2423 1217 2445 esse
1233 2423 1331 2447 suae.

301 2544 334 2570 15
351 2544 452 2578 *mappL

299 2639 331 2665 17
357 2638 447 2665 Salul.
465 2639 533 2673 hym.
558 2640 585 2673 Ι,
613 2640 647 2666 82
669 2639 764 2667 Dulcis
790 2649 868 2667 amor
895 2639 1007 2668 Christi.
1113 2641 1147 2668 25
1174 2643 1264 2668 Amor.
1290 2640 1318 2674 I,
1344 2642 1371 2673 5,
1398 2641 1432 2668 23
1459 2640 1499 2667 nil
1528 2650 1583 2668 non
1612 2641 1755 2668 laudabile
1782 2641 1849 2668 vidi.

194 2690 227 2717 27
250 2690 387 2723 Theodulf.
400 2693 481 2718 contr.
494 2691 572 2718 ivdie.
587 2692 623 2726 (Ι,
643 2693 704 2726 506)
723 2701 745 2719 v.
760 2693 811 2719 498
830 2693 889 2725 Quo
909 2693 955 2719 via
974 2694 1068 2720 clausa
1087 2693 1135 2719 diu
1154 2702 1229 2719 nunc
1247 2693 1383 2727 adaperta
1401 2695 1487 2727 patet.
1573 2693 1607 2720 37
1624 2694 1716 2720 Amor.
1730 2693 1771 2726 II,
1789 2694 1814 2724 2.
1833 2694 1850 2720 9

194 2742 261 2769 mihi
281 2742 369 2769 crede.
406 2743 508 2776 Infinit.
527 2747 563 2770 est
578 2752 630 2777 pro
647 2744 807 2777 imperato-o.
896 2746 930 2771 39
949 2745 1075 2772 ΑΙᾱΙιιΙηι.
1094 2744 1169 2771 laud.
1187 2745 1251 2779 πίνῃ.
1271 2745 1319 2772 731
1339 2745 1414 2771 iusto
1432 2745 1620 2772 moderamine
1640 2745 1757 2779 pondus.
