<?xml version="1.0" encoding="UTF-8"?>
<!DOCTYPE html PUBLIC "-//W3C//DTD XHTML 1.0 Transitional//EN"
    "http://www.w3.org/TR/xhtml1/DTD/xhtml1-transitional.dtd">
<html xmlns="http://www.w3.org/1999/xhtml" xml:lang="en" lang="en">
 <head>
  <title>
</title>
<meta http-equiv="Content-Type" content="text/html;charset=utf-8" />
  <meta name='ocr-system' content='tesseract 3.04.00' />
  <meta name='ocr-capabilities' content='ocr_page ocr_carea ocr_par ocr_line ocrx_word'/>
</head>
<body>
  <div class='ocr_page' id='page_1' title='image "./monumentagerma03geseuoft/monumentagerma03geseuoft_0332.png"; bbox 0 0 2138 3106; ppageno 0'>
   <div class='ocr_carea' id='block_1_1' title="bbox 297 195 358 225">
    <p class='ocr_par' dir='ltr' id='par_1_1' title="bbox 297 195 358 225">
     <span class='ocr_line' id='line_1_1' title="bbox 297 195 358 225; baseline -0.016 0"><span class='ocrx_word' id='word_1_1' title='bbox 297 195 358 225; x_wconf 79' lang='lat' dir='ltr'><strong>3¹ss</strong></span> 
     </span>
    </p>
   </div>
   <div class='ocr_carea' id='block_1_2' title="bbox 298 2347 391 2371">
    <p class='ocr_par' dir='ltr' id='par_1_2' title="bbox 298 2347 391 2371">
     <span class='ocr_line' id='line_1_2' title="bbox 298 2347 391 2371; baseline 0 0"><span class='ocrx_word' id='word_1_2' title='bbox 298 2347 391 2371; x_wconf 75' lang='lat' dir='ltr'><strong>reiecta</strong></span> 
     </span>
    </p>
   </div>
   <div class='ocr_carea' id='block_1_3' title="bbox 402 2214 1955 2465">
    <p class='ocr_par' dir='ltr' id='par_1_3' title="bbox 402 2214 567 2247">
     <span class='ocr_line' id='line_1_3' title="bbox 402 2214 567 2247; baseline 0.006 -7"><span class='ocrx_word' id='word_1_3' title='bbox 402 2214 463 2247; x_wconf 62' lang='grc' dir='ltr'><strong>[ιι]</strong></span> <span class='ocrx_word' id='word_1_4' title='bbox 482 2216 523 2240; x_wconf 84' lang='lat' dir='ltr'><strong>su</strong></span> <span class='ocrx_word' id='word_1_5' title='bbox 541 2216 567 2241; x_wconf 85' lang='lat' dir='ltr'><em>B</em></span> 
     </span>
    </p>

    <p class='ocr_par' dir='ltr' id='par_1_4' title="bbox 402 2258 856 2291">
     <span class='ocr_line' id='line_1_4' title="bbox 402 2258 856 2291; baseline 0.002 -8"><span class='ocrx_word' id='word_1_6' title='bbox 402 2258 476 2291; x_wconf 88' lang='lat' dir='ltr'>[L11.]</span> <span class='ocrx_word' id='word_1_7' title='bbox 498 2259 510 2284; x_wconf 96' lang='grc'>1</span> <span class='ocrx_word' id='word_1_8' title='bbox 530 2260 610 2285; x_wconf 79' lang='lat' dir='ltr'><strong>Suma</strong></span> <span class='ocrx_word' id='word_1_9' title='bbox 628 2260 653 2284; x_wconf 83' lang='lat' dir='ltr'><em>B</em></span> <span class='ocrx_word' id='word_1_10' title='bbox 671 2269 737 2285; x_wconf 81' lang='lat' dir='ltr'><strong>corr.</strong></span> <span class='ocrx_word' id='word_1_11' title='bbox 757 2260 856 2285; x_wconf 79' lang='lat' dir='ltr'><strong>Betlmz.</strong></span> 
     </span>
    </p>

    <p class='ocr_par' dir='ltr' id='par_1_5' title="bbox 402 2296 1955 2372">
     <span class='ocr_line' id='line_1_5' title="bbox 402 2296 1955 2336; baseline 0.001 -9"><span class='ocrx_word' id='word_1_12' title='bbox 402 2301 489 2334; x_wconf 92' lang='lat' dir='ltr'>[LIII.]</span> <span class='ocrx_word' id='word_1_13' title='bbox 515 2304 622 2328; x_wconf 80' lang='lat' dir='ltr'>SUPER</span> <span class='ocrx_word' id='word_1_14' title='bbox 647 2296 737 2328; x_wconf 46' lang='lat' dir='ltr'><strong>LEO?</strong></span> <span class='ocrx_word' id='word_1_15' title='bbox 762 2312 828 2328; x_wconf 70' lang='lat' dir='ltr'><strong>eras.</strong></span> <span class='ocrx_word' id='word_1_16' title='bbox 848 2303 886 2328; x_wconf 87' lang='lat' dir='ltr'><strong>B.-</strong></span> <span class='ocrx_word' id='word_1_17' title='bbox 899 2307 982 2335; x_wconf 69' lang='lat' dir='ltr'><strong>potest</strong></span> <span class='ocrx_word' id='word_1_18' title='bbox 1009 2312 1061 2328; x_wconf 70' lang='lat' dir='ltr'><strong>esee</strong></span> <span class='ocrx_word' id='word_1_19' title='bbox 1079 2304 1186 2328; x_wconf 77' lang='lat' dir='ltr'>SVPER</span> <span class='ocrx_word' id='word_1_20' title='bbox 1204 2304 1375 2328; x_wconf 72' lang='lat' dir='ltr'><strong>LECTORIO</strong></span> <span class='ocrx_word' id='word_1_21' title='bbox 1402 2307 1447 2328; x_wconf 79' lang='lat' dir='ltr'><strong>aut</strong></span> <span class='ocrx_word' id='word_1_22' title='bbox 1475 2303 1606 2336; x_wconf 60' lang='lat' dir='ltr'><strong>inscriptio</strong></span> <span class='ocrx_word' id='word_1_23' title='bbox 1634 2303 1787 2336; x_wconf 64' lang='lat' dir='ltr'><strong>insequentis</strong></span> <span class='ocrx_word' id='word_1_24' title='bbox 1813 2304 1879 2329; x_wconf 72' lang='lat' dir='ltr'><strong>tituli</strong></span> <span class='ocrx_word' id='word_1_25' title='bbox 1906 2304 1955 2329; x_wconf 79' lang='lat' dir='ltr'><strong>huc</strong></span> 
     </span>
     <span class='ocr_line' id='line_1_6' title="bbox 494 2346 1181 2372; baseline 0.001 -1"><span class='ocrx_word' id='word_1_26' title='bbox 494 2346 511 2371; x_wconf 80' lang='grc'><em>2</em></span> <span class='ocrx_word' id='word_1_27' title='bbox 530 2348 577 2372; x_wconf 83' lang='lat' dir='ltr'><strong>hac</strong></span> <span class='ocrx_word' id='word_1_28' title='bbox 596 2347 620 2371; x_wconf 90' lang='lat' dir='ltr'><em>B</em></span> <span class='ocrx_word' id='word_1_29' title='bbox 638 2356 704 2372; x_wconf 76' lang='lat' dir='ltr'><strong>corr.</strong></span> <span class='ocrx_word' id='word_1_30' title='bbox 724 2347 823 2372; x_wconf 75' lang='lat' dir='ltr'><strong>Bethm.</strong></span> <span class='ocrx_word' id='word_1_31' title='bbox 1179 2346 1181 2348; x_wconf 53' lang='grc'><strong><em>’</em></strong></span> 
     </span>
    </p>

    <p class='ocr_par' dir='ltr' id='par_1_6' title="bbox 405 2388 1894 2422">
     <span class='ocr_line' id='line_1_7' title="bbox 405 2388 1894 2422; baseline 0 -8"><span class='ocrx_word' id='word_1_32' title='bbox 405 2389 491 2422; x_wconf 83' lang='lat' dir='ltr'><strong>[le.]</strong></span> <span class='ocrx_word' id='word_1_33' title='bbox 512 2390 524 2414; x_wconf 93' lang='lat'>1</span> <span class='ocrx_word' id='word_1_34' title='bbox 545 2391 634 2415; x_wconf 80' lang='lat' dir='ltr'><strong>dextra</strong></span> <span class='ocrx_word' id='word_1_35' title='bbox 652 2390 678 2414; x_wconf 89' lang='lat' dir='ltr'><em>B</em></span> <span class='ocrx_word' id='word_1_36' title='bbox 782 2389 799 2414; x_wconf 81' lang='lat'>2</span> <span class='ocrx_word' id='word_1_37' title='bbox 816 2389 904 2421; x_wconf 62' lang='lat' dir='ltr'><strong>*quinj</strong></span> <span class='ocrx_word' id='word_1_38' title='bbox 924 2390 969 2422; x_wconf 83' lang='lat' dir='ltr'><strong>qui</strong></span> <span class='ocrx_word' id='word_1_39' title='bbox 988 2390 1014 2414; x_wconf 88' lang='grc' dir='ltr'><strong>ἰιι</strong></span> <span class='ocrx_word' id='word_1_40' title='bbox 1033 2389 1070 2414; x_wconf 89' lang='grc' dir='ltr'><strong>Β.·</strong></span> <span class='ocrx_word' id='word_1_41' title='bbox 1087 2390 1135 2421; x_wconf 80' lang='lat' dir='ltr'><strong>csr.</strong></span> <span class='ocrx_word' id='word_1_42' title='bbox 1157 2389 1277 2420; x_wconf 84' lang='lat' dir='ltr'><em>LXVII,</em></span> <span class='ocrx_word' id='word_1_43' title='bbox 1289 2388 1305 2413; x_wconf 78' lang='grc'>6</span> <span class='ocrx_word' id='word_1_44' title='bbox 1409 2388 1426 2414; x_wconf 91' lang='grc'><strong>3</strong></span> <span class='ocrx_word' id='word_1_45' title='bbox 1443 2393 1529 2414; x_wconf 76' lang='lat' dir='ltr'><strong>seruet</strong></span> <span class='ocrx_word' id='word_1_46' title='bbox 1541 2403 1572 2406; x_wconf 82' lang='lat'>—</span> <span class='ocrx_word' id='word_1_47' title='bbox 1585 2388 1602 2414; x_wconf 90' lang='lat'>4</span> <span class='ocrx_word' id='word_1_48' title='bbox 1620 2390 1727 2415; x_wconf 87' lang='lat' dir='ltr'><strong>nimium</strong></span> <span class='ocrx_word' id='word_1_49' title='bbox 1746 2390 1773 2414; x_wconf 74' lang='lat' dir='ltr'><strong>in</strong></span> <span class='ocrx_word' id='word_1_50' title='bbox 1791 2390 1809 2415; x_wconf 86' lang='lat' dir='ltr'><strong>I.</strong></span> <span class='ocrx_word' id='word_1_51' title='bbox 1826 2399 1849 2414; x_wconf 82' lang='lat' dir='ltr'><strong>r.</strong></span> <span class='ocrx_word' id='word_1_52' title='bbox 1868 2389 1894 2414; x_wconf 92' lang='lat' dir='ltr'><strong><em>B</em></strong></span> 
     </span>
    </p>

    <p class='ocr_par' dir='ltr' id='par_1_7' title="bbox 403 2432 951 2465">
     <span class='ocr_line' id='line_1_8' title="bbox 403 2432 951 2465; baseline 0 -7"><span class='ocrx_word' id='word_1_53' title='bbox 403 2432 475 2465; x_wconf 89' lang='lat' dir='ltr'>[LV.]</span> <span class='ocrx_word' id='word_1_54' title='bbox 495 2434 649 2458; x_wconf 78' lang='lat' dir='ltr'>DESUPER</span> <span class='ocrx_word' id='word_1_55' title='bbox 668 2434 784 2458; x_wconf 72' lang='lat' dir='ltr'><strong>MENSA</strong></span> <span class='ocrx_word' id='word_1_56' title='bbox 802 2433 829 2458; x_wconf 79' lang='lat' dir='ltr'><strong>in</strong></span> <span class='ocrx_word' id='word_1_57' title='bbox 848 2434 865 2458; x_wconf 87' lang='lat' dir='ltr'><strong>l.</strong></span> <span class='ocrx_word' id='word_1_58' title='bbox 883 2442 906 2458; x_wconf 82' lang='lat' dir='ltr'><strong>r.</strong></span> <span class='ocrx_word' id='word_1_59' title='bbox 926 2433 951 2457; x_wconf 91' lang='lat' dir='ltr'><em>B</em></span> 
     </span>
    </p>
   </div>
   <div class='ocr_carea' id='block_1_4' title="bbox 898 186 1347 215">
    <p class='ocr_par' dir='ltr' id='par_1_8' title="bbox 898 186 1347 215">
     <span class='ocr_line' id='line_1_9' title="bbox 898 186 1347 215; baseline -0.007 0"><span class='ocrx_word' id='word_1_60' title='bbox 898 188 1065 215; x_wconf 80' lang='lat' dir='ltr'>CARMINA</span> <span class='ocrx_word' id='word_1_61' title='bbox 1085 186 1347 214; x_wconf 78' lang='lat' dir='ltr'>CENTULENSIA.</span> 
     </span>
    </p>
   </div>
   <div class='ocr_carea' id='block_1_5' title="bbox 824 316 1425 419">
    <p class='ocr_par' dir='ltr' id='par_1_9' title="bbox 824 316 1425 419">
     <span class='ocr_line' id='line_1_10' title="bbox 1097 316 1153 348; baseline 0 0"><span class='ocrx_word' id='word_1_62' title='bbox 1097 316 1153 348; x_wconf 90' lang='lat' dir='ltr'><strong>LI.</strong></span> 
     </span>
     <span class='ocr_line' id='line_1_11' title="bbox 824 377 1425 419; baseline -0.005 -2"><span class='ocrx_word' id='word_1_63' title='bbox 824 381 939 417; x_wconf 91' lang='lat' dir='ltr'><strong>ITEM</strong></span> <span class='ocrx_word' id='word_1_64' title='bbox 967 377 1149 419; x_wconf 82' lang='lat' dir='ltr'>SV&lt;PER&gt;</span> <span class='ocrx_word' id='word_1_65' title='bbox 1178 378 1425 415; x_wconf 88' lang='lat' dir='ltr'>EPISTOLA.</span> 
     </span>
    </p>
   </div>
   <div class='ocr_carea' id='block_1_6' title="bbox 663 453 1538 550">
    <p class='ocr_par' dir='ltr' id='par_1_10' title="bbox 663 453 1538 550">
     <span class='ocr_line' id='line_1_12' title="bbox 663 453 1525 497; baseline -0.003 -10"><span class='ocrx_word' id='word_1_66' title='bbox 663 456 769 497; x_wconf 85' lang='lat' dir='ltr'>Perge</span> <span class='ocrx_word' id='word_1_67' title='bbox 794 456 864 486; x_wconf 84' lang='lat' dir='ltr'><strong>vias</strong></span> <span class='ocrx_word' id='word_1_68' title='bbox 889 455 997 494; x_wconf 83' lang='lat' dir='ltr'><strong>duras,</strong></span> <span class='ocrx_word' id='word_1_69' title='bbox 1022 457 1167 485; x_wconf 87' lang='lat' dir='ltr'><strong>nostrum</strong></span> <span class='ocrx_word' id='word_1_70' title='bbox 1191 453 1347 495; x_wconf 82' lang='lat' dir='ltr'><strong>deferque</strong></span> <span class='ocrx_word' id='word_1_71' title='bbox 1371 453 1525 496; x_wconf 78' lang='lat' dir='ltr'>diploma.</span> 
     </span>
     <span class='ocr_line' id='line_1_13' title="bbox 664 506 1538 550; baseline -0.002 -12"><span class='ocrx_word' id='word_1_72' title='bbox 664 507 797 546; x_wconf 78' lang='lat' dir='ltr'>Oscula,</span> <span class='ocrx_word' id='word_1_73' title='bbox 822 507 927 546; x_wconf 87' lang='lat' dir='ltr'><strong>Musa,</strong></span> <span class='ocrx_word' id='word_1_74' title='bbox 952 517 1077 550; x_wconf 84' lang='lat' dir='ltr'><strong>precor,</strong></span> <span class='ocrx_word' id='word_1_75' title='bbox 1102 516 1176 537; x_wconf 82' lang='lat' dir='ltr'><strong>caro</strong></span> <span class='ocrx_word' id='word_1_76' title='bbox 1199 508 1234 536; x_wconf 90' lang='lat' dir='ltr'><strong>tu</strong></span> <span class='ocrx_word' id='word_1_77' title='bbox 1259 506 1390 548; x_wconf 86' lang='lat' dir='ltr'><strong>porrige</strong></span> <span class='ocrx_word' id='word_1_78' title='bbox 1414 508 1538 536; x_wconf 84' lang='lat' dir='ltr'><strong>nostro.</strong></span> 
     </span>
    </p>
   </div>
   <div class='ocr_carea' id='block_1_7' title="bbox 904 698 1341 799">
    <p class='ocr_par' dir='ltr' id='par_1_11' title="bbox 904 698 1341 799">
     <span class='ocr_line' id='line_1_14' title="bbox 1090 698 1163 730; baseline 0 0"><span class='ocrx_word' id='word_1_79' title='bbox 1090 698 1163 730; x_wconf 87' lang='lat' dir='ltr'><strong>LII.</strong></span> 
     </span>
     <span class='ocr_line' id='line_1_15' title="bbox 904 761 1341 799; baseline -0.002 0"><span class='ocrx_word' id='word_1_80' title='bbox 904 763 1017 799; x_wconf 91' lang='lat' dir='ltr'>ITEM</span> <span class='ocrx_word' id='word_1_81' title='bbox 1044 762 1093 799; x_wconf 95' lang='lat' dir='ltr'><strong>IN</strong></span> <span class='ocrx_word' id='word_1_82' title='bbox 1120 761 1341 798; x_wconf 86' lang='lat' dir='ltr'>CINGVLO.</span> 
     </span>
    </p>
   </div>
   <div class='ocr_carea' id='block_1_8' title="bbox 664 837 1556 931">
    <p class='ocr_par' dir='ltr' id='par_1_12' title="bbox 664 837 1556 931">
     <span class='ocr_line' id='line_1_16' title="bbox 665 837 1504 879; baseline -0.001 -10"><span class='ocrx_word' id='word_1_83' title='bbox 665 838 800 869; x_wconf 85' lang='lat' dir='ltr'><strong>Summa</strong></span> <span class='ocrx_word' id='word_1_84' title='bbox 824 838 876 870; x_wconf 88' lang='lat' dir='ltr'><strong>dei</strong></span> <span class='ocrx_word' id='word_1_85' title='bbox 900 839 1003 870; x_wconf 88' lang='lat' dir='ltr'><strong>virtus</strong></span> <span class='ocrx_word' id='word_1_86' title='bbox 1027 838 1177 869; x_wconf 87' lang='lat' dir='ltr'><strong>vitiorum</strong></span> <span class='ocrx_word' id='word_1_87' title='bbox 1202 838 1290 868; x_wconf 84' lang='lat' dir='ltr'><strong>fluxa</strong></span> <span class='ocrx_word' id='word_1_88' title='bbox 1314 837 1504 879; x_wconf 81' lang='lat' dir='ltr'><strong>restringat,</strong></span> 
     </span>
     <span class='ocr_line' id='line_1_17' title="bbox 664 889 1556 931; baseline -0.002 -10"><span class='ocrx_word' id='word_1_89' title='bbox 664 890 764 928; x_wconf 86' lang='lat' dir='ltr'><strong>Auro,</strong></span> <span class='ocrx_word' id='word_1_90' title='bbox 789 891 858 921; x_wconf 87' lang='lat' dir='ltr'><strong>eius</strong></span> <span class='ocrx_word' id='word_1_91' title='bbox 884 890 1008 930; x_wconf 86' lang='lat' dir='ltr'><strong>famuli,</strong></span> <span class='ocrx_word' id='word_1_92' title='bbox 1032 890 1160 931; x_wconf 85' lang='lat' dir='ltr'><strong>stringit</strong></span> <span class='ocrx_word' id='word_1_93' title='bbox 1183 899 1278 931; x_wconf 90' lang='lat' dir='ltr'><strong>quem</strong></span> <span class='ocrx_word' id='word_1_94' title='bbox 1302 889 1432 920; x_wconf 81' lang='lat' dir='ltr'><strong>nastula</strong></span> <span class='ocrx_word' id='word_1_95' title='bbox 1456 891 1556 919; x_wconf 82' lang='lat' dir='ltr'><strong>texta.</strong></span> 
     </span>
    </p>
   </div>
   <div class='ocr_carea' id='block_1_9' title="bbox 1077 1079 1169 1112">
    <p class='ocr_par' dir='ltr' id='par_1_13' title="bbox 1077 1079 1169 1112">
     <span class='ocr_line' id='line_1_18' title="bbox 1077 1079 1169 1112; baseline 0.011 -1"><span class='ocrx_word' id='word_1_96' title='bbox 1077 1079 1169 1112; x_wconf 89' lang='lat' dir='ltr'>LIII.</span> 
     </span>
    </p>
   </div>
   <div class='ocr_carea' id='block_1_10' title="bbox 663 1140 1622 1236">
    <p class='ocr_par' dir='ltr' id='par_1_14' title="bbox 663 1140 1622 1236">
     <span class='ocr_line' id='line_1_19' title="bbox 663 1140 1323 1184; baseline -0.003 -11"><span class='ocrx_word' id='word_1_97' title='bbox 663 1141 727 1173; x_wconf 79' lang='lat' dir='ltr'><strong>Hic</strong></span> <span class='ocrx_word' id='word_1_98' title='bbox 752 1141 915 1184; x_wconf 82' lang='lat' dir='ltr'><strong>euangelii</strong></span> <span class='ocrx_word' id='word_1_99' title='bbox 939 1141 1096 1173; x_wconf 84' lang='lat' dir='ltr'><strong>recitatur</strong></span> <span class='ocrx_word' id='word_1_100' title='bbox 1119 1141 1217 1172; x_wconf 85' lang='lat' dir='ltr'><strong>lectio</strong></span> <span class='ocrx_word' id='word_1_101' title='bbox 1241 1140 1323 1172; x_wconf 80' lang='lat' dir='ltr'><strong>sacri</strong></span> 
     </span>
     <span class='ocr_line' id='line_1_20' title="bbox 665 1192 1622 1236; baseline -0.002 -11"><span class='ocrx_word' id='word_1_102' title='bbox 665 1193 735 1225; x_wconf 91' lang='lat' dir='ltr'><strong>Nec</strong></span> <span class='ocrx_word' id='word_1_103' title='bbox 760 1205 824 1225; x_wconf 89' lang='lat' dir='ltr'><strong>non</strong></span> <span class='ocrx_word' id='word_1_104' title='bbox 849 1194 914 1225; x_wconf 84' lang='lat' dir='ltr'><strong>vita</strong></span> <span class='ocrx_word' id='word_1_105' title='bbox 937 1197 1064 1236; x_wconf 84' lang='lat' dir='ltr'><strong>patrum</strong></span> <span class='ocrx_word' id='word_1_106' title='bbox 1089 1204 1127 1225; x_wconf 84' lang='lat' dir='ltr'><strong>ac</strong></span> <span class='ocrx_word' id='word_1_107' title='bbox 1150 1192 1322 1225; x_wconf 86' lang='lat' dir='ltr'><strong>Benedicti</strong></span> <span class='ocrx_word' id='word_1_108' title='bbox 1346 1202 1462 1224; x_wconf 82' lang='lat' dir='ltr'><strong>norma</strong></span> <span class='ocrx_word' id='word_1_109' title='bbox 1484 1192 1622 1235; x_wconf 83' lang='lat' dir='ltr'><strong>patroni.</strong></span> 
     </span>
    </p>
   </div>
   <div class='ocr_carea' id='block_1_11' title="bbox 953 1382 1303 1482">
    <p class='ocr_par' dir='ltr' id='par_1_15' title="bbox 953 1382 1303 1482">
     <span class='ocr_line' id='line_1_21' title="bbox 1083 1382 1172 1414; baseline 0 0"><span class='ocrx_word' id='word_1_110' title='bbox 1083 1382 1172 1414; x_wconf 88' lang='lat' dir='ltr'>LIV.</span> 
     </span>
     <span class='ocr_line' id='line_1_22' title="bbox 953 1445 1303 1482; baseline 0 -1"><span class='ocrx_word' id='word_1_111' title='bbox 953 1445 1108 1481; x_wconf 84' lang='lat' dir='ltr'>SVPER</span> <span class='ocrx_word' id='word_1_112' title='bbox 1135 1445 1303 1482; x_wconf 87' lang='lat' dir='ltr'>LECTO.</span> 
     </span>
    </p>
   </div>
   <div class='ocr_carea' id='block_1_12' title="bbox 667 1519 1597 1709">
    <p class='ocr_par' dir='ltr' id='par_1_16' title="bbox 669 1519 1576 1614">
     <span class='ocr_line' id='line_1_23' title="bbox 669 1519 1576 1562; baseline 0 -11"><span class='ocrx_word' id='word_1_113' title='bbox 669 1520 734 1551; x_wconf 88' lang='lat' dir='ltr'><strong>Hic</strong></span> <span class='ocrx_word' id='word_1_114' title='bbox 758 1520 953 1562; x_wconf 81' lang='lat' dir='ltr'><strong>quicumque</strong></span> <span class='ocrx_word' id='word_1_115' title='bbox 979 1520 1087 1560; x_wconf 80' lang='lat' dir='ltr'><strong>cubat,</strong></span> <span class='ocrx_word' id='word_1_116' title='bbox 1112 1519 1268 1552; x_wconf 82' lang='lat' dir='ltr'><strong>defendat</strong></span> <span class='ocrx_word' id='word_1_117' title='bbox 1290 1519 1430 1551; x_wconf 85' lang='lat' dir='ltr'><strong>dextera</strong></span> <span class='ocrx_word' id='word_1_118' title='bbox 1453 1519 1576 1551; x_wconf 82' lang='lat' dir='ltr'><strong>Christi</strong></span> 
     </span>
     <span class='ocr_line' id='line_1_24' title="bbox 707 1572 1429 1614; baseline 0 -11"><span class='ocrx_word' id='word_1_119' title='bbox 707 1572 815 1610; x_wconf 83' lang='lat' dir='ltr'><strong>Illum,</strong></span> <span class='ocrx_word' id='word_1_120' title='bbox 840 1573 918 1614; x_wconf 90' lang='lat' dir='ltr'><strong>quin</strong></span> <span class='ocrx_word' id='word_1_121' title='bbox 942 1575 1072 1604; x_wconf 81' lang='lat' dir='ltr'><strong>maneat</strong></span> <span class='ocrx_word' id='word_1_122' title='bbox 1094 1572 1266 1604; x_wconf 83' lang='lat' dir='ltr'><strong>incolumis</strong></span> <span class='ocrx_word' id='word_1_123' title='bbox 1290 1572 1429 1614; x_wconf 89' lang='lat' dir='ltr'><strong>iugiter;</strong></span> 
     </span>
    </p>

    <p class='ocr_par' dir='ltr' id='par_1_17' title="bbox 667 1624 1597 1709">
     <span class='ocr_line' id='line_1_25' title="bbox 667 1624 1597 1666; baseline 0 -10"><span class='ocrx_word' id='word_1_124' title='bbox 667 1624 716 1656; x_wconf 90' lang='lat' dir='ltr'><strong>Ac</strong></span> <span class='ocrx_word' id='word_1_125' title='bbox 740 1625 835 1656; x_wconf 81' lang='lat' dir='ltr'><strong>simul</strong></span> <span class='ocrx_word' id='word_1_126' title='bbox 860 1625 1066 1656; x_wconf 82' lang='lat' dir='ltr'><strong>omnitenens</strong></span> <span class='ocrx_word' id='word_1_127' title='bbox 1091 1628 1201 1656; x_wconf 85' lang='lat' dir='ltr'><strong>servet</strong></span> <span class='ocrx_word' id='word_1_128' title='bbox 1225 1625 1412 1666; x_wconf 87' lang='lat' dir='ltr'><strong>circumque</strong></span> <span class='ocrx_word' id='word_1_129' title='bbox 1439 1625 1597 1661; x_wconf 78' lang='lat' dir='ltr'><strong>iacentes,</strong></span> 
     </span>
     <span class='ocr_line' id='line_1_26' title="bbox 712 1677 1449 1709; baseline 0 -1"><span class='ocrx_word' id='word_1_130' title='bbox 712 1677 860 1708; x_wconf 87' lang='lat' dir='ltr'><strong>Pellatur</strong></span> <span class='ocrx_word' id='word_1_131' title='bbox 883 1677 1018 1709; x_wconf 83' lang='lat' dir='ltr'><strong>zabulus</strong></span> <span class='ocrx_word' id='word_1_132' title='bbox 1041 1677 1183 1708; x_wconf 86' lang='lat' dir='ltr'><strong>lubricus</strong></span> <span class='ocrx_word' id='word_1_133' title='bbox 1207 1677 1281 1708; x_wconf 87' lang='lat' dir='ltr'><strong>hinc</strong></span> <span class='ocrx_word' id='word_1_134' title='bbox 1305 1677 1449 1709; x_wconf 87' lang='lat' dir='ltr'><strong>nimium.</strong></span> 
     </span>
    </p>
   </div>
   <div class='ocr_carea' id='block_1_13' title="bbox 917 1876 1336 1976">
    <p class='ocr_par' dir='ltr' id='par_1_18' title="bbox 917 1876 1336 1976">
     <span class='ocr_line' id='line_1_27' title="bbox 1093 1876 1164 1909; baseline -0.014 0"><span class='ocrx_word' id='word_1_135' title='bbox 1093 1876 1164 1909; x_wconf 88' lang='lat' dir='ltr'><strong>LV.</strong></span> 
     </span>
     <span class='ocr_line' id='line_1_28' title="bbox 917 1939 1336 1976; baseline 0 0"><span class='ocrx_word' id='word_1_136' title='bbox 917 1939 1135 1976; x_wconf 87' lang='lat' dir='ltr'>DESVPER</span> <span class='ocrx_word' id='word_1_137' title='bbox 1164 1939 1262 1976; x_wconf 88' lang='lat' dir='ltr'><strong>MEN</strong></span> <span class='ocrx_word' id='word_1_138' title='bbox 1264 1939 1336 1976; x_wconf 84' lang='lat' dir='ltr'><strong>SA.</strong></span> 
     </span>
    </p>
   </div>
   <div class='ocr_carea' id='block_1_14' title="bbox 663 2014 1570 2110">
    <p class='ocr_par' dir='ltr' id='par_1_19' title="bbox 663 2014 1570 2110">
     <span class='ocr_line' id='line_1_29' title="bbox 663 2014 1570 2058; baseline -0.001 -11"><span class='ocrx_word' id='word_1_139' title='bbox 663 2014 829 2047; x_wconf 80' lang='lat' dir='ltr'><strong>Sumimus</strong></span> <span class='ocrx_word' id='word_1_140' title='bbox 856 2015 907 2047; x_wconf 89' lang='lat' dir='ltr'><strong>hic</strong></span> <span class='ocrx_word' id='word_1_141' title='bbox 932 2016 1063 2055; x_wconf 83' lang='lat' dir='ltr'><strong>victum,</strong></span> <span class='ocrx_word' id='word_1_142' title='bbox 1087 2015 1267 2058; x_wconf 81' lang='lat' dir='ltr'><strong>capiamus,</strong></span> <span class='ocrx_word' id='word_1_143' title='bbox 1292 2015 1444 2057; x_wconf 86' lang='lat' dir='ltr'><strong>corporis,</strong></span> <span class='ocrx_word' id='word_1_144' title='bbox 1469 2015 1570 2055; x_wconf 82' lang='lat' dir='ltr'><strong>illum,</strong></span> 
     </span>
     <span class='ocr_line' id='line_1_30' title="bbox 709 2067 1488 2110; baseline -0.001 -11"><span class='ocrx_word' id='word_1_145' title='bbox 709 2067 772 2104; x_wconf 84' lang='lat' dir='ltr'><strong>Qui</strong></span> <span class='ocrx_word' id='word_1_146' title='bbox 796 2071 910 2110; x_wconf 85' lang='lat' dir='ltr'><strong>pascat</strong></span> <span class='ocrx_word' id='word_1_147' title='bbox 934 2071 1076 2100; x_wconf 86' lang='lat' dir='ltr'><strong>mentem</strong></span> <span class='ocrx_word' id='word_1_148' title='bbox 1100 2068 1314 2110; x_wconf 86' lang='lat' dir='ltr'><strong>purificetque</strong></span> <span class='ocrx_word' id='word_1_149' title='bbox 1338 2068 1488 2099; x_wconf 80' lang='lat' dir='ltr'><strong>animam.</strong></span> 
     </span>
    </p>
   </div>
   <div class='ocr_carea' id='block_1_15' title="bbox 405 2516 1958 2552">
    <p class='ocr_par' dir='ltr' id='par_1_20' title="bbox 405 2516 1958 2552">
     <span class='ocr_line' id='line_1_31' title="bbox 405 2516 1958 2552; baseline 0.001 -9"><span class='ocrx_word' id='word_1_150' title='bbox 405 2517 485 2552; x_wconf 72' lang='lat' dir='ltr'>[HL]</span> <span class='ocrx_word' id='word_1_151' title='bbox 505 2518 629 2550; x_wconf 75' lang='lat' dir='ltr'><strong>Hariulf.</strong></span> <span class='ocrx_word' id='word_1_152' title='bbox 653 2517 750 2545; x_wconf 75' lang='lat' dir='ltr'><strong>Chrcm.</strong></span> <span class='ocrx_word' id='word_1_153' title='bbox 771 2518 874 2544; x_wconf 77' lang='lat' dir='ltr'><strong>Centul.</strong></span> <span class='ocrx_word' id='word_1_154' title='bbox 894 2517 955 2551; x_wconf 80' lang='grc' dir='ltr'><em>ΙΙΙ,</em></span> <span class='ocrx_word' id='word_1_155' title='bbox 968 2518 985 2544; x_wconf 88' lang='lat'><strong>3</strong></span> <span class='ocrx_word' id='word_1_156' title='bbox 1008 2525 1040 2544; x_wconf 73' lang='lat' dir='ltr'><strong>ex</strong></span> <span class='ocrx_word' id='word_1_157' title='bbox 1062 2517 1237 2552; x_wconf 69' lang='lat' dir='ltr'><strong>descriptione</strong></span> <span class='ocrx_word' id='word_1_158' title='bbox 1259 2517 1365 2544; x_wconf 76' lang='lat' dir='ltr'><strong>centuli</strong></span> <span class='ocrx_word' id='word_1_159' title='bbox 1382 2526 1407 2543; x_wconf 84' lang='lat' dir='ltr'><strong>a.</strong></span> <span class='ocrx_word' id='word_1_160' title='bbox 1426 2517 1475 2543; x_wconf 85' lang='lat'><strong>831</strong></span> <span class='ocrx_word' id='word_1_161' title='bbox 1494 2517 1568 2549; x_wconf 77' lang='lat' dir='ltr'><strong>facta</strong></span> <span class='ocrx_word' id='word_1_162' title='bbox 1591 2516 1623 2542; x_wconf 76' lang='lat' dir='ltr'><strong>ele</strong></span> <span class='ocrx_word' id='word_1_163' title='bbox 1641 2516 1764 2543; x_wconf 65' lang='lat' dir='ltr'><strong>thesauro</strong></span> <span class='ocrx_word' id='word_1_164' title='bbox 1781 2517 1808 2544; x_wconf 90' lang='lat' dir='ltr'><strong>S.</strong></span> <span class='ocrx_word' id='word_1_165' title='bbox 1822 2517 1958 2544; x_wconf 67' lang='lat' dir='ltr'><strong>Eidem-ii.-</strong></span> 
     </span>
    </p>
   </div>
   <div class='ocr_carea' id='block_1_16' title="bbox 300 2569 754 2604">
    <p class='ocr_par' dir='ltr' id='par_1_21' title="bbox 300 2569 754 2604">
     <span class='ocr_line' id='line_1_32' title="bbox 300 2569 754 2604; baseline 0.004 -9"><span class='ocrx_word' id='word_1_166' title='bbox 300 2569 426 2596; x_wconf 78' lang='lat' dir='ltr'><strong>nastolae</strong></span> <span class='ocrx_word' id='word_1_167' title='bbox 445 2579 479 2596; x_wconf 85' lang='lat' dir='ltr'><strong>ex</strong></span> <span class='ocrx_word' id='word_1_168' title='bbox 498 2579 565 2597; x_wconf 84' lang='lat' dir='ltr'><strong>auro</strong></span> <span class='ocrx_word' id='word_1_169' title='bbox 584 2572 700 2604; x_wconf 75' lang='lat' dir='ltr'><strong>paratae</strong></span> <span class='ocrx_word' id='word_1_170' title='bbox 719 2571 754 2596; x_wconf 92' lang='grc' dir='ltr'><strong>ΙΙ.</strong></span> 
     </span>
    </p>
   </div>
   <div class='ocr_carea' id='block_1_17' title="bbox 298 2621 1956 2707">
    <p class='ocr_par' dir='ltr' id='par_1_22' title="bbox 298 2621 1956 2707">
     <span class='ocr_line' id='line_1_33' title="bbox 407 2621 1956 2656; baseline -0.001 -8"><span class='ocrx_word' id='word_1_171' title='bbox 407 2621 485 2656; x_wconf 84' lang='lat' dir='ltr'><strong>[LV.]</strong></span> <span class='ocrx_word' id='word_1_172' title='bbox 510 2622 690 2648; x_wconf 80' lang='lat' dir='ltr'><strong>Sulmotamus</strong></span> <span class='ocrx_word' id='word_1_173' title='bbox 706 2622 790 2648; x_wconf 74' lang='lat' dir='ltr'><strong>simile</strong></span> <span class='ocrx_word' id='word_1_174' title='bbox 808 2622 970 2656; x_wconf 70' lang='lat' dir='ltr'><strong>epiqramma</strong></span> <span class='ocrx_word' id='word_1_175' title='bbox 988 2630 1019 2648; x_wconf 67' lang='grc' dir='ltr'><strong>επ</strong></span> <span class='ocrx_word' id='word_1_176' title='bbox 1037 2622 1092 2649; x_wconf 81' lang='lat' dir='ltr'><strong>cod.</strong></span> <span class='ocrx_word' id='word_1_177' title='bbox 1111 2623 1156 2650; x_wconf 83' lang='lat' dir='ltr'><strong>lat.</strong></span> <span class='ocrx_word' id='word_1_178' title='bbox 1178 2622 1283 2649; x_wconf 65' lang='lat' dir='ltr'><strong>Monac.</strong></span> <span class='ocrx_word' id='word_1_179' title='bbox 1304 2622 1373 2648; x_wconf 78' lang='lat'><strong>6298</strong></span> <span class='ocrx_word' id='word_1_180' title='bbox 1390 2630 1456 2649; x_wconf 78' lang='lat' dir='ltr'><strong>saec.</strong></span> <span class='ocrx_word' id='word_1_181' title='bbox 1475 2621 1525 2648; x_wconf 91' lang='lat' dir='ltr'><strong>IX</strong></span> <span class='ocrx_word' id='word_1_182' title='bbox 1542 2621 1588 2654; x_wconf 76' lang='lat' dir='ltr'><strong>fol.</strong></span> <span class='ocrx_word' id='word_1_183' title='bbox 1607 2622 1636 2654; x_wconf 88' lang='lat'><strong>3,</strong></span> <span class='ocrx_word' id='word_1_184' title='bbox 1654 2621 1725 2654; x_wconf 76' lang='lat' dir='ltr'><strong>quod</strong></span> <span class='ocrx_word' id='word_1_185' title='bbox 1740 2621 1802 2647; x_wconf 86' lang='lat' dir='ltr'><strong>olim</strong></span> <span class='ocrx_word' id='word_1_186' title='bbox 1819 2621 1956 2655; x_wconf 63' lang='lat' dir='ltr'><strong>desen&#39;psit</strong></span> 
     </span>
     <span class='ocr_line' id='line_1_34' title="bbox 298 2673 654 2707; baseline 0.006 -9"><span class='ocrx_word' id='word_1_187' title='bbox 298 2673 376 2698; x_wconf 70' lang='lat' dir='ltr'><strong>‘nobis</strong></span> <span class='ocrx_word' id='word_1_188' title='bbox 397 2673 487 2707; x_wconf 71' lang='lat' dir='ltr'><strong>Meyer</strong></span> <span class='ocrx_word' id='word_1_189' title='bbox 507 2674 654 2707; x_wconf 74' lang='lat' dir='ltr'><strong>Spirensis:</strong></span> 
     </span>
    </p>
   </div>
   <div class='ocr_carea' id='block_1_18' title="bbox 662 2708 1612 2874">
    <p class='ocr_par' dir='ltr' id='par_1_23' title="bbox 664 2708 1396 2744">
     <span class='ocr_line' id='line_1_35' title="bbox 664 2708 1396 2744; baseline 0.001 -10"><span class='ocrx_word' id='word_1_190' title='bbox 664 2709 746 2735; x_wconf 88' lang='lat' dir='ltr'><strong>Porto</strong></span> <span class='ocrx_word' id='word_1_191' title='bbox 766 2708 852 2742; x_wconf 85' lang='lat' dir='ltr'><strong>dapes</strong></span> <span class='ocrx_word' id='word_1_192' title='bbox 870 2708 959 2740; x_wconf 84' lang='lat' dir='ltr'><strong>dorso,</strong></span> <span class='ocrx_word' id='word_1_193' title='bbox 978 2709 1040 2743; x_wconf 91' lang='lat' dir='ltr'><strong>quis</strong></span> <span class='ocrx_word' id='word_1_194' title='bbox 1060 2718 1159 2744; x_wconf 84' lang='lat' dir='ltr'><strong>corpus</strong></span> <span class='ocrx_word' id='word_1_195' title='bbox 1178 2708 1302 2743; x_wconf 81' lang='lat' dir='ltr'><strong>pascitur</strong></span> <span class='ocrx_word' id='word_1_196' title='bbox 1320 2710 1396 2743; x_wconf 78' lang='lat' dir='ltr'><strong>apte.</strong></span> 
     </span>
    </p>

    <p class='ocr_par' dir='ltr' id='par_1_24' title="bbox 662 2751 1612 2830">
     <span class='ocr_line' id='line_1_36' title="bbox 700 2751 1612 2787; baseline -0.001 -9"><span class='ocrx_word' id='word_1_197' title='bbox 700 2752 822 2778; x_wconf 78' lang='lat' dir='ltr'><strong>Pascant</strong></span> <span class='ocrx_word' id='word_1_198' title='bbox 839 2752 925 2779; x_wconf 85' lang='lat' dir='ltr'><strong>verba</strong></span> <span class='ocrx_word' id='word_1_199' title='bbox 944 2753 989 2780; x_wconf 87' lang='lat' dir='ltr'><strong>dei</strong></span> <span class='ocrx_word' id='word_1_200' title='bbox 1007 2752 1102 2786; x_wconf 88' lang='lat' dir='ltr'><strong>hi(n)c</strong></span> <span class='ocrx_word' id='word_1_201' title='bbox 1121 2754 1235 2787; x_wconf 79' lang='lat' dir='ltr'><strong>pectora</strong></span> <span class='ocrx_word' id='word_1_202' title='bbox 1255 2752 1297 2786; x_wconf 90' lang='lat'><strong>[—</strong></span> <span class='ocrx_word' id='word_1_203' title='bbox 1317 2760 1332 2778; x_wconf 91' lang='lat' dir='ltr'><strong>e</strong></span> <span class='ocrx_word' id='word_1_204' title='bbox 1350 2751 1416 2786; x_wconf 68' lang='lat' dir='ltr'><strong>cod]</strong></span> <span class='ocrx_word' id='word_1_205' title='bbox 1435 2751 1488 2778; x_wconf 85' lang='lat' dir='ltr'><strong>rite</strong></span> <span class='ocrx_word' id='word_1_206' title='bbox 1507 2760 1612 2786; x_wconf 85' lang='lat' dir='ltr'><strong>precor.</strong></span> 
     </span>
     <span class='ocr_line' id='line_1_37' title="bbox 662 2795 1438 2830; baseline 0 -9"><span class='ocrx_word' id='word_1_207' title='bbox 662 2795 714 2822; x_wconf 88' lang='lat' dir='ltr'><strong>Hic</strong></span> <span class='ocrx_word' id='word_1_208' title='bbox 734 2797 815 2829; x_wconf 76' lang='lat' dir='ltr'><strong>pater</strong></span> <span class='ocrx_word' id='word_1_209' title='bbox 833 2797 862 2822; x_wconf 85' lang='lat' dir='ltr'><strong>et</strong></span> <span class='ocrx_word' id='word_1_210' title='bbox 880 2795 986 2828; x_wconf 77' lang='lat' dir='ltr'><strong>fratres,</strong></span> <span class='ocrx_word' id='word_1_211' title='bbox 1005 2795 1051 2823; x_wconf 87' lang='lat' dir='ltr'><strong>hic</strong></span> <span class='ocrx_word' id='word_1_212' title='bbox 1070 2797 1171 2830; x_wconf 81' lang='lat' dir='ltr'><strong>hospes</strong></span> <span class='ocrx_word' id='word_1_213' title='bbox 1189 2795 1274 2822; x_wconf 86' lang='lat' dir='ltr'><strong>sumit</strong></span> <span class='ocrx_word' id='word_1_214' title='bbox 1292 2797 1321 2822; x_wconf 84' lang='lat' dir='ltr'><strong>et</strong></span> <span class='ocrx_word' id='word_1_215' title='bbox 1339 2803 1438 2826; x_wconf 73' lang='lat' dir='ltr'><strong>escam,</strong></span> 
     </span>
    </p>

    <p class='ocr_par' dir='ltr' id='par_1_25' title="bbox 697 2838 1343 2874">
     <span class='ocr_line' id='line_1_38' title="bbox 697 2838 1343 2874; baseline 0 -9"><span class='ocrx_word' id='word_1_216' title='bbox 697 2838 807 2873; x_wconf 84' lang='lat' dir='ltr'><strong>Pauper</strong></span> <span class='ocrx_word' id='word_1_217' title='bbox 825 2838 891 2866; x_wconf 79' lang='lat' dir='ltr'><strong>hinc</strong></span> <span class='ocrx_word' id='word_1_218' title='bbox 910 2841 1019 2873; x_wconf 74' lang='lat' dir='ltr'><strong>partem</strong></span> <span class='ocrx_word' id='word_1_219' title='bbox 1039 2839 1161 2874; x_wconf 81' lang='lat' dir='ltr'><strong>percipit</strong></span> <span class='ocrx_word' id='word_1_220' title='bbox 1178 2839 1238 2874; x_wconf 86' lang='lat' dir='ltr'><strong>ipse</strong></span> <span class='ocrx_word' id='word_1_221' title='bbox 1257 2847 1343 2866; x_wconf 80' lang='lat' dir='ltr'><strong>suam.</strong></span> 
     </span>
    </p>
   </div>
  </div>
 </body>
</html>
