2092 3094
773 228 822 258 AD
840 229 864 258 K
868 228 1019 258 AROLUM
1037 229 1196 259 GALVUM.
1747 231 1811 265 259

524 317 721 359 Ingobertus
745 329 835 350 eram
858 318 1006 350 referens
1030 321 1063 351 et
1087 318 1195 350 scriba
1217 318 1323 350 fidelis

526 369 711 412 Graphidas
733 370 899 402 Ausonios
923 380 1068 412 aequans
1093 380 1294 413 superansve
1316 374 1442 407 tenore,

445 428 471 447 ⁶⁰
526 421 647 453 Mentis
669 424 707 453 ut
727 421 928 453 auricomum
951 422 1051 454 decus
1074 422 1122 453 illi
1145 425 1271 454 crescat
1293 422 1326 454 in
1349 433 1475 462 aevum,

525 471 631 509 Quem
654 473 732 505 fecit
753 473 880 515 priscos
905 472 1054 505 Christus
1078 474 1215 505 transire
1237 474 1446 506 monarchos:

525 523 568 555 Et
590 524 654 556 sibi
677 525 828 567 cognovit
850 525 934 557 duce
958 524 1089 557 Christo
1113 528 1245 568 sceptra
1267 529 1381 558 tenere

524 576 622 617 Vota,
646 577 763 619 quibus
786 588 895 609 coram
917 580 985 609 tete
1008 577 1170 620 flagravit,
1195 577 1388 620 adimplens.

523 627 662 660 Actibus
686 639 729 661 ex
751 629 878 671 priscis,
902 629 1019 672 quibus
1043 633 1093 661 est
1115 629 1286 661 translatio
1310 640 1391 661 sena

443 687 468 706 ⁶⁵
526 680 683 723 Impenso
705 681 812 713 studio
834 681 1019 713 Ptholomei
1042 681 1264 714 bibliothecae

522 732 668 764 Aeolicis
692 733 764 764 eius
787 733 1000 765 transmissae
1023 735 1170 776 tempore
1194 733 1298 772 libris,

522 783 662 824 Exhinc,
685 783 850 826 origenis,
873 794 950 816 acer
972 784 1144 826 studioque
1167 784 1330 816 notandus

522 834 692 868 Praecluis
716 836 884 879 expositor
908 835 1057 868 Graecali
1079 836 1199 868 famine
1223 839 1406 879 promptus:

522 887 592 919 Nec
615 887 743 919 modico
766 890 898 931 sumptu
920 887 1086 930 pendebat
1108 888 1230 930 pagina
1252 888 1355 927 dives,

444 945 469 964 ⁷⁰
523 938 628 975 Quam
651 939 779 971 variare
803 940 887 971 stilis
910 939 1054 971 instabat
1077 939 1217 971 Graecia
1239 940 1348 971 tantis.

522 990 738 1023 Hieronimus‘
756 994 866 1024 tamen
889 991 976 1023 haud
999 992 1107 1034 potuit
1128 991 1215 1023 hunc
1237 991 1323 1023 serre
1346 991 1503 1023 laborem:

522 1042 668 1075 Contulit
691 1053 770 1085 ergo
793 1043 860 1074 suis
884 1043 1078 1086 compendia
1100 1053 1221 1085 magna
1242 1043 1379 1083 Latinis,

520 1094 608 1126 Dum
630 1105 745 1127 nemus
768 1095 969 1127 auricomum
991 1095 1130 1137 fulgenti
1153 1095 1284 1137 stringit
1307 1095 1349 1127 ab
1373 1105 1430 1127 ore

521 1146 656 1179 Iudaico
679 1146 856 1189 panditque
879 1146 971 1178 iubar
993 1147 1154 1189 stellaque
1177 1157 1332 1189 veruque.

443 1205 468 1224 ⁷⁵
523 1196 677 1230 Possidet
699 1209 777 1240 ergo
800 1198 901 1230 decus
924 1199 1038 1230 merito
1062 1198 1252 1230 venerabile
1275 1209 1407 1241 semper

521 1250 735 1282 Hieronimus
758 1250 884 1293 pollens
908 1250 1031 1282 Latiari
1055 1253 1227 1283 stemmate
1250 1251 1403 1282 multum:

521 1302 602 1334 Eius
626 1313 767 1345 namque
790 1302 883 1334 labor
906 1302 1036 1345 scriptis
1060 1302 1222 1344 dictisque
1246 1302 1403 1345 probatur

519 1354 602 1387 Esse
626 1355 748 1398 probus
771 1364 915 1396 veroque
938 1354 970 1386 in
994 1354 1126 1386 saecula
1149 1354 1219 1385 iure
1242 1354 1440 1396 probandus,

519 1406 660 1449 Eloquio
685 1406 803 1446 clarus,
829 1416 944 1438 sensus
968 1415 1095 1448 quoque
1118 1416 1253 1438 munere
1277 1409 1400 1437 cautus.

441 1465 466 1484 ⁸⁰
523 1457 721 1500 Exemplum
745 1458 836 1490 cuius
859 1457 956 1489 nobis
980 1457 1137 1498 concede,
1162 1456 1359 1499 redemptor,

519 1508 592 1545 Quo
614 1509 674 1541 tibi
697 1510 845 1542 vivorum
868 1509 969 1542 simus
993 1509 1127 1552 regione
1150 1509 1319 1552 placentes

520 1560 603 1592 Cum
627 1561 747 1593 sanctis
769 1561 898 1594 tibimet
919 1561 1051 1593 laudem
1075 1561 1145 1593 sine
1169 1561 1234 1593 fine
1258 1564 1424 1593 canentes.

957 1685 1000 1710 111.

518 1732 731 1764 Hieronimus
754 1732 837 1764 velis
861 1734 952 1764 secat
973 1742 1117 1774 aequora
1140 1731 1227 1764 salsa
1250 1731 1403 1763 secundis

518 1784 768 1827 Romanumque
791 1784 897 1816 solum
920 1784 1038 1826 linquit
1059 1784 1132 1815 loca
1156 1786 1270 1815 sancta
1292 1783 1445 1827 petendo.

516 1835 702 1878 Relligione
725 1835 842 1878 vigens
866 1835 1021 1867 Hebraeo
1045 1835 1106 1867 rite
1129 1835 1243 1867 labore

516 1887 695 1919 Instruitur
715 1887 775 1919 tali
797 1886 960 1919 redimens
987 1886 1151 1919 elementa
1173 1886 1341 1929 magistro.

452 1946 464 1965 ἔ·
516 1939 646 1982 Pelagii
667 1940 787 1982 premit
809 1949 954 1972 errorem
977 1939 1130 1981 cogitque
1157 1938 1254 1970 fateri

516 1990 591 2023 Non
614 1991 738 2024 meritis
761 1991 928 2023 hominum
951 1990 1091 2023 conferri
1113 1990 1200 2022 dona
1222 2001 1375 2033 superna.

517 2041 565 2074 Te
589 2042 727 2074 Paulam
751 2053 824 2074 cum
848 2042 938 2085 prole
962 2041 1069 2082 docet,
1092 2041 1210 2084 quibus
1233 2042 1346 2073 intima
1370 2041 1491 2073 Christi

518 2094 634 2127 Gratia
656 2094 809 2128 diffusum
832 2094 909 2128 fidei
933 2094 1052 2126 donum
1075 2094 1265 2137 duplicavit.

517 2146 694 2178 Archivum
717 2149 896 2189 penetrans
919 2146 1112 2178 Hebraeum
1135 2145 1287 2188 lampade
1311 2145 1419 2178 cordis

438 2205 463 2224 ¹⁰
515 2197 728 2230 Hieronimus
751 2208 864 2230 sacros
888 2197 1006 2240 adytus
1030 2201 1063 2229 et
1086 2197 1232 2230 eburnea
1253 2198 1378 2240 templa

517 2249 696 2294 Discipulis
720 2254 857 2291 reserat,
880 2250 975 2282 Latio
998 2249 1191 2281 transmittit
1213 2248 1376 2289 habenda,

517 2301 741 2344 Iudaeumque
763 2312 890 2342 nemus,
913 2301 999 2344 quod
1022 2304 1160 2333 eatenus
1185 2301 1273 2332 invia
1295 2300 1414 2332 nostris

518 2347 694 2397 Sepserafi
709 2354 876 2396 ingressus
899 2354 1033 2386 cordato
1056 2353 1177 2386 lumine
1201 2353 1333 2390 lustrat;

255 2483 288 2509 59
306 2482 359 2509 'am
376 2485 503 2510 Ausonias
515 2483 528 2509 3
607 2483 640 2510 67
659 2482 786 2518 *Exhinc1
799 2485 941 2510 EX'rl'rrr
953 2484 1036 2509 HINC
1049 2483 1075 2508 P
1187 2481 1246 2516 [un]
1261 2481 1294 2508 13
1306 2491 1343 2507 an
1354 2482 1435 2515 *Seps
1447 2486 1501 2508 erat
1513 2482 1525 2507 3
1538 2482 1587 2515 csr.
1601 2481 1700 2508 Αιιεοπ.
1708 2491 1738 2514 p.
1754 2481 1802 2507 139

255 2567 302 2602 [n.]
320 2568 354 2594 64
371 2575 425 2602 sqq.
442 2568 461 2595 i.
479 2576 500 2596 e.
518 2569 644 2596 veteribus
661 2568 748 2602 libris,
771 2568 867 2602 quibus
888 2568 1042 2595 constabant
1064 2567 1179 2597 έξαπλοῖ
1195 2567 1294 2594 codices
1315 2567 1360 2601 (sc.
1386 2566 1561 2600 ,Septuaginta
1579 2566 1627 2599 cfr.
1645 2566 1800 2601 Hieromym.

150 2625 190 2652 ep.
209 2618 259 2646 106
285 2618 323 2646 ed.
349 2619 415 2646 Vau.
437 2619 467 2653 I,
488 2620 506 2646 2
524 2628 554 2654 p.
572 2620 634 2653 642)
655 2620 794 2646 bibliorum
815 2620 959 2647 Ptolemaei
982 2619 1140 2654 tempmwus
1161 2627 1192 2646 ατ
1210 2619 1316 2646 ardenti
1334 2618 1446 2645 eiusdem
1463 2618 1598 2645 voluntate
1620 2618 1651 2644 in
1670 2618 1803 2645 Graecum

151 2669 352 2704 cranaha-um,
375 2671 453 2698 nisus
473 2679 512 2705 ω,
534 2680 551 2698 o
576 2671 697 2706 Odqimes
721 2671 770 2706 (-is
782 2679 836 2706 pro
853 2680 916 2705 ·ης,·
938 2671 1076 2706 praecluis
1094 2679 1112 2697 a
1130 2671 1310 2705 praeclusi-e).
1399 2670 1432 2696 74
1450 2669 1605 2704 Hieronym.
1625 2669 1642 2696 l.
1662 2677 1683 2696 c.
1698 2670 1801 2703 p.645:

151 2720 205 2747 Ubi
232 2721 300 2756 quid
326 2721 418 2749 minua
444 2722 565 2750 habetur
591 2723 620 2750 in
647 2723 752 2750 Graeco
778 2723 814 2749 ab
841 2723 979 2750 Hebraica
1006 2722 1136 2755 veritate,
1166 2722 1299 2757 Origenes
1327 2721 1361 2748 de
1389 2721 1574 2748 translatione
1602 2720 1802 2747 Theodotionis

150 2772 261 2800 addidit
278 2775 307 2800 et
330 2773 441 2808 signum
459 2774 554 2809 posuit
574 2775 699 2802 asterisci
717 2774 735 2801 i.
754 2783 777 2802 e.
796 2774 905 2801 stellam
925 2795 931 2801 .
945 2795 951 2801 .
965 2785 985 2806 .;
1009 2774 1058 2801 ubi
1077 2775 1184 2805 autem,
1203 2773 1278 2807 quod
1296 2773 1326 2799 in
1344 2772 1471 2799 Hebraeo
1489 2780 1545 2799 non
1564 2773 1621 2804 est,
1640 2771 1671 2798 in
1690 2771 1801 2798 Graecis

150 2824 291 2852 codicibus
315 2825 470 2858 invenitur,
498 2826 598 2853 obelon
626 2826 643 2854 i.
667 2835 690 2852 e.
715 2826 852 2852 iacentem
880 2825 1042 2860 praeposuit
1068 2825 1220 2859 virgulam,
1252 2833 1336 2858 quam
1367 2833 1417 2850 nos
1442 2823 1543 2850 Latine
1566 2831 1631 2850 veru
1657 2831 1800 2856 possumus

151 2875 251 2903 dicere.

1538 2921 1571 2948 33
1577 2921 1591 2936 *
