2040 2996
193 2548 271 2582 [Lxx]
290 2550 330 2576 ed.
351 2551 444 2577 Graue
459 2561 487 2584 p.
507 2551 540 2577 13
619 2551 636 2577 2
653 2554 708 2578 Ceu
726 2553 775 2578 seit
789 2553 811 2577 U
826 2561 892 2577 corr.
912 2551 1060 2576 Duemmcer
1104 2551 1252 2583 plaustigeri
1267 2550 1289 2575 (J
1363 2549 1380 2574 5
1395 2548 1523 2575 *celebrat
1537 2550 1560 2575 0

91 2599 158 2618 our-r.
181 2591 328 2619 Duoemmler

196 2754 285 2790 [mxu]
295 2755 380 2783 flauo
387 2756 469 2783 abban
477 2755 624 2784 Fuldensis
635 2757 792 2791 (842—856)
803 2759 833 2782 ut
841 2755 1003 2784 Duenmam'
1011 2755 1102 2790 ορίηὶο
1107 2755 1158 2788 fert
1168 2753 1325 2789 adunatur.

383 534 395 553 5

375 795 399 814 Ιυ

374 1053 397 1072 15

376 2118 400 2137 1⁰

608 107 658 135 AD
676 107 924 138 GUNTHARIUM
943 109 1208 140 CObONIENSEM.

881 207 950 230 Lxx.

697 260 811 292 IDEM
835 261 898 292 AI)
922 261 1124 296 EUNDEM.

453 320 617 364 Tempora
640 321 704 352 iam
728 321 867 353 volitant
890 323 1021 365 cyclicis
1045 323 1205 366 fugientia
1228 326 1354 367 pennis,

499 372 617 404 Gliscit
639 373 849 415 plaustrigeri
873 384 1015 405 concava
1040 386 1134 417 spera
1157 377 1233 419 poli,

451 423 549 466 Fugit
572 424 779 466 September,
802 435 982 467 properans
1007 426 1150 459 October
1173 427 1314 469 anhelat,

498 475 684 507 Autumnus
707 476 804 508 finem
828 476 932 508 tendit
954 477 995 509 ad
1017 488 1121 520 usque
1146 489 1250 518 suum,

448 527 539 559 Cana
561 527 674 570 hienps
698 528 821 560 celerat
842 528 1036 570 glacialibus
1060 530 1194 562 horrida
1219 532 1335 564 crustis

498 580 543 612 Et
561 581 628 612 fert
650 581 824 623 nubigenis
848 581 960 613 nubila
984 583 1085 614 tristis
1108 584 1212 626 aquis.

453 632 503 664 Tu
528 633 675 665 solamen
700 643 784 673 eras,
809 644 885 675 spes
910 633 1015 671 nobis,
1039 635 1151 666 inclite
1174 636 1315 678 praesul,

500 685 668 717 Adversus
693 685 808 717 tumidi
831 686 962 718 flamina
984 686 1055 718 dira
1077 687 1187 719 Nothi.

452 736 529 768 Heu
554 755 593 760 -—
618 737 761 769 bruchus
784 737 916 769 timidus
939 738 1006 769 fors
1029 738 1081 770 hie
1105 740 1241 781 torpebo
1266 741 1410 780 latebris,

504 788 622 821 Visere
645 789 801 821 dilectum
826 799 889 820 non
916 790 1075 832 valeoque
1098 795 1229 822 meum?

453 839 595 872 Horrida
617 840 691 883 plus
715 841 822 883 aspris
846 845 922 873 sunt
944 841 1027 873 haec
1051 842 1128 874 mihi
1153 846 1302 885 tempora
1326 843 1456 882 ramnis,

499 891 595 928 Quod
618 892 695 924 mihi
720 892 886 934 sophistae
908 896 1022 935 pastor
1045 904 1202 925 amoenus
1226 894 1330 927 abest.

452 943 516 975 Pro
540 944 685 976 tenebris
708 944 815 976 lucem
840 948 965 987 reputo,
990 956 1047 988 pro
1072 950 1168 978 nocte
1193 947 1354 985 lucernas,

505 994 593 1034 Heu,
617 995 694 1038 quia
716 1006 776 1027 nec
801 995 920 1027 claram
944 996 1094 1039 lampada
1117 1007 1213 1028 cerno
1235 1008 1351 1029 meam.

449 1047 495 1078 At
517 1057 590 1079 cum
613 1046 740 1090 parebit
762 1047 886 1079 eunctis
910 1048 1117 1090 praedulcior
1139 1049 1208 1081 ille:

500 1097 614 1130 cedite
638 1108 694 1130 vos
717 1099 830 1138 ramni,
855 1110 920 1131 nox
944 1103 976 1132 et
999 1100 1087 1132 abito
1111 1111 1247 1137 nocens;

453 1149 575 1181 Nubila
601 1150 760 1182 tristitiae·
778 1154 856 1182 tunc
879 1151 1029 1193 linquent
1053 1152 1151 1183 eorda
1174 1153 1310 1195 piorum.

498 1201 590 1233 Tunc
617 1212 681 1244 pax
705 1204 739 1234 et
761 1203 891 1244 requies
916 1203 1104 1245 paschaque
1126 1204 1245 1235 mentis
1269 1205 1341 1236 erit.
1369 1223 1405 1227 —

453 1251 568 1284 Gratia
590 1263 647 1284 vos
669 1253 792 1285 domini
815 1254 926 1285 multis
950 1254 1125 1286 comitetur
1147 1255 1178 1286 in
1202 1255 1306 1294 annis,

501 1303 614 1336 Gratis
637 1305 797 1347 glorificet
820 1305 927 1347 gratia
952 1316 1007 1337 vos
1031 1305 1162 1338 domini.

453 1355 531 1387 Sum
555 1367 681 1388 memor
702 1367 780 1389 eece
803 1357 851 1389 tui
874 1376 914 1380 —
939 1362 1080 1389 testatur
1102 1369 1202 1400 parva
1226 1358 1368 1390 Camena
1393 1370 1448 1390 -ι

499 1407 551 1439 Sis
575 1418 706 1447 memor,
729 1419 796 1447 orn,
821 1409 898 1441 mei:
928 1419 999 1440 sum
1023 1420 1146 1442 memor
1170 1420 1246 1441 ecce
1271 1410 1328 1442 tui.

870 1532 951 1555 LXXI.

562 1586 675 1625 IDEM
700 1586 762 1618 AD
786 1586 1009 1620 ADDONEM
1034 1587 1262 1620 ABBATEM.

451 1646 579 1678 Dextra
602 1650 718 1689 potens
741 1646 863 1679 domini
886 1651 918 1680 te
942 1647 1050 1687 ducat,
1075 1649 1175 1680 frater
1197 1649 1346 1686 amande,

500 1697 579 1730 Mox
602 1709 781 1741 properans
806 1699 919 1731 hilaris
943 1710 1006 1742 quo
1030 1699 1208 1742 remigrare
1233 1700 1334 1742 cupis.

453 1749 560 1782 Rheni
584 1750 804 1792 glaucicomas
829 1752 1001 1794 superetis,
1026 1762 1234 1794 quaesumus,
1258 1751 1362 1783 undas

498 1801 567 1834 Nec
590 1801 683 1834 vobis
707 1806 845 1835 noceant
869 1802 990 1846 Scylla,
1015 1803 1164 1836 caribdis
1189 1821 1230 1826 —
1255 1814 1365 1837 amen:

453 1852 583 1884 Dehinc
606 1854 800 1886 transcursis
824 1853 972 1886 Iordanis
996 1855 1057 1886 rite
1082 1855 1213 1886 fluentis

500 1904 638 1938 Vosmet
661 1905 854 1949 cornipedes
878 1906 1109 1949 excipiantque
1133 1906 1270 1949 sophos;

453 1955 616 1988 Posthaec
637 1960 671 1989 et
694 1956 849 1989 Solimam
873 1958 951 1989 laeti
975 1957 1115 1989 cernatis
1139 1958 1289 1999 opimam,

500 2008 574 2045 Qua
595 2008 709 2042 domus
732 2012 782 2040 est
806 2009 928 2041 domini
954 2009 1027 2051 plus
1055 2009 1237 2040 Salemonis
1261 2019 1323 2051 ope
1348 2026 1388 2031 —

453 2059 527 2096 Qua
549 2060 672 2102 gaudet
696 2060 818 2093 Solima
842 2072 901 2104 per
924 2061 1060 2092 multum
1084 2059 1223 2092 Francia
1246 2059 1335 2096 felix,

504 2111 657 2157 Europae
680 2115 768 2144 totus
791 2113 867 2155 quin
892 2113 989 2144 etiam
1014 2111 1171 2154 populus;

453 2163 527 2199 Qua
549 2167 666 2206 pausat
688 2163 786 2196 rutila
808 2167 931 2206 martyr
954 2163 1143 2194 Bonifacius
1166 2163 1251 2202 aula,

502 2212 602 2246 Cuius
625 2214 708 2253 laus,
731 2214 881 2246 meritum
905 2214 1022 2246 transit
1045 2213 1213 2256 honosque
1235 2214 1356 2256 polum,

454 2265 562 2310 Instar
584 2266 797 2309 apostolicum
821 2277 916 2298 roseo
939 2262 1124 2297 diademate
1148 2267 1311 2307 comptum

499 2317 704 2360 Purpureum
729 2317 817 2349 sidus
840 2318 1104 2359 terrigenumque
1131 2316 1231 2348 decus
1259 2334 1305 2347 —.

372 2375 396 2394 ¹⁵
448 2368 626 2411 Postquam
649 2369 819 2401 Haddonis
843 2369 952 2401 libetis
976 2372 1008 2400 et
1030 2368 1141 2399 oscula
1164 2368 1264 2410 pecie,

500 2419 677 2453 Exantlate
700 2421 754 2463 pio
778 2421 856 2452 talia
878 2420 979 2452 verba
1002 2420 1101 2462 patri:

1674 116 1735 148 223

1635 2549 1741 2583 'IspeG

25 2606 27 2611 ·
423 2594 441 2620 8
463 2595 562 2620 tumida
584 2604 651 2620 corr.
669 2595 692 2620 C
786 2594 818 2620 18
841 2602 968 2628 paucaque
986 2595 1008 2618 (J
1136 2591 1224 2626 [laxa]
1248 2593 1288 2618 ed.
1314 2592 1461 2618 Duemmler
1485 2592 1669 2626 lv'oraclmnqen
1691 2602 1738 2618 zur

29 2635 34 2670 {·
92 2628 235 2661 Daneben
259 2636 347 2662 Ouala.
364 2636 392 2668 V,
413 2636 464 2664 394
485 2646 522 2670 aq.
628 2637 660 2663 14
689 2637 868 2671 trigenumque
888 2637 910 2662 C
930 2645 996 2662 corr.
1021 2636 1169 2662 Daemmlcr
1276 2634 1308 2660 15
1329 2635 1435 2661 addonis
1455 2635 1477 2660 C
1498 2644 1564 2660 corr.
1590 2636 1737 2661 Dwemmler

30 2694 34 2703 <
92 2675 126 2703 16
142 2676 182 2703 Ex
197 2678 295 2705 atlante
308 2679 331 2705 Ο
344 2688 412 2705 corr.
430 2680 578 2706 Dammcer

1386 2754 1403 2781 4
1414 2754 1469 2787 Csr.
1477 2762 1524 2789 ay.
1534 2755 1600 2782 Aen.
1607 2754 1671 2786 VII,
1678 2755 1738 2781 302.
