2040 2996
681 135 729 162 AD
748 135 974 163 RADBERTUM
995 136 1177 164 ΑΒΒΑΤΕΜ.

610 180 622 195 ἱ

469 221 719 264 Mirandumque
742 222 841 254 decus
864 223 949 254 vitae
973 223 1109 264 vulgare
1134 227 1285 256 verenter

469 273 636 316 Lampade
659 273 817 312 iustitiae,
841 283 906 316 qua
929 274 1054 305 cunctis
1077 275 1167 306 celsa
1189 275 1278 307 beati

470 325 721 363 Praemonstras
742 325 834 357 iteris
857 324 1023 357 tendentis
1047 325 1098 357 adv
1111 326 1196 358 atria
1217 327 1303 359 vitae

470 377 514 409 Et
537 388 602 420 qua
622 378 688 410 iam
711 377 791 410 felix
814 377 961 409 meruisti
983 378 1085 420 patris
1107 378 1140 410 in
1163 378 1238 419 albo

470 428 642 461 conscribi
665 429 747 461 caeli
770 428 943 460 sociandus
966 428 1091 460 civibus
1114 429 1218 463 almis.

471 479 583 512 Gloria
604 483 638 513 te
660 490 815 526 magnum
838 480 998 523 praeclari
1022 484 1180 514 monstrat
1202 482 1343 523 honoris,

469 531 542 568 Quo
565 531 697 564 tibimet
715 532 838 571 cuncti,
856 532 948 564 ‘latus
971 543 1050 574 quos
1075 533 1220 565 continet
1242 534 1341 573 orbis,
1378 563 1381 565 Α

470 583 646 627 Obsequiis
667 595 784 628 parere
809 584 873 627 piis
897 587 931 616 et
953 585 1100 627 supplice
1124 588 1200 617 voto

470 635 655 678 Exoptant,
673 635 837 678 gaudent,
861 639 1004 675 certant,
1028 636 1162 679 cupiunt
1185 640 1412 681 sataguntque.

471 687 587 725 Gratia
609 687 669 720 sed
691 688 798 731 potior
819 688 974 719 virtutum
997 688 1138 720 culmine
1162 690 1266 731 surgit

404 752 425 756 v>
468 738 579 781 Atque
601 739 696 772 iubar
716 739 794 772 fidei
815 739 1027 782 praefulgens
1051 740 1129 771 solis
1152 740 1193 772 ad
1218 741 1318 773 instar

387 902 413 922 45

389 1418 413 1437 5³

471 791 632 824 Caelestis
654 792 800 835 penitrat
822 792 894 824 solii
917 792 1058 824 sublime
1082 792 1240 830 tribunal3

471 842 535 880 Qui
556 844 682 876 meritis
705 844 840 883 florens,
863 854 989 876 morum
1013 844 1174 886 probitate
1197 845 1358 884 relucens,

470 895 608 938 Ingenio
631 895 774 939 pollens,
799 906 918 928 sensus
939 895 1161 928 moderamine
1185 895 1343 938 gaudens,

471 947 636 990 Obsequio
659 947 791 980 fervens
814 948 1012 990 pietatisque
1035 947 1166 990 ignibus
1189 948 1319 985 ardens,

469 998 680 1038 Mansuetus,
702 999 869 1042 placidus,
894 998 1038 1042 prudens
1062 999 1247 1041 iustusque,
1270 999 1441 1042 benignus,

469 1049 633 1090 Devotus,
657 1051 803 1090 humilis,
826 1051 914 1082 mitis
937 1050 1142 1093 blandusque
1165 1051 1328 1094 probaris;

469 1101 575 1138 Quem
597 1112 663 1134 non
685 1102 735 1134 ira
756 1102 866 1142 ferox,
889 1112 955 1134 non
978 1102 1039 1134 atri
1062 1112 1146 1144 ruga
1167 1102 1312 1141 tumoris,

470 1153 570 1186 Virus
593 1164 658 1186 non
681 1153 761 1194 odii,
784 1153 928 1186 invidiae
953 1163 1018 1186 non
1040 1153 1181 1195 denique
1203 1154 1316 1196 pestis,

468 1205 542 1238 Non
564 1205 705 1238 lascivus
728 1215 836 1245 amor,
859 1205 955 1238 fedus
978 1215 1043 1237 non
1066 1204 1163 1237 ardor
1186 1204 1338 1245 habendi,

469 1257 543 1289 Non
565 1259 703 1290 mentita
725 1257 823 1296 fidem
847 1257 1011 1289 simulatio
1035 1257 1167 1290 crimine
1190 1257 1319 1297 fallens,

469 1308 542 1341 Non
565 1319 693 1352 quoque
717 1309 855 1342 latratus
878 1308 1060 1351 spumantis
1083 1308 1187 1351 iurgia
1209 1308 1276 1341 litis

471 1360 666 1394 Sordidulae
690 1361 775 1394 labis
799 1371 940 1393 coenoso
962 1360 1079 1403 polluit
1101 1363 1177 1392 actu

471 1411 540 1444 Aut
562 1413 794 1456 tempestivum
816 1412 937 1445 mentis
960 1411 1147 1444 tenebravit
1169 1422 1323 1444 acumen:

469 1463 538 1496 Sed
558 1464 614 1507 pia
635 1464 842 1507 simplicitas,
866 1465 968 1496 virtus
990 1467 1023 1496 et
1046 1463 1175 1496 conscia
1197 1464 1288 1496 recti.

469 1514 614 1552 Quarum
635 1516 722 1548 lacte
744 1527 837 1549 sacro
860 1516 973 1559 primis
997 1515 1136 1548 nutritus
1159 1515 1201 1548 ab
1225 1515 1317 1548 annis

469 1565 700 1611 virgineisque
723 1568 818 1600 simul
840 1567 1006 1600 blanditus
1030 1567 1091 1599 rite
1115 1567 1253 1606 fluentis,

470 1617 515 1651 Ut
537 1619 689 1652 cuculum
712 1619 846 1652 tradunt
868 1620 1000 1662 irruptis
1024 1629 1172 1651 crescere
1196 1618 1280 1650 nidis

468 1670 556 1703 Dum
578 1670 703 1704 Lucina
724 1671 829 1704 melos
852 1671 1019 1703 nocturnis
1044 1673 1199 1713 personat
1221 1670 1360 1713 hymnis,

469 1722 561 1755 Inter
582 1723 752 1766 florigeros
774 1723 874 1756 divini
896 1723 1058 1765 dogmatis
1082 1722 1190 1754 hortos

469 1774 600 1807 Aetatis
624 1774 765 1807 solidum
787 1775 920 1807 crevisti
944 1778 1073 1817 tempus
1097 1774 1138 1806 ad
1161 1784 1274 1816 usque.

469 1825 631 1859 Galbauei
653 1826 757 1859 nitido
781 1827 952 1870 perflatum
975 1829 1108 1858 nectare
1132 1826 1212 1857 roris

468 1877 627 1910 Ridentes
649 1877 791 1910 docuere
814 1878 881 1921 iugi
902 1878 1046 1920 gaudere
1070 1887 1186 1909 sereno

472 1928 738 1973 Cunctorumque
760 1930 877 1962 animis
901 1930 987 1962 dulci
1009 1930 1156 1962 bonitate
1180 1929 1323 1971 placere.

469 1980 532 2013 His
555 1981 678 2014 etenim
700 1985 803 2015 temet
825 1981 1045 2024 vegetandum
1068 1979 1221 2024 providus
1244 1983 1367 2017 auctor,

470 2031 613 2076 Imperio
636 2033 691 2075 qui
714 2036 830 2065 cuncta
854 2036 969 2065 tenens
993 2032 1126 2065 excelsa
1149 2031 1201 2063 vel
1223 2031 1287 2062 ima

470 2083 617 2116 Aeterna
639 2084 766 2117 ratione
788 2085 890 2127 regit,
913 2084 1000 2127 quod
1024 2083 1164 2116 condidit
1186 2083 1267 2125 ipse,

1709 143 1749 175 63

202 2236 240 2278 ,37
258 2243 369 2265 montrat
379 2247 446 2266 corr.
455 2239 481 2265 P
559 2239 594 2266 52
611 2241 724 2266 carmine
735 2241 761 2266 P
776 2250 843 2267 corr.
857 2241 936 2266 Sir-m.
1017 2240 1050 2265 58
1070 2240 1186 2266 fomentis
1199 2239 1224 2264 1²
1239 2247 1306 2264 corr.
1319 2238 1404 2264 Bivi‘n.
1417 2238 1455 2264 ad
1466 2238 1581 2264 Becher-ti
1592 2246 1671 2263 carm.
1681 2246 1745 2270 qem.

103 2277 155 2307 aaa
168 2289 198 2314 p.
217 2279 242 2306 Δ
253 2279 280 2313 5,
295 2282 345 2314 cfr.
363 2281 480 2315 Enydra.
499 2282 541 2314 ΙΙ,
551 2282 586 2309 53
675 2282 708 2309 61
727 2287 796 2310 ortos
810 2284 835 2309 P
850 2293 916 2310 corr.
936 2284 1014 2309 sirm.

206 2365 242 2393 35
261 2365 387 2400 Fulqm.
404 2366 509 2401 θηρῶσι.
524 2368 612 2401 praes.
631 2367 655 2401 1,
675 2367 713 2405 od.
731 2368 803 2395 stac.
817 2376 846 2402 p.
863 2369 914 2395 608
938 2368 1011 2395 Iovis
1035 2367 1099 2394 albo
1118 2365 1282 2400 conscripta.

1376 2366 1411 2391 42
1427 2365 1476 2398 cfr.
1497 2364 1668 2398 Fort.0.11‚
1686 2365 1711 2395 4,
1729 2365 1746 2391 4

104 2407 219 2443 bchori!
236 2415 273 2443 ud
290 2415 392 2448 iustam
410 2417 515 2451 Eum
539 2417 615 2444 Tota.
633 2418 649 2444 l.
666 2427 688 2446 c.
702 2427 730 2452 p.
743 2420 777 2446 56
795 2419 875 2446 molis
893 2419 929 2445 ad
948 2419 1048 2449 iustam
1067 2417 1196 2444 Aldlaelm.
1208 2416 1280 2443 laud.
1294 2416 1355 2450 voh-9.
1376 2417 1424 2443 107
1443 2416 1512 2443 cotis
1529 2416 1566 2442 ad
1583 2416 1678 2447 instar,
1697 2416 1744 2448 cfr.

103 2465 139 2495 ὓ.
154 2466 232 2495 2115.
317 2468 352 2496 45
366 2467 441 2495 Fon.
453 2468 482 2496 C.
495 2469 550 2503 IX,
564 2470 588 2501 1,
602 2470 653 2497 120
669 2469 787 2504 Ingenio
805 2470 913 2504 pollens
930 2473 953 2496 ά
966 2470 1024 2503 ΙΙΙ,
1038 2470 1079 2501 24,
1094 2470 1123 2495 11
1144 2477 1238 2495 sensus
1255 2467 1443 2494 moderamine
1460 2467 1561 2494 firmus.

105 2517 160 2552 IV,
179 2518 229 2546 177
246 2527 325 2547 amor
341 2522 444 2555 urguet
460 2520 592 2553 habendi,
609 2521 656 2554 σῙν.
674 2521 763 2548 Βοάὴ.
782 2521 814 2548 de
831 2522 926 2548 wrwol.
944 2522 982 2554 II,
1000 2522 1077 2547 metr.
1096 2521 1120 2552 5,
1138 2521 1180 2546 26.

633 2573 668 2599 56
687 2573 752 2599 Aen.
766 2573 788 2606 Ι,
807 2573 858 2599 604
882 2575 911 2600 et
932 2581 1008 2599 mens
1031 2572 1084 2598 sibi
1107 2571 1216 2598 conseia
1240 2570 1321 2601 recti;
1343 2570 1374 2603 V,
1392 2570 1444 2597 455
1468 2570 1496 2596 et
1519 2569 1628 2596 conscia
1651 2569 1745 2596 virtus.

809 2625 841 2651 61
867 2623 954 2650 Reduc
976 2623 1007 2650 de
1029 2623 1071 2650 die
1091 2622 1178 2649 iudici
1196 2623 1210 2649 1
1237 2622 1314 2648 Inter
1335 2621 1477 2655 florigeras
1501 2620 1611 2648 fecundi
1634 2620 1745 2654 cespitis

1119 2674 1153 2700 64
1175 2682 1301 2700 serenum
1322 2673 1449 2699 substant.
1473 2681 1532 2699 cum
1555 2671 1668 2698 adia-liv.
1686 2679 1745 2698 etm-

1142 2726 1176 2752 65
1197 2724 1244 2758 cfr.
1262 2724 1336 2751 Fort.
1355 2723 1382 2751 G.
1400 2724 1431 2758 V,
1449 2724 1474 2756 9,
1495 2724 1525 2750 11
1549 2722 1599 2750 Vir
1620 2722 1745 2750 bonitate

103 2569 143 2597 d.
160 2569 225 2598 Lor.
238 2578 266 2604 p.
282 2571 318 2598 20
340 2571 433 2606 iurgia
457 2571 525 2600 litis.

103 2620 368 2656 &qmdfflqffi
392 2622 439 2655 cfr.
459 2622 583 2650 Boubon.
604 2624 722 2657 a.p.38.

104 2671 212 2700 herbas.
315 2673 350 2700 63
371 2673 540 2706 Galbaneos,
562 2674 610 2707 dr.
629 2675 678 2702 Ge.
691 2675 741 2708 IV,
759 2675 811 2702 ⁶264
833 2677 856 2702 et
874 2675 934 2708 III,
952 2675 1010 2702 415.

103 2721 226 2751 ma·-
246 2726 278 2751 α
297 2732 374 2758 ηομ
393 2724 470 2752 Fore.
490 2725 538 2759 ψ.
558 2725 639 2753 Lam
657 2725 726 2758 aaa„
749 2725 794 2752 om·
811 2725 880 2752 adde
898 2725 952 2758 111,
972 2726 996 2756 9,
1017 2726 1038 2752 ι.

104 2774 224 2810 placens.
309 2776 343 2805 67
362 2776 453 2805 Socim.
466 2777 498 2812 V,
515 2777 566 2804 427
584 2777 647 2805 Iure
665 2785 724 2808 suo,
742 2776 790 2812 qui
809 2777 910 2804 cuncta
927 2778 1025 2804 teneus
1043 2776 1149 2804 excelsa
1167 2776 1211 2802 vel
1229 2775 1293 2802 ima.

1647 2467 1678 2493 51
1700 2466 1744 2493 Ge.

1267 2520 1300 2546 53
1319 2519 1422 2552 Euam.
1444 2518 1520 2546 Tolet.
1534 2521 1607 2551 part.
1626 2518 1651 2551 1,
1672 2519 1694 2550 l,
1714 2518 1744 2543 ll
