2040 2996
237 213 261 232 2⁵
314 205 395 237 Alas
417 204 520 236 habet
541 204 623 236 haec
647 215 763 237 aureas

317 256 467 287 Volucris
491 266 547 287 ore
571 255 690 294 lucida,

315 307 435 338 Levam
460 307 544 348 regit
567 307 733 347 ieiunium,

315 358 476 390 Dextram
498 361 654 400 tenetque
677 358 823 400 largitas.

520 1341 544 1359 10

519 1627 542 1646 1⁵

234 2724 268 2750 363
286 2725 404 2759 '‘nnusm]
424 2729 509 2753 omnia
524 2728 547 2752 P

678 117 725 144 DE
742 117 971 146 RECTORIBUS
989 119 1229 147 CHRISTIANIS.

700 435 821 467 votiva
843 437 962 468 mentis
985 437 1085 469 xenia

701 486 792 518 Tunc
814 488 954 530 prendit,
977 489 1050 531 ipsa
1073 490 1180 522 lactea

622 545 647 563 ³⁵
701 537 772 569 Soli
794 539 907 571 revisit
929 540 1062 572 climata

701 589 870 633 Donisque
894 595 1012 624 onusta
1034 593 1170 635 gratiae.

911 755 999 782 xvm.

596 816 642 851 Ut
665 814 782 861 globus
805 813 904 847 lunae
927 812 1023 845 modo
1048 813 1122 846 luce
1146 813 1264 846 crescit

597 870 726 902 Ductus
748 869 782 900 in
806 876 936 909 speram
960 865 1058 897 radiis
1081 876 1248 898 coruscam

596 918 756 963 Nuncque
779 918 940 950 decrescit
962 917 1110 948 variante
1133 920 1223 948 motu

769 969 928 1011 Corniger
950 968 1052 1000 orbis:

597 1050 714 1092 Regna.
736 1049 784 1080 sic
807 1051 915 1079 terrae
937 1045 1036 1078 bifido
1061 1049 1174 1078 tenore

597 1101 710 1134 Gloria
732 1102 884 1132 crescunt
906 1098 1002 1130 modo
1023 1103 1249 1141 prosperante,

597 1153 691 1185 Nunc
715 1155 749 1184 et
771 1151 917 1184 adversis
941 1150 1129 1181 minuuntur
1151 1151 1230 1182 ortis

769 1202 888 1234 Aulica
911 1204 1050 1244 sceptra.

598 1282 666 1314 Res
688 1279 764 1324 quid
788 1279 946 1312 humanas
969 1279 1136 1321 querimur
1157 1278 1290 1321 fugaces

596 1333 681 1368 Esse
703 1342 763 1364 ceu
785 1331 893 1363 fumus
917 1330 1100 1372 fluviusque
1125 1334 1320 1373 praeceps?:

596 1384 714 1416 Nonne
737 1383 784 1415 sic
806 1381 918 1415 mundi
940 1382 1068 1414 variant
1091 1392 1258 1413 recursum

768 1435 863 1468 Haec
886 1435 1068 1467 elementa?

597 1515 676 1547 Post
698 1514 784 1546 diem
808 1513 930 1545 claram
953 1512 1110 1544 tenebrae
1134 1515 1298 1553 secuntur,

597 1567 678 1600 Post
700 1568 880 1605 serenatas,
903 1565 1048 1609 placidas
1072 1568 1105 1597 et
1127 1575 1225 1606 auras

595 1618 678 1652 Ilico
702 1618 806 1662 surgit
828 1617 957 1650 nebulis
981 1617 1092 1660 opacis

768 1670 876 1702 Saeva
898 1662 1052 1716 procella.
1076 1684 1118 1693 —-

597 1724 722 1781 Taliter
743 1747 871 1780 dulcem
897 1747 1109 1790 sequiturque
1132 1757 1246 1790 pact-m
1284 1738 1288 1742 ⁴

553 1823 558 1828 -
598 1800 721 1833 Litium
745 1807 872 1842 gurges
888 1799 1019 1832 subitae
1042 1799 1170 1831 ruinae:

598 1851 693 1884 Unde
716 1851 888 1884 marcescit
911 1851 1078 1883 hominum
1102 1861 1244 1893 propago

772 1903 851 1936 Flos
874 1903 964 1935 velut
986 1903 1066 1945 agri.

598 1981 643 2013 At
665 1981 739 2024 pius
762 1980 915 2023 princeps
939 1980 1070 2012 domino
1095 1980 1222 2022 potenti

598 2031 706 2064 Corde
729 2032 869 2063 contrito
893 2031 1060 2074 hilaroque
1084 2031 1176 2063 vultu
1242 2068 1244 2070 ‚

600 2083 744 2123 Gratias,
768 2087 941 2126 postquam
965 2094 1050 2115 nova
1073 2083 1193 2115 damna
1215 2082 1322 2121 sentit,

770 2134 894 2167 Taliter
915 2135 1027 2167 offert:

596 2212 717 2244 ‘Patris
740 2212 863 2244 excelsi
886 2211 1062 2244 benedicta
1084 2211 1204 2254 proles,

598 2263 661 2299 Qui
685 2260 777 2295 creas
800 2266 904 2295 totum
928 2273 1130 2304 renovasque
1153 2261 1318 2297 mundum,

599 2316 693 2348 Nunc
716 2319 793 2348 tuae
817 2319 928 2358 grates
952 2316 1084 2347 ferimus
1110 2315 1232 2347 salubri

770 2367 837 2399 Nos
862 2366 1055 2400 medicinae.

599 2444 690 2477 Tune
715 2445 858 2487 castigas
882 2444 1067 2477 medicante
1090 2444 1180 2485 virga

599 2495 668 2528 Nos
691 2496 803 2528 volens
827 2497 935 2528 salvos
959 2495 1080 2527 nitidos
1104 2498 1140 2526 ut
1162 2504 1265 2536 agnos

598 2547 638 2579 In
661 2548 708 2580 tui
732 2559 826 2580 sacra
848 2548 958 2590 gregis
982 2557 1057 2578 esse
1081 2547 1185 2585 caula,

772 2599 904 2642 Optime
926 2601 1076 2641 pastor&

665 2727 756 2761 [xvm]
775 2727 790 2753 7
809 2728 943 2753 minuntur
956 2727 981 2752 Ρ
996 2737 1062 2752 carr.
1076 2727 1164 2752 Maian
1216 2727 1266 2751 oris
1278 2735 1345 2751 corr.
1359 2726 1384 2750 P

0 2757 31 2996 ι
133 2767 220 2793 Maius
306 2768 340 2793 ⁴22
357 2770 434 2795 Corte
447 2769 472 2794 P
486 2779 554 2795 corr.
575 2771 662 2796 Maius
714 2771 847 2803 bilnroque
865 2771 925 2800 sort.
943 2779 974 2795 ea·
992 2771 1123 2802 liilareque
1137 2769 1162 2794 P
1246 2769 1280 2794 26
1299 2773 1368 2794 totns
1387 2776 1454 2793 corr.
1468 2767 1493 2792 P

1719 126 1778 156 163

1088 206 1184 238 Hanc
1208 207 1314 239 noscit
1337 208 1414 240 ordo
1439 209 1601 248 caelitum,

1010 263 1035 282 ³0
1089 257 1244 289 Gaudens
1268 259 1388 291 salutat
1411 260 1569 292 advenam

1088 308 1195 341 Offert
1219 321 1356 352 eamque
1382 312 1505 353 gloriae

1088 360 1244 393 Tribunal
1268 366 1343 394 ante
1368 364 1534 406 principis.

1468 2724 1503 2750 20
1518 2726 1572 2750 Hos
1585 2726 1663 2750 uelud
1677 2725 1699 2749 Ρ
1712 2734 1777 2749 corr.

1526 2813 1574 2839 21*
