2092 3094
239 165 300 194 272
832 161 998 187 CARMINA
1018 159 1282 187 CENTULENSIA.

238 251 331 280 totam
354 248 529 279 carminum
551 248 670 286 copiam
694 247 785 286 quasi
808 247 968 287 qzianclam
992 249 1126 278 tenacem
1149 246 1255 278 molem
1279 247 1452 277 contulerat
1471 246 1506 277 in
1522 256 1620 277 unum
1636 245 1811 284 Miconem;
1833 256 1885 286 eqo

237 311 306 333 sum
328 300 480 332 adductus
502 310 550 331 eo.
582 302 614 330 at
637 299 760 330 credam
782 299 917 339 sylloqas
938 299 1053 339 sylloye
1075 298 1282 330 Bruoeellensi
1312 298 1465 329 contineri
1494 297 1665 338 complures
1687 299 1715 328 et
1735 297 1885 337 primitas

240 353 320 384 inter
347 362 378 382 sc
405 351 545 382 diversas
580 361 718 390 quaeque
747 351 873 390 possint
901 351 1079 382 etiamnunc
1117 350 1292 382 internosci.
1344 350 1397 381 Ex
1424 350 1474 381 his
1500 350 1627 391 sylloqis
1653 360 1720 381 una
1747 349 1886 382 Miconis

237 415 329 444 opera
353 405 420 435 crat
441 403 615 442 compleoea:
638 413 712 434 nam
730 403 879 442 primum
894 403 987 434 totius
1009 403 1139 443 sylloqes
1162 412 1239 442 opus
1254 401 1392 434 Miconis
1415 411 1479 433 esse
1501 403 1530 433 et
1548 401 1750 443 praefatione
1773 402 1802 432 et
1821 402 1885 441 fine

240 456 414 493 indicatur;
438 455 563 494 pariter
595 455 732 493 tertium,
763 454 795 486 id
817 455 897 494 qaod
920 465 935 486 e
965 465 1030 486 coce
1058 465 1138 494 quae
1165 456 1210 485 est
1239 457 1325 485 retro
1356 453 1562 494 intelleqitnr,
1595 464 1660 494 qua
1686 453 1729 484 ad
1746 453 1887 493 primum

238 508 402 548 releqatur.
448 506 630 546 Sequuntur
653 507 795 538 carmina
818 506 854 537 cle
874 507 968 548 festis
994 506 1188 538 Christianis
1204 516 1264 545 per
1286 506 1352 537 dies
1381 505 1541 543 ordinata,
1570 516 1609 536 cx
1637 505 1750 545 quibus
1775 504 1886 542 XXV,

237 559 319 599 qaod
340 557 518 600 Hariulfius
540 558 574 589 in
602 557 716 590 Gliron.
741 558 764 589 Ι
782 561 826 589 23
849 559 968 597 recepit,
993 558 1032 589 ab
1055 568 1088 589 eo
1111 557 1296 589 inscribitur
1312 557 1430 599 Mycon
1455 557 1613 589 diaeonus
1636 560 1669 588 et
1692 556 1886 590 monachus:

239 611 391 648 XXVII,
415 610 497 650 quod
519 610 659 641 ordinem
682 610 802 648 turbat,
826 610 927 650 ipsum
951 620 982 641 se
1005 610 1128 641 Micon-i
1150 609 1278 641 addicit.
1324 609 1400 641 Post
1421 609 1495 641 haec
1520 610 1553 640 in
1576 609 1675 641 codiee
1697 608 1887 641 collocantur

236 662 395 702 epitaphia
418 672 456 693 ex
479 664 562 693 certa
585 662 705 693 ratione
729 662 852 694 collecta
874 664 902 693 el
924 662 995 701 *ipsa
1013 663 1143 702 propter
1170 661 1252 693 artis
1278 661 1516 692 similitudinem
1545 663 1574 692 et
1601 663 1771 701 temporum
1790 660 1887 700 plane

239 715 321 746 inter
343 725 374 745 se
397 714 606 745 cohaerentem
630 714 770 745 ordinem
793 713 1008 745 adiudicanda
1030 713 1163 746 Micone'.
1211 714 1297 754 Quae
1326 713 1381 753 qui
1413 712 1599 753 quibusdam
1622 713 1696 744 loeis
1718 713 1888 743 interrum-

235 768 316 806 punt
340 766 425 797 tituli
448 766 591 805 aliusque
612 766 735 805 qeneris
757 767 919 807 poemata,
953 777 991 796 ew
1016 765 1054 796 iis
1078 775 1190 802 unum,
1221 764 1303 805 quod
1331 765 1564 806 euanyeliorum
1591 765 1687 805 glosis
1713 764 1786 796 olim
1818 765 1888 795 erat

233 819 422 858 praesia-um,
449 819 565 849 certum
587 819 632 848 est
653 828 716 849 esse
740 817 887 855 Miconis,
911 817 1047 849 eiusdem
1070 817 1210 848 Miconis
1233 827 1296 848 esse
1319 819 1418 848 cetera
1441 817 1551 848 saltem
1571 815 1734 856 probabile
1756 815 1887 847 videtur.

236 870 367 910 Excipit
394 870 476 901 lianc
503 869 643 901 Miconis
676 880 770 909 quam
803 869 978 901 vocabimus
1009 869 1119 900 seriem
1149 869 1244 900 series
1276 869 1453 900 carminum
1481 879 1575 908 quam
1609 878 1709 908 supra
1737 867 1889 908 insiynivi

238 922 431 962 Frediqarcli
457 922 590 952 nomine.
640 921 705 953 Nec
732 921 872 953 Miconis
898 922 961 952 sice
990 931 1069 961 quae
1097 922 1173 952 sunt
1199 921 1264 951 sive
1291 931 1372 960 quae
1398 922 1532 960 possunt
1562 929 1626 952 esse
1653 919 1796 951 carmina
1824 918 1890 950 nisi

237 973 404 1005 novissimo
427 973 539 1004 codicis
563 973 625 1005 loco
648 973 782 1012 repe-riri
804 973 991 1005 videntur1:
1021 973 1065 1004 ibi
1093 983 1164 1004 vero
1191 972 1350 1015 incipiunt
1381 983 1501 1014 parvae
1533 973 1647 1014 glosae
1682 972 1722 1003 de
1750 971 1888 1003 diversis

238 1026 326 1058 libris
351 1029 528 1067 excerptae
553 1037 572 1057 a
597 1026 773 1068 pusillitate
798 1025 947 1058 Miconis.
994 1025 1077 1057 Solet
1101 1024 1211 1056 Micon
1242 1025 1276 1056 in
1304 1025 1412 1056 ceteris
1441 1034 1559 1064 quoque
1584 1024 1736 1064 poematis
1763 1023 1829 1064 ipse
1857 1033 1890 1055 se

237 1078 397 1117 appella-re
419 1088 554 1119 parvum
578 1078 625 1109 vel
648 1078 818 1119 parvulum
843 1078 1041 1120 pusillumve,
1065 1079 1112 1115 ut,
1146 1077 1288 1116 quamvis
1306 1075 1491 1118 frequenter
1518 1076 1612 1107 medii
1633 1076 1702 1107 aevi
1724 1075 1890 1115 scriptores

240 1131 273 1161 in
297 1130 414 1161 talibus
435 1130 699 1169 appellationibus
721 1129 855 1161 similem
877 1129 1020 1168 affectent
1042 1129 1093 1160 sui
1117 1130 1328 1168 contemptum,
1355 1128 1496 1160 Miconis
1518 1130 1621 1159 tamen
1643 1127 1805 1159 credamus
1826 1137 1891 1158 non

237 1192 301 1213 esse
318 1191 427 1213 nomen
451 1181 504 1213 secl
526 1191 690 1220 eoqnomen
712 1192 733 1212 a
748 1182 828 1213 mica
850 1181 1034 1219 derivatum,
1058 1181 1140 1220 quod
1162 1191 1195 1212 re
1218 1191 1290 1211 vera
1310 1190 1431 1221 parvae
1450 1179 1566 1222 fuisset
1581 1182 1721 1212 staturae
1730 1179 1754 1211 ².
1792 1178 1890 1211 Prae-

239 1236 322 1265 terea
345 1233 399 1265 boc
422 1234 490 1265 eius
507 1233 674 1273 proprium
698 1235 774 1271 erat,
798 1233 883 1264 utin
903 1233 1079 1264 carminum
1092 1234 1156 1272 fine
1171 1242 1290 1272 semper
1306 1231 1429 1263 haberet
1445 1231 1578 1272 aliquid,
1601 1231 1683 1272 quod
1696 1231 1892 1271 impudenter

231 1287 358 1325 peteret.
404 1286 489 1326 Quae
512 1285 626 1323 omnia,
650 1285 679 1317 si
701 1285 778 1325 quid
802 1285 905 1322 video,
919 1285 1028 1316 aliena
1050 1286 1126 1315 sunt
1148 1295 1169 1315 a
1191 1285 1308 1316 maiore
1331 1284 1506 1316 carminum
1524 1286 1627 1326 parte,
1651 1294 1730 1324 quae
1751 1283 1891 1315 Miconis

235 1338 342 1377 prima
367 1338 448 1369 inter
470 1340 499 1369 et
521 1338 634 1369 ultima
658 1338 756 1369 locum
779 1337 915 1368 obtinent
938 1337 1081 1368 medimn.
1128 1336 1210 1367 Nixi
1237 1338 1340 1368 autem
1367 1338 1396 1367 et
1422 1336 1472 1367 his
1500 1336 1692 1377 arqumentis
1715 1337 1744 1367 et
1765 1335 1891 1376 linquae

237 1399 441 1430 versuumque
451 1389 699 1429 proprietatibus
717 1390 798 1420 inter
814 1400 851 1420 ea
866 1399 984 1429 quoque
1001 1390 1152 1426 carmina,
1177 1399 1256 1428 qiaie
1271 1389 1381 1420 ultimo
1404 1389 1490 1428 operi
1513 1387 1706 1426 antecedunt,
1724 1396 1892 1427 possumus

239 1442 366 1481 opinari
380 1451 443 1473 esse
455 1441 643 1473 Miconiana
659 1452 756 1481 eaque
771 1441 843 1472 inde
859 1452 878 1472 α
894 1451 918 1473 c.
939 1441 1061 1479 CLIII,
1077 1441 1131 1473 ubi
1140 1443 1236 1480 poeta
1252 1441 1327 1472 dicit
1345 1452 1379 1472 se
1398 1440 1515 1472 cedere
1533 1451 1605 1472 oum
1623 1450 1760 1482 corpore
1776 1449 1893 1482 parvoz

238 1494 306 1525 alia
318 1503 382 1525 non
395 1494 496 1532 nulla,
513 1504 593 1534 quae
609 1495 777 1526 ceterorum
789 1494 965 1525 carminum
979 1495 1113 1525 tenorem
1126 1494 1369 1532 interrumpunt,
1385 1494 1421 1523 ut
1433 1490 1892 1530 LXXXIII—LXXXVII,

240 1545 328 1577 XCI
346 1546 404 1586 (.9)‚
430 1545 592 1578 CII—CI
594 1545 628 1584 V,
657 1547 714 1577 aut
736 1546 838 1586 ipsius
861 1545 1001 1577 Miconis
1029 1555 1092 1577 esse
1114 1547 1171 1577 aut
1199 1555 1238 1576 etc
1268 1546 1337 1576 eius
1365 1545 1480 1585 sylloqe
1506 1544 1701 1584 deprompta,
1729 1553 1827 1585 quae,
1857 1545 1892 1574 ut

238 1598 330 1629 etiam
354 1597 548 1638 Frediqardi
570 1598 692 1639 sylloqe,
713 1599 840 1637 praeter
863 1597 964 1637 ipsius
983 1599 1093 1636 poetae
1115 1597 1260 1628 carmina
1282 1597 1442 1636 complecta
1463 1597 1531 1628 erat
1553 1596 1744 1636 aequalium.

343 1649 501 1681 Miconem
523 1650 563 1681 ab
586 1659 672 1681 anno
694 1650 758 1681 825
781 1649 824 1681 ad
845 1659 967 1680 annum
990 1649 1054 1680 853
1074 1649 1219 1688 floruisse
1242 1650 1397 1680 testantur
1420 1649 1580 1686 carmina,
1599 1647 1704 1690 fuisse
1726 1637 1892 1679 diaconum

238 1704 266 1733 et
287 1701 470 1733 monachum
486 1702 663 1741 Hariulfus
685 1701 769 1739 dicit,
796 1701 921 1733 Centuli
937 1701 1074 1732 docuisse
1093 1711 1208 1741 pueros
1231 1701 1369 1732 oblatos³
1391 1701 1500 1741 etipse
1517 1700 1674 1740 siqnificat
1689 1701 1726 1737 et,
1749 1698 1892 1739 quamvis

238 1753 393 1785 sublestae
416 1754 459 1784 sit
477 1753 552 1793 fidei
575 1753 715 1793 verisque
735 1754 810 1793 ficta
832 1753 1041 1791 admiscuerit,
1065 1753 1151 1784 testis
1173 1754 1218 1784 est
1243 1752 1443 1784 Trithemius.
1485 1752 1547 1792 Qui
1569 1752 1603 1783 in
1620 1751 1728 1791 prima
1746 1750 1893 1782 Chronici

221 1797 225 1800 ⁴
240 1805 482 1846 Hirsauyiensis
504 1805 659 1837 editione⁴
682 1806 727 1836 sic
741 1805 806 1836 ait:
830 1805 956 1837 Olaruit
973 1804 1088 1836 iisdem
1106 1805 1309 1847 temporibus
1326 1804 1412 1836 Mico
1429 1803 1607 1836 monachus
1624 1803 1729 1835 sancti
1746 1802 1892 1834 Richarii

240 1859 289 1889 vir
323 1857 486 1889 studiosus
519 1861 552 1889 et
585 1857 678 1889 valde
709 1857 840 1897 doctus,
878 1858 932 1899 qui
962 1857 1064 1888 multa
1094 1860 1127 1888 et
1157 1857 1246 1888 varia
1276 1857 1407 1899 scripsit
1434 1860 1499 1888 tam
1529 1859 1632 1888 metro
1663 1866 1759 1898 quam
1794 1865 1892 1897 prosa

241 1910 442 1942 excellenter
472 1909 561 1941 edita
621 1909 648 1940 E
680 1909 797 1951 quibus
826 1910 966 1951 legimus
999 1909 1117 1940 librum
1147 1909 1351 1940 diversorum
1380 1908 1674 1951 Epigrammatum.
1724 1906 1892 1950 Excerpta

240 1972 369 2004 quoque
392 1962 579 1994 Poetarum.
624 1962 759 1994 Librum
785 1962 883 1993 etiam
907 1961 1126 2003 aenigmatum
1163 1964 1195 1992 et
1227 1961 1386 2003 quaedam
1418 1960 1491 1992 alia.
1538 1960 1580 1992 In
1603 1960 1745 1992 altera⁵:
1773 1959 1828 2001 qui
1859 1959 1891 1990 in

241 2013 355 2046 eodem
391 2013 549 2046 coenobio
586 2014 717 2045 scholae
752 2014 854 2045 multo
894 2017 1038 2055 tempore
1075 2013 1227 2056 praefuit.
1263 2012 1304 2044 de
1338 2013 1428 2044 ouius
1462 2011 1745 2043 lucubrationibus
1779 2013 1892 2043 extant

241 2066 405 2098 subiecta:
432 2066 699 2108 Epigrammaton
715 2066 789 2097 libri
807 2065 871 2103 1V;
896 2066 1117 2107 aenigmatum
1134 2065 1218 2096 liber
1234 2065 1472 2107 pulcherrimus
1488 2074 1587 2099 unus;
1611 2064 1707 2095 flores
1722 2066 1892 2105 poetarum

240 2118 322 2150 liber
346 2118 494 2150 similiter
517 2129 618 2151 unus:
643 2118 853 2160 epistolarum
878 2117 919 2148 ad
943 2117 1089 2149 diversos
1112 2117 1196 2148 liber
1218 2127 1311 2148 unus.
1358 2116 1400 2148 Et
1424 2115 1585 2159 quaedam
1609 2115 1690 2154 ulia,
1721 2125 1804 2157 quae
1829 2114 1890 2146 hae

241 2170 311 2202 vice
336 2170 513 2202 memoriae
538 2174 669 2202 nostrae
693 2180 756 2201 non
785 2173 967 2201 occurrunt.
1013 2169 1054 2200 In
1078 2169 1191 2209 quibus
1213 2169 1366 2208 quaedam
1388 2170 1423 2199 ut
1446 2168 1563 2200 librum
1594 2167 1807 2210 epistolarum
1827 2177 1892 2206 pro

240 2232 300 2254 sua
323 2222 544 2254 consuetudine
572 2224 678 2262 aperte
706 2222 853 2253 mentitus
875 2223 932 2258 θείς
961 2221 1029 2253 alia
1059 2231 1132 2252 vera
1161 2222 1236 2252 sunt
1265 2223 1299 2252 ut
1329 2223 1486 2263 excerpta
1514 2220 1561 2251 cel
1591 2220 1688 2252 flores
1711 2222 1891 2262 poetarum,

241 2284 319 2314 quae
343 2274 440 2305 locum
464 2275 498 2305 in
521 2274 634 2314 sylloqe
657 2274 795 2305 obtinent
814 2274 964 2313 primum.

348 2369 373 2400 1)
394 2369 478 2394 Parte
497 2368 595 2394 codicis
608 2368 748 2402 deperdita
766 2369 830 2402 (cfr.
844 2377 928 2402 supra
935 2377 998 2402 paq.
1013 2368 1072 2401 265)
1090 2367 1229 2401 perierunt
1248 2367 1327 2393 etiam
1347 2374 1436 2392 rersns
1454 2374 1509 2392 non
1527 2366 1597 2392 nulli
1610 2365 1740 2398 Micon-is,-
1757 2373 1821 2391 nam
1839 2364 1894 2398 :W

248 2421 340 2446 Micon
360 2420 388 2446 in
406 2429 485 2454 opere
504 2421 594 2447 soluta
612 2421 734 2447 motione
759 2421 792 2447 (le
810 2420 939 2454 prosodia
963 2420 1062 2453 scripto
1080 2420 1140 2452 (cfr.
1158 2419 1236 2452 infra
1256 2419 1301 2445 acl.
1320 2427 1340 2444 c.
1363 2419 1422 2449 III)
1441 2418 1507 2444 haec
1525 2418 1630 2450 adfert,
1653 2425 1723 2450 quae
1743 2417 1774 2442 in
1797 2416 1892 2451 sylloye

242 2480 316 2498 nunc
336 2481 391 2498 non
409 2473 542 2506 lequntur,
562 2473 607 2505 s'ol.
627 2476 671 2499 27:
695 2473 822 2507 quamuis
846 2481 896 2507 per
918 2472 1026 2499 sistoles
1052 2471 1178 2505 (sistolen
1199 2471 1234 2503 B)
1260 2470 1380 2505 speciem
1405 2470 1457 2497 hoc
1481 2470 1509 2496 in
1534 2469 1630 2504 aliqua
1655 2469 1694 2504 [in
1713 2469 1748 2503 B]
1772 2467 1892 2503 epistola

243 2524 363 2559 corripui
383 2524 491 2551 dicens:

707 2559 930 2592 Quatriduanum
947 2559 996 2593 qui
1014 2559 1122 2586 tumulo
1140 2557 1306 2585 reuiuiscere
1324 2556 1399 2584 fecit,

243 2593 309 2621 licet
328 2594 366 2620 sic
386 2594 441 2620 dici
461 2594 610 2628 potuisset:

707 2628 812 2660 Quatri.
832 2628 943 2660 danum,
963 2628 1011 2662 qui
1029 2627 1138 2654 tumulo
1156 2626 1322 2654 reuiuiscere
1340 2626 1419 2661 fecit3

242 2680 288 2711 fol.
311 2683 356 2706 32¹²
380 2680 499 2706 Bilibris.
524 2680 659 2707 Trilibris.
683 2680 862 2714 quadrilibris
885 2689 956 2714 quae
984 2680 1013 2706 in
1037 2679 1157 2714 epistola
1184 2687 1316 2705 censuum
1344 2687 1395 2712 per
1422 2678 1536 2705 sistolen
1565 2677 1738 2709 necessitato,
1759 2677 1890 2712 corripui.

242 2731 270 2765 2)
289 2731 334 2758 Sic
348 2731 507 2757 Einhartlns
525 2732 714 2766 appellabatur
726 2732 877 2758 Nardulus.
950 2732 977 2762 3)
999 2731 1090 2758 Potest
1105 2730 1212 2757 Contuli
1223 2730 1307 2763 fuisse
1319 2730 1409 2756 schola
1422 2730 1502 2756 etiam
1515 2733 1634 2762 externa,
1654 2730 1705 2763 cfr.
1719 2738 1740 2756 c.
1755 2729 1890 2756 CXXIV.

242 2784 270 2817 4)
296 2783 350 2810 Ed.
379 2783 529 2810 Guilelmus
548 2783 679 2810 Reclensis
703 2784 778 2817 apud
797 2784 852 2811 Iac.
875 2784 995 2810 Parcnm
1019 2783 1143 2810 Basileae
1167 2786 1226 2809 1559
1247 2791 1306 2816 pay.
1327 2786 1367 2809 20.
1473 2783 1500 2815 5)
1527 2781 1582 2809 Ed.
1607 2785 1718 2809 auctore
1744 2781 1892 2811 Mabilicme

243 2837 270 2861 S.
294 2836 368 2862 Galli
389 2840 453 2863 1690
472 2837 519 2862 col.
542 2837 556 2862 1
569 2845 632 2869 paq.
651 2840 690 2862 28.

1900 2855 1922 2884 ⁴:
