2060 3074
0 2027 13 2121 wne-
0 1826 14 2020 v-r—r-z-w--v
0 1783 9 1819 -ιν-
0 1729 5 1773 z--
0 1678 9 1719 -w
0 1616 5 1625 -

948 153 1040 180 PARS
1059 153 1093 180 II.
1475 185 1482 191 ,
1781 159 1843 188 529

558 236 620 273 Qui
643 237 721 269 laeti
744 238 873 270 fuerant
897 243 1090 281 quaerentes
1115 243 1228 272 extera
1251 251 1362 283 regna,

485 301 511 320 eo
597 288 677 320 Alas
700 290 865 332 arripiunt,
890 301 969 333 quas
992 291 1082 323 dedit
1103 293 1286 335 ipsafuga.

557 339 666 382 Atque
689 351 791 383 pavor
813 342 938 374 validus
961 343 1133 375 titubantia
1155 348 1290 386 pectora
1313 345 1446 377 turbans

599 391 774 435 Compellit
796 393 919 426 Karolo
944 396 1056 427 territa
1080 395 1175 428 dorsa
1199 396 1286 428 dare.

556 443 677 475 Heheu
700 455 796 487 quam
819 446 920 488 turpis
945 446 1120 478 confundit
1133 447 1231 479 eorda
1254 448 1370 490 cupido

598 495 744 538 Expulso
769 496 896 528 Christo
920 497 1051 529 sedibus
1075 509 1117 530 ex
1139 500 1287 541 propriis.

485 559 510 578 ⁶5
555 546 583 578 Ο
606 548 740 585 utinam,
763 548 967 589 Hluduwiee,
991 550 1054 581 tuis
1076 561 1142 592 pax
1165 555 1252 582 esset
1274 552 1306 583 in
1329 552 1402 591 oris,

600 598 689 635 Quas
712 599 770 631 tibi
794 600 957 632 distribuit
980 602 1033 643 qui
1056 603 1140 644 regit
1163 613 1259 634 omne
1283 604 1386 636 simul.

557 649 643 686 Quid
667 661 821 694 superare
844 653 926 684 velis
950 653 1103 684 fratrem?
1127 653 1203 696 quid
1227 655 1351 696 pellere
1374 660 1499 697 regno?

599 701 764 745 Numquid
786 713 850 735 non
873 704 968 735 simili
991 708 1163 736 stemmate
1186 707 1367 747 progeniti?

557 753 623 786 Cur
645 755 690 786 sio
713 756 838 787 conaris
862 755 984 787 divinas
1007 757 1134 789 solvere
1157 757 1268 799 leges?

485 818 510 837 w
596 806 810 849 Ingratusque
835 807 896 839 tuis
919 818 976 839 our
998 808 1104 840 aliena
1126 809 1231 851 petis?

557 857 642 894 Quid
665 858 724 890 tibi
747 858 936 901 baptismum
960 859 1037 902 quid
1060 863 1171 892 saneta
1194 861 1386 903 sollempnia
1409 862 1526 893 missae

599 909 741 950 Occultis
764 921 893 953 semper
914 911 1045 943 nutibus
1068 912 1248 944 insinuant?

555 961 720 1004 Numquid
742 973 807 994 non
829 966 1007 1006 praecepta
1029 964 1122 995 simul
1146 964 1288 996 fraterna
1311 968 1434 1006 tenere,

598 1013 730 1046 Viribus
753 1024 791 1046 ac
815 1014 890 1046 totis
914 1015 1024 1046 vivere
1048 1014 1145 1046 corde
1168 1015 1243 1057 pio?

484 1077 509 1096 τε»
553 1065 709 1097 Ausculta
730 1065 876 1108 pavidus,
900 1065 976 1108 quid
999 1066 1119 1098 elamat
1141 1077 1266 1098 summa
1289 1066 1412 1110 sophia,

598 1117 691 1154 Quae
714 1117 836 1149 nullum
860 1117 944 1150 fallit
967 1117 1121 1160 dogmata
1144 1128 1222 1150 vera
1245 1118 1380 1151 doeens:

555 1167 599 1200 ‘Si
622 1168 681 1200 tibi
703 1169 876 1201 molestum
900 1169 982 1201 nolis
1004 1169 1134 1201 aliunde
1158 1170 1280 1210 venire⁷

597 1219 729 1252 Nullum
752 1231 941 1264 praesumas
964 1221 1096 1254 laedere
1119 1225 1213 1264 parte
1237 1222 1312 1254 tua!

555 1269 693 1312 Christe,
717 1272 780 1303 tuis
803 1272 931 1304 famulis
954 1273 1103 1304 caelestis
1126 1274 1272 1316 praemia
1294 1274 1380 1306 vitae

484 1335 510 1354 so
598 1323 752 1360 Praesta;
776 1324 939 1356 versificos
962 1327 1032 1356 tute
1056 1327 1148 1356 tuere
1171 1328 1253 1357 tuos.

555 1374 707 1406 Poscenti
731 1375 862 1407 domino
886 1386 997 1408 servus
1020 1386 1078 1407 sua
1101 1375 1212 1407 debita
1235 1376 1340 1416 solvit,

598 1426 784 1459 Mercedem
808 1427 892 1459 servi
914 1427 974 1459 sed
996 1426 1106 1459 videat
1130 1427 1287 1459 dominus.

552 1582 672 1626 Aspice
695 1583 898 1626 praeclarum
921 1582 1019 1614 radiis
1042 1582 1199 1629 solaribus
1221 1583 1344 1624 orbem,
1391 1586 1393 1588 '

595 1634 685 1672 Quos
707 1645 787 1667 erux
811 1635 956 1666 salviflua
979 1635 1103 1677 spargit
1125 1634 1166 1666 ab
1191 1644 1264 1667 arce
1289 1645 1356 1667 sua.

551 1687 687 1719 Terram
709 1686 962 1730 Neptunumque
986 1690 1077 1718 tenet
1099 1687 1258 1730 flatusque
1281 1687 1438 1730 polosque

594 1738 637 1770 Et
659 1738 765 1781 siquid
788 1748 885 1781 supra
907 1737 1048 1770 creditur
1070 1748 1142 1770 esse
1165 1738 1286 1781 procul.

495 1803 506 1821 s
551 1789 637 1822 Dum
659 1793 791 1822 revocat
813 1790 948 1822 miseros
972 1790 1132 1822 humanae
1155 1790 1262 1832 gentis
1285 1789 1326 1822 ab
1350 1790 1425 1830 imo,

593 1841 735 1885 Cuspide
757 1841 947 1873 Tartaream
969 1841 1109 1883 percutit
1131 1841 1202 1884 ipsa
1225 1842 1342 1884 stygin.

550 1893 579 1926 Ο
602 1903 682 1926 crux
704 1893 800 1934 alma,
823 1893 906 1924 nites
929 1892 1013 1924 ultra
1035 1892 1263 1935 seraphynque
1287 1893 1464 1935 eerybque:

594 1945 654 1978 Est
678 1945 802 1988 (quod),
826 1944 912 1987 quod
934 1954 999 1976 non
1022 1947 1080 1984 est,
1105 1947 1137 1976 te
1161 1945 1238 1976 colit
1260 1954 1355 1976 omne
1379 1955 1485 1988 super.

550 1997 598 2030 Te
622 1996 743 2030 domini
766 2007 884 2037 rerum,
908 1997 1044 2029 virtutes
1067 1999 1165 2039 atque
1189 1999 1344 2038 potestas,

480 2062 504 2081 w
591 2048 680 2082 Ordo
703 2049 780 2081 colit
803 2048 945 2081 medium
969 2048 1038 2080 iure
1062 2046 1202 2079 tenendo
1226 2048 1351 2084 locum;

549 2101 706 2144 Aggelus‚
729 2100 930 2142 archagelus,
954 2099 1104 2142 princeps
1127 2101 1278 2141 totusque
1301 2109 1470 2142 supremus

591 2152 750 2185 Caelestis
773 2161 924 2183 numerus
947 2154 980 2183 te
1004 2151 1080 2183 colit
1102 2151 1168 2182 alta
1190 2153 1316 2193 petens.

548 2204 596 2237 Te
620 2206 725 2237 ΠΝΥΞ
747 2207 856 2236 nostra
879 2203 995 2236 dehine
1017 2204 1100 2235 iusto
1123 2203 1342 2236 modulamine
1364 2204 1492 2237 laudat:

589 2256 655 2289 Per
677 2259 720 2297 te,
745 2255 943 2295 christifera,
966 2265 1106 2298 namque
1128 2254 1299 2298 redempta
1324 2255 1395 2288 fuit.

285 2370 393 2396 olonae
409 2383 444 2388 —
463 2368 511 2404 [u.]
530 2369 548 2396 3
565 2369 606 2403 N.]
625 2378 749 2396 oeeanum
768 2369 793 2394 R
873 2368 890 2393 6
908 2367 950 2401 st.]
969 2368 1088 2402 paludem
1106 2368 1199 2394 inferni
1219 2367 1254 2401 (p.
1273 2368 1290 2393 i.
1309 2367 1342 2401 R,
1360 2369 1490 2395 tristitiam
1509 2369 1566 2402 L¹):
1587 2368 1694 2398 CTYZ
1714 2370 1786 2404 (styx
1799 2370 1833 2403 R)

181 2413 285 2439 tristitia
303 2413 396 2440 intenti
414 2411 486 2439 BH:
505 2414 540 2447 cs.
558 2421 640 2446 cupra
658 2411 713 2438 132
802 2411 835 2438 13
852 2412 961 2438 eeclesia
978 2410 1039 2436 RL1

283 2481 318 2508 59
334 2486 481 2516 querentes
489 2482 524 2514 (ec
535 2481 638 2514 caepim
651 2489 666 2507 e
675 2489 726 2513 pro
739 2480 780 2514 ae)
801 2480 825 2506 Β
902 2480 935 2506 67
953 2478 1100 2512 *frati-esu?
1178 2479 1212 2506 69
1230 2480 1252 2505 si
1265 2480 1290 2505 R
1302 2488 1368 2505 corr.
1382 2480 1471 2506 Maius
1553 2480 1586 2507 73
1604 2482 1796 2515 Numquidnam
1809 2481 1834 2506 B

180 2532 248 2550 οοη.
261 2523 350 2550 Maius
420 2523 466 2558 [m]
484 2523 502 2550 3
519 2525 648 2557 flatusque
660 2525 696 2550 cic
710 2524 734 2549 R
804 2522 820 2549 7
838 2524 1027 2557 seraphquue
1045 2531 1113 2549 corr.
1127 2523 1151 2548 R
1221 2522 1238 2548 8
1255 2522 1318 2548 *Est
1335 2524 1404 2556 quod
1421 2532 1471 2549 non
1484 2527 1523 2549 est
1535 2523 1560 2548 R
1630 2524 1663 2550 13
1682 2523 1787 2553 ΠΝΥΞ
1800 2523 1834 2557 R]

180 2565 316 2596 ΤΠΝΥΞ
334 2568 430 2601 (or-tram
447 2575 479 2594 a
495 2568 534 2593 Te
553 2565 597 2599 Π.)
616 2566 650 2592 L1
740 2566 772 2592 14
790 2567 961 2593 christiferam
980 2566 1070 2591 Maius

282 2636 316 2663 59
342 2635 409 2662 Aen.
434 2634 548 2662 1V350
573 2635 615 2662 fas
642 2635 738 2661 extera
765 2642 899 2669 quaerere
927 2642 1021 2668 regna.
1110 2634 1144 2660 60
1170 2633 1217 2666 cl'r.
1243 2634 1310 2660 Aen.
1330 2633 1469 2660 V111224.
1558 2634 1591 2660 76
1621 2633 1720 2662 Matth.
1741 2634 1764 2667 7,
1787 2635 1834 2667 12,-

180 2685 251 2714 Luc,
268 2687 294 2720 6,
305 2686 348 2715 31.
429 2687 477 2722 [ιι]
496 2687 580 2714 7-11
600 2686 752 2713 Εηιιηωναι
764 2686 928 2713 hierarchias
939 2685 1089 2712 secumdum
1102 2685 1231 2719 Dionysii
1243 2685 1420 2719 Amopayitae
1438 2685 1557 2712 ordinem
1575 2686 1688 2717 (caelest.
1704 2685 1832 2712 himarch.

178 2738 300 2766 travam.
317 2746 336 2765 a
354 2737 410 2766 101».
429 2737 471 2766 ed.
489 2737 570 2765 Floss
583 2746 649 2773 pay.
664 2739 758 2768 1050).·
774 2738 894 2772 primm
918 2738 1052 2771 seraphim
1068 2737 1201 2764 cherubim
1218 2737 1389 2771 thr-mmmm,
1412 2737 1525 2764 noediam
1546 2737 1758 2764 dmrn'natiomm
1780 2738 1832 2765 vir-

179 2791 268 2817 aarum
281 2792 449 2825 potestatum,
467 2790 588 2817 altinum
604 2790 760 2824 princiqmm
777 2789 996 2824 metuanqelomm
1013 2789 1185 2823 anqelorum;
1202 2789 1238 2822 cf.
1256 2789 1334 2822 infra
1352 2789 1403 2816 VII
1417 2797 1433 2815 n
1447 2790 1486 2816 16.
