2060 3074
690 149 779 176 VITA
801 149 828 177 S.
842 149 997 177 AMANDI.
1027 150 1135 177 LIBER.
1155 150 1168 176 Ι
1186 150 1233 177 ΕΤ
1252 150 1285 177 ΙΙ.
1362 128 1368 132 ι
1748 152 1811 183 579

563 260 734 293 INCIPIT
757 261 1043 294 BREVIARIUM
1066 261 1260 295 SECUNDI
1281 263 1414 295 LIBRI.

161 324 184 348 1.
204 323 309 347 Viribus
326 322 381 347 suis
397 322 506 354 scriptor
526 322 680 355 posthabitis
703 331 747 355 pro
771 324 901 348 communi
924 324 1034 349 utilitate
1062 324 1124 349 dicit
1146 333 1173 349 se
1192 333 1252 350 suos
1276 325 1393 350 divisisse
1411 325 1512 350 libellos
1530 327 1556 349 et
1574 324 1662 348 nenias
1679 326 1812 356 poetarum

161 365 342 391 abhominatus
359 365 440 390 libelli
458 365 499 390 sui
511 373 615 390 cursum
633 369 660 390 et
677 366 783 398 spiritus
795 367 879 391 sancti
893 367 985 391 humili
1004 375 1078 400 prece
1090 367 1206 400 deposcit
1221 368 1373 400 ingressum.
1393 381 1424 385 —
1444 369 1477 393 11.
1497 368 1547 392 Ubi
1559 370 1665 392 sanctus
1677 366 1812 399 episcopus

160 408 300 433 ordinatur.
318 421 348 425 —-
370 408 416 432 111.
435 408 524 432 Editor
541 408 620 432 huius
638 409 723 440 operis
743 409 857 435 Galliam
874 410 1023 442 alloquitur.
1042 424 1076 427 —
1094 411 1137 435 IV.
1160 411 1200 436 De
1218 411 1304 444 pueris
1323 411 1416 444 emptis
1433 414 1459 436 et
1476 410 1645 435 instructione
1663 417 1759 434 eorum.
1778 422 1810 426 —-

0 435 7 491 'i
160 452 191 477 V.
210 451 323 484 Scriptor
341 451 418 476 huius
435 451 509 476 metri
527 454 646 476 sanctum
665 460 724 476 cum
743 452 820 477 laude
844 453 947 478 affatur.
972 466 1005 471 —-
1023 453 1067 478 Vl.
1086 454 1199 478 Puerum
1225 458 1331 479 sanctus
1354 462 1370 479 a
1393 453 1494 479 diabolo
1517 453 1544 477 in
1563 452 1745 477 Centumcellis
1763 451 1811 476 sal-

160 495 239 520 vavit.
262 507 295 512 -
314 494 370 519 vn.
389 494 486 519 Auctor
503 495 586 527 operis
604 494 679 519 istius
697 495 828 528 increpato
846 496 919 521 hoste
945 496 978 521 ad
1000 499 1074 529 gesta
1091 497 1220 522 narranda
1246 497 1391 522 revertitur.
1414 510 1447 514 -
1465 497 1535 521 VIII.
1558 496 1597 520 De
1615 498 1766 528 tempestate
1783 495 1811 519 in

160 537 252 571 pelago
269 540 326 562 orta
342 540 433 562 sancto
451 537 597 569 navigante.
620 552 656 556 —
678 538 724 563 IX.
743 538 884 571 Apostolus
901 539 993 563 Petrus
1015 539 1042 563 in
1070 539 1130 564 navi
1153 548 1212 564 eum
1230 539 1364 572 alloquens
1382 539 1489 572 pelagus
1507 540 1662 564 commotum
1680 537 1759 562 sedat.
1777 551 1811 554 —

161 581 193 605 X.
210 580 366 605 Gaudavnm
384 587 480 612 pagum
493 584 599 605 sanctus
611 581 702 613 pergit.
721 594 754 598 —
773 581 818 606 XI.
838 581 946 606 Devicto
965 590 1011 614 per
1023 582 1107 614 ipsum
1121 582 1214 607 erroris
1224 583 1339 615 principe
1357 583 1467 616 populus
1479 582 1566 607 credit.
1585 595 1619 598 —
1637 582 1695 605 XII.
1714 581 1811 605 Montio

134 645 138 649 .
160 623 227 648 beati
246 623 365 655 Bavonjs,
383 622 501 656 discipuli
519 623 596 655 illius,
615 623 703 648 debita
720 632 779 649 cum
798 623 874 649 laude
891 625 984 657 agitur.
1007 638 1040 643 —
1066 625 1137 650 Xlll.
1162 626 1274 658 Scriptor
1296 626 1373 651 huius
1399 626 1458 651 libri
1482 626 1582 659 plebem
1604 624 1717 656 regionis
1741 623 1811 648 illius

255 664 262 665 ’
547 666 687 692 exhortans
704 675 732 692 se
749 667 826 692 etiam
844 667 1012 693 commendat.
1031 681 1065 685 —
1082 669 1176 694 FINIT
1194 669 1417 695 BREVIARIUM.

673 762 848 800 INCIPIT
874 763 1017 800 LIBER
1044 763 1303 801 SECUNDUS.

568 837 594 868 I.
618 837 749 869 Viribus
773 838 899 881 exiguis
922 849 1074 870 canerem
1098 849 1180 879 cum,
1204 839 1317 879 lector,
1339 838 1480 871 Amandi

524 889 641 920 Inclita
664 892 758 931 gesta
780 890 835 932 pii,
860 890 1021 922 communi
1044 890 1118 922 hinc
1141 890 1216 922 inde
1239 891 1343 923 labori

526 940 731 983 Prospiciens
754 941 876 983 pariter
899 941 1068 973 scribentis
1091 942 1159 974 sive
1183 943 1322 985 legentis

529 991 690 1028 Quattuor
712 993 745 1024 in
767 993 876 1036 parvis
898 993 1010 1035 partiri
1032 994 1094 1025 rite
1116 993 1235 1026 libellis

471 1056 483 1076 s
526 1043 621 1076 Haec
643 1043 760 1076 eadem
782 1045 880 1086 volui,
908 1045 1017 1087 capias
1041 1055 1104 1087 quo
1127 1045 1190 1077 fine
1213 1046 1363 1077 levamen

526 1095 570 1127 Et
591 1095 720 1128 brevies
743 1098 869 1128 tantum
893 1097 1012 1140 part-ito
1035 1097 1125 1129 fasce
1148 1097 1303 1130 laborem.

527 1147 648 1180 Lector
670 1148 756 1180 enim
778 1148 930 1191 prudens,
952 1149 1074 1191 poteris
1097 1159 1302 1191 cognoscere,
1326 1150 1352 1181 si
1373 1150 1431 1189 vis,

529 1199 626 1236 Quod
647 1210 711 1231 non
735 1201 945 1242 grammatica
968 1200 1110 1232 decurrit
1131 1201 1206 1243 lege
1228 1201 1370 1243 loquela,

527 1251 661 1283 Rustica
683 1251 743 1283 sed
765 1251 890 1284 stolidis
913 1254 1067 1284 texuntur
1090 1253 1232 1284 carmina
1255 1252 1372 1284 verbis.

458 1315 483 1335 ιο
525 1302 600 1335 Non
623 1313 705 1346 opus
727 1303 789 1335 hoc
811 1303 898 1335 orbis
921 1303 1122 1336 recitandum
1145 1304 1238 1336 mitto
1261 1304 1432 1346 magistris,

529 1355 674 1392 Quorum
696 1365 802 1387 sermo
826 1355 896 1387 fluit
918 1356 1071 1388 torrentis
1094 1356 1230 1398 gurgitis
1252 1356 1362 1396 instar,

529 1406 674 1439 Grandia
697 1407 752 1450 qui
774 1407 892 1439 oritoni
914 1410 1078 1440 metantes
1099 1407 1202 1439 verba
1223 1407 1366 1439 Maronis

527 1458 626 1490 Vocis
650 1458 793 1490 olorinae
817 1461 1007 1491 concentum
1029 1462 1160 1501 gutture
1182 1462 1334 1502 promunt

528 1509 655 1552 Quique
679 1520 771 1542 suum
795 1520 936 1552 carmen,
960 1510 1036 1542 dum
1060 1510 1161 1542 Musis
1186 1511 1336 1542 suavibus
1359 1513 1510 1553 aequant,

459 1574 482 1593 ιε,
527 1561 711 1594 ostendunt
733 1572 852 1594 vanum
874 1562 1034 1605 nullisque
1057 1562 1201 1605 aptabile
1223 1562 1329 1594 lucris.

528 1613 602 1646 Non
624 1614 674 1646 his
697 1624 776 1657 ergo
799 1624 891 1646 meos
912 1624 1025 1646 versus
1047 1614 1229 1646 transmitto
1253 1613 1409 1655 citandos,

531 1665 598 1698 Sed
619 1666 797 1707 monachis,
821 1676 957 1709 quorum
979 1666 1154 1709 requiescit
1175 1666 1208 1698 in
1232 1676 1288 1698 ore
1311 1665 1448 1698 salubris

530 1717 726 1758 Thesaurus,
748 1718 864 1761 psalmi
888 1721 921 1750 et
943 1717 1054 1760 hymni
1077 1728 1135 1750 seu
1157 1718 1291 1758 cantica,
1315 1716 1442 1750 Christo

530 1769 622 1807 Quae
644 1780 705 1813 per
726 1770 849 1813 templa
871 1773 991 1802 canunt
1013 1770 1149 1802 tonitrus
1172 1770 1263 1802 velut
1285 1779 1341 1801 ore
1364 1769 1510 1801 boantes.

458 1834 485 1854 πο
528 1821 644 1854 Petrus
666 1822 808 1864 piscator
829 1822 968 1866 populos
990 1821 1144 1864 piscando
1168 1821 1274 1864 poetis

530 1873 719 1906 Praefertur
741 1874 873 1914 cunctis,
898 1874 952 1916 qui
975 1876 1086 1905 sancto
1108 1873 1238 1904 flamine
1260 1873 1375 1915 plenus

528 1925 637 1958 Vertit
658 1925 854 1968 multiplices
876 1935 940 1957 uno
965 1935 1115 1957 sermone
1138 1927 1295 1957 catervas.

530 1977 602 2014 Quo
625 1977 711 2010 facto
735 1977 854 2018 docuit,
878 1977 965 2020 quod
987 1987 1052 2010 non
1075 1986 1225 2008 sermone
1247 1978 1389 2019 paretur,

529 2029 681 2072 Regnum
703 2029 763 2061 sed
786 2029 906 2061 domini
929 2028 1067 2061 solidum
1089 2028 1207 2060 virtute
1230 2028 1367 2060 levetur.

458 2094 484 2114 πε
526 2082 543 2114 Ι
565 2081 659 2122 liber,
683 2081 694 2113 i
717 2090 861 2113 carmen:
887 2084 932 2121 tu,
957 2080 1084 2123 spiritus
1108 2080 1203 2120 alme,
1226 2079 1347 2120 venito,

529 2133 677 2166 Pectoris
701 2135 735 2165 et
757 2133 858 2164 nostri
880 2132 1052 2175 penitralia
1073 2132 1214 2174 pleniter
1235 2131 1328 2171 intra,

530 2184 639 2227 Digne
663 2194 727 2227 quo
751 2184 888 2225 valeam,
912 2194 995 2226 quae
1018 2186 1092 2215 sunt
1114 2181 1297 2226 pangenda,
1319 2182 1424 2214 relatu

534 2236 684 2269 Scribere
707 2239 802 2278 gesta
824 2236 883 2268 viri
905 2235 1059 2267 mundum
1083 2234 1267 2278 spargenda
1289 2244 1349 2277 per
1371 2244 1509 2265 omnem.

520 2329 522 2331 ,
575 2297 619 2329 Π.
642 2289 791 2329 Romana
814 2296 939 2328 interea
960 2296 1010 2328 vir
1023 2298 1159 2328 ‘sanctus
1182 2295 1223 2327 ab
1246 2294 1327 2326 urbe
1350 2297 1517 2326 revertens

460 2362 486 2382 w
529 2349 697 2382 Gallorum
720 2348 763 2380 ad
785 2349 924 2391 populos
947 2348 1087 2380 directus
1111 2347 1245 2380 caelitus
1266 2346 1332 2378 ivit.

531 2401 575 2434 Et
597 2411 657 2434 ceu
679 2401 738 2433 sub
761 2400 870 2433 modio
893 2401 1026 2432 rutilans
1050 2402 1199 2431 contecta
1220 2399 1351 2430 lucerna

531 2453 690 2486 Humanis
713 2453 835 2485 nullum
858 2452 1040 2495 profectum
1062 2451 1183 2483 visibus
1206 2450 1314 2490 infert,

532 2505 572 2537 In
593 2504 672 2536 base
696 2503 755 2536 sed
776 2503 883 2546 posita
906 2502 1086 2545 splendoris
1108 2502 1180 2534 luce
1203 2500 1356 2532 tenebras

533 2556 668 2588 Decutit
689 2555 884 2597 intrantique
907 2553 1038 2586 domum
1061 2562 1119 2585 sua
1140 2563 1274 2585 munera
1296 2551 1423 2594 pandit:

461 2621 487 2640 as
531 2608 584 2640 Sic
607 2609 652 2640 sic
674 2607 727 2639 hic
750 2607 870 2639 Christi
893 2605 1102 2649 resplendens
1125 2605 1244 2637 lumine
1267 2603 1445 2644 Amandus,

532 2659 622 2692 Illius
643 2662 680 2691 ut
702 2659 824 2692 cunctis
846 2659 987 2701 fulgeret
1009 2658 1041 2690 in
1065 2656 1148 2689 acde
1172 2656 1322 2688 ministris

270 2788 282 2823 ΙΙ
298 2789 358 2815 libri
376 2798 425 2815 mn.
438 2789 463 2815 B
552 2791 574 2816 1.
598 2789 692 2815 humili
710 2798 759 2815 om.
772 2789 798 2814 B
883 2787 893 2821 ΙΙ
909 2789 974 2814 liber
992 2796 1039 2813 om.
1053 2787 1078 2812 B
1167 2785 1198 2812 18
1215 2786 1296 2811 himni
1315 2785 1350 2818 (et
1366 2785 1402 2810 eie
1411 2783 1483 2819 sere)
1501 2784 1524 2810 V
