2060 3074
697 126 821 153 TITULI
839 126 887 154 ET
906 127 1028 154 HYMNI
1048 128 1241 155 AMAN'DINI.
1727 131 1788 162 681

271 213 300 244 7.
324 210 410 248 Quid
431 212 534 254 plura,
557 211 651 243 miles
673 212 794 253 inclite,

367 266 476 295 nostro
501 273 652 296 canamus
674 265 835 296 carmine?

367 315 560 358 quicumque
582 315 671 347 venit
694 315 819 357 debilis,

365 366 470 398 nullus
492 366 627 398 recessit
648 366 772 399 flebilis.

1017 217 1046 247 9.
1070 215 1140 247 Iam
1164 215 1332 257 copulatus
1355 214 1474 246 intimis

1113 267 1380 308 archangelorum
1402 266 1528 308 gaudiis

1111 321 1227 350 vertex
1248 318 1392 350 rubescit
1414 318 1585 360 gemmulis

1111 372 1145 401 et
1168 369 1251 401 colla
1274 368 1412 401 candent
1433 369 1551 401 infulis.

999 440 1045 469 10.
1069 438 1178 469 Nostri
1200 448 1334 478 memor,
1358 437 1568 477 sanctissime,

1110 490 1162 521 hic
1186 490 1374 521 exulantum
1397 499 1532 532 corpore
1557 508 1597 513 -—

1112 544 1185 573 tuus
1207 541 1356 584 popellus
1379 550 1525 571 assumus
1549 559 1589 563 —

1110 604 1258 625 succurre
1282 593 1385 633 nobis,
1409 603 1617 635 quaesumus:

269 437 299 467 8.
322 435 416 467 Nunc
438 435 593 467 Abrahae
617 436 825 467 vernantibus

367 488 471 519 laetus
495 487 632 530 quiescis
655 487 802 524 sedibus;

365 539 406 571 de
429 538 505 570 Iesu
528 538 629 570 dulcis
652 549 788 582 corpore

331 618 334 619 ⁷
365 590 490 622 mandis
510 589 659 633 bibisque
683 592 849 633 sanguine.

635 662 682 691 11.
706 660 760 701 Ut,
784 660 912 703 quando
935 661 1027 693 Iesus
1049 663 1174 694 venerit

747 723 820 744 cum
843 722 940 744 carne
964 723 1028 755 qua
1049 713 1123 745 hinc
1146 714 1234 754 abiit,

748 774 813 796 non
836 774 1048 806 segregemur
1069 775 1089 796 a
1112 768 1178 806 tuo,

749 815 891 847 clemens
913 819 1016 858 pater,
1041 817 1213 848 consortio.

949 930 979 952 11.

396 980 593 1017 HYMNUS
620 981 668 1017 IN
696 981 856 1018 LAUDE
883 981 1026 1018 BEATI
1054 982 1241 1019 AMANDI
1269 983 1532 1019 CANENDUS.

403 1057 428 1089 ¹.
451 1055 534 1096 Ave,
557 1059 661 1098 pater,
684 1059 796 1098 pastor
817 1060 937 1096 noster,

494 1118 565 1149 ave,
588 1118 680 1140 carus
703 1118 794 1139 amor
815 1111 936 1148 noster,

1062 1057 1210 1099 pontifex
1233 1058 1381 1100 egregie;

1063 1108 1156 1140 dulce
1179 1119 1298 1140 nomen
1319 1109 1485 1145 Amande;

494 1169 564 1200 ave,
588 1160 718 1202 praesul
740 1159 891 1202 gloriose,
1060 1169 1189 1203 semper
1211 1161 1440 1192 amantissime.

398 1217 427 1247 2.
450 1215 525 1247 Iure
547 1216 606 1248 tibi
628 1215 760 1248 laudum
785 1216 888 1247 melos

493 1267 552 1299 sed
575 1267 750 1310 condignas
773 1270 863 1299 tanto
886 1268 971 1310 patri

493 1319 590 1352 corde
610 1323 719 1352 tamen
740 1319 826 1363 quod
847 1320 1013 1362 gestimus,

397 1377 427 1408 3.
450 1375 481 1407 A
504 1376 670 1418 primaevo
693 1386 811 1419 nempe
833 1377 912 1408 flore

396 1538 414 1567 4

494 1427 635 1460 moribus
659 1438 775 1460 aevum
799 1428 900 1459 senile

492 1481 600 1512 multis
624 1484 657 1512 et
679 1491 823 1512 normam
848 1481 1006 1523 praebere

419 1561 426 1568 .
450 1535 528 1568 Mox
551 1537 715 1579 signorum
739 1536 886 1578 gloriosis

492 1588 694 1631 triumphalis
716 1588 807 1631 signo
831 1588 933 1620 crucis

492 1640 648 1683 verbique
670 1640 789 1672 virtute
812 1640 905 1682 pellis

396 1698 426 1728 5.
449 1695 594 1728 Virtutes
617 1696 787 1727 excoluisti

490 1748 561 1790 ipse
584 1747 643 1779 sed
665 1747 831 1779 occuluisti

491 1799 583 1831 favor
605 1810 646 1831 ne
670 1799 801 1831 daretur
823 1798 891 1838 tibi,

417 1879 424 1887 .
446 1854 532 1887 Hinc
547 1856 650 1887 sactus
666 1855 796 1898 praesul
813 1858 1002 1896 mactusque

491 1911 528 1939 ut
549 1908 681 1940 lucerna
703 1907 821 1939 ardens
843 1906 918 1947 fide,

490 1960 559 1991 iure
582 1960 669 1992 celso
693 1959 879 1991 candelabri

417 2040 424 2047 .
448 2015 497 2047 Tu
520 2015 708 2059 redemptor
731 2016 940 2058 captivorum,

490 2070 590 2110 tuque
612 2071 707 2110 pater
729 2067 935 2110 pupillorum,

490 2119 582 2161 vigor
604 2119 854 2162 paraliticorum,

417 2199 423 2206 .
447 2174 498 2206 Tu
519 2174 623 2207 surdis
646 2175 791 2207 auditum
814 2177 971 2218 praestas,

489 2226 593 2259 lurida
615 2231 649 2259 tu
671 2227 819 2259 membra
841 2236 971 2269 purgas,

490 2278 597 2310 verbis
620 2279 714 2311 simul
738 2281 771 2310 et
794 2278 952 2320 exemplis

392 2335 422 2366 9.
446 2333 566 2366 Nostra
587 2335 658 2366 laus
681 2334 859 2366 succumbit
882 2337 991 2365 tantae

489 2386 565 2418 dum
573 2386 727 2418 mundum
738 2387 846 2429 reples
858 2385 1022 2418 doctrinae

490 2438 609 2470 samam
632 2437 814 2470 diffundens
838 2441 872 2470 et
894 2441 999 2469 terrae

377 2495 424 2526 10.
447 2493 540 2526 Nunc
562 2504 742 2537 precamur,
765 2497 859 2536 pater
882 2494 977 2533 alme,

489 2548 523 2578 et
544 2545 654 2578 Iesum
677 2546 853 2588 benignum
876 2555 974 2588 posce

488 2607 526 2629 ac
548 2601 622 2640 post
644 2597 738 2629 huius
760 2597 857 2629 finem
880 2597 966 2628 vitae

1059 1216 1258 1248 concinendo
1281 1218 1467 1260 pangimus;

1059 1268 1143 1300 ferre
1166 1268 1279 1300 laudes
1302 1270 1486 1312 nequimus:

1058 1320 1182 1363 plectro
1201 1321 1331 1363 linguae
1347 1322 1531 1364 promimus.

1058 1387 1170 1408 sacrae
1194 1377 1351 1419 pueritiae

1059 1429 1144 1460 visus
1169 1439 1203 1460 es
1227 1430 1398 1471 attingere,

1058 1481 1224 1523 perfectae
1247 1482 1397 1513 iustitiae.

1061 1540 1247 1568 muneratus
1270 1537 1370 1569 titulis

1060 1590 1200 1630 anguem
1223 1599 1357 1620 saevum
1380 1588 1517 1631 proteris

1058 1639 1162 1682 Ogiae
1186 1639 1226 1671 de
1250 1640 1403 1672 terminis.

1060 1694 1166 1727 studio
1189 1696 1347 1738 pervigili,

1058 1750 1168 1778 mente
1192 1757 1322 1789 semper
1343 1747 1464 1786 humili,

1060 1798 1118 1829 sed
1141 1809 1280 1841 superno
1304 1799 1435 1832 numini.

1060 1854 1188 1886 deitatis
1212 1865 1346 1886 munere

1059 1907 1146 1938 claro
1170 1907 1279 1938 lucens
1303 1917 1402 1949 opere

1059 1958 1236 1990 sublevaris
1259 1959 1378 2001 stipite.

1057 2014 1240 2045 consolator
1262 2024 1441 2057 pauperum

1056 2069 1091 2097 tu
1114 2069 1219 2097 mater
1242 2066 1470 2108 orphanorum,

1055 2117 1216 2159 effugator
1238 2116 1442 2149 daemonum.

1057 2176 1092 2204 tu
1114 2183 1229 2204 caecos
1252 2173 1422 2213 illuminas,

1059 2227 1220 2256 mortuum
1243 2225 1425 2265 resuscitas,

1054 2277 1176 2308 animas
1200 2276 1350 2308 vivificas.

1054 2332 1112 2364 tibi
1135 2332 1232 2364 datae
1257 2333 1392 2374 gratiae,

1057 2385 1274 2426 virtutumque
1298 2395 1431 2416 munere

1056 2439 1089 2468 et
1113 2436 1193 2468 caeli
1217 2446 1276 2478 per
1299 2436 1455 2468 cardines.

1057 2495 1133 2524 vota
1155 2495 1266 2523 nostra
1289 2492 1414 2534 suscipe

1055 2543 1148 2576 nobis
1171 2553 1302 2585 semper
1323 2553 1457 2585 parcere

1055 2599 1162 2627 tecum
1185 2605 1315 2637 semper
1337 2595 1456 2627 vivere.

7 2774 41 2846 ἓ

5 2950 49 3074 i

510 2726 534 2757 9,
547 2727 563 2752 4
590 2727 682 2752 cadent
704 2735 771 2752 corr.
790 2726 819 2751 K
874 2730 932 2758 post
957 2725 996 2757 11,
1016 2725 1032 2750 4
1055 2726 1110 2750 Deo
1133 2725 1198 2757 patri
1227 2725 1260 2749 sit
1283 2724 1366 2757 gloria
1393 2725 1499 2757 eiusque
1528 2724 1575 2750 soli
1603 2724 1656 2750 filio
1681 2722 1744 2748 aad.
1761 2721 1786 2746 B

917 2769 942 2801 3,
957 2769 968 2794 1
993 2770 1107 2802 primeuo
1125 2772 1148 2793 et
1166 2767 1202 2792 εἰσ
1219 2767 1322 2800 saepius
1338 2774 1353 2791 e
1367 2775 1418 2798 pro
1437 2775 1452 2798 e
1465 2767 1490 2792 B
1577 2766 1594 2792 3
1610 2766 1712 2797 iusticie
1724 2765 1749 2790 B

236 2725 261 2758 8,
274 2725 291 2752 3
317 2726 385 2752 dulci
399 2726 424 2751 B

135 2766 186 2802 [¹¹0]
204 2770 312 2795 semovit
330 2779 398 2795 umu
417 2770 607 2802 &mnemia
627 2771 704 2802 8721)
715 2771 768 2803 sol.
781 2769 831 2795 ὁδ’
