2060 3074
277 131 340 161 592
654 128 823 156 CARMINA
843 127 1065 155 SCOTTORUM
1083 127 1222 154 LA'rmA
1240 126 1288 155 ΕΤ
1307 127 1548 156 GRAEOANICA.

1086 225 1116 247 ιι.

641 267 703 299 Hic
728 278 790 309 ego
814 267 962 298 Donatus
986 266 1170 298 Scottorum
1195 267 1352 309 sanguine
1375 269 1482 299 cretus

686 319 780 351 Solus
802 319 834 350 in
857 319 919 350 hoc
941 319 1064 350 tumulo
1088 319 1223 361 pulvere
1247 329 1358 351 verme
1381 329 1487 352 voror.

642 371 789 413 Regibus
807 371 929 403 Italicis
953 370 1077 417 servivi.
1091 370 1237 413 pluribus
1261 371 1352 402 annis

685 423 840 455 Lothario
864 433 983 465 magno
1006 422 1238 465 Lodovicoque
1261 423 1359 455 bono.

587 489 598 507 ⁵
644 475 776 507 Octonis
799 475 905 507 lustris
929 475 1072 517 septenis
1095 475 1227 518 insuper
1249 475 1341 507 annis

686 527 766 559 Post
787 527 950 559 Fesulana
972 524 1103 570 Praesul
1125 528 1158 559 in
1180 527 1259 559 urbe
1283 527 1339 559 fui.

644 579 834 611 Grammata
857 579 1021 622 discipulis
1045 579 1208 611 dictabam
1231 579 1350 622 scripta
1373 579 1503 619 libellis,

686 631 838 663 Scemata
860 634 1048 671 metrorum,
1073 630 1160 663 dicta
1182 631 1281 663 beata
1304 642 1427 663 senum.

642 684 757 724 Posco,
781 684 894 724 viator,
918 683 987 715 adis
1012 684 1163 726 quisquis,
1187 695 1245 726 pro
1270 694 1404 715 munere
1430 683 1563 716 Christi:

573 749 597 767 ιο
685 736 744 776 Te,
768 736 876 775 homo,
900 746 965 767 non
988 736 1100 778 pigeat
1124 746 1258 767 cernere
1282 735 1378 767 busta
1401 746 1489 772 mea;

642 788 750 831 Atque
773 798 906 830 precare
929 787 1036 828 deum,
1060 787 1181 819 residet
1204 788 1258 830 qui
1280 788 1420 820 culmina
1443 788 1535 828 caeli,

686 840 731 871 Ut
752 839 831 871 mihi
854 839 1013 871 concedat
1035 850 1137 882 regna
1160 839 1259 872 beata
1282 850 1350 872 sua.

800 1037 986 1074 VERSUS
1013 1038 1075 1074 DE
1081 983 1231 1074 X(.)CTO
1255 1037 1407 1074 VITIIS.

642 1099 778 1131 Labitur
800 1099 865 1131 heu
887 1100 1020 1132 nimium
1043 1103 1253 1143 praesumpta
1277 1100 1429 1143 superbia
1453 1101 1568 1132 cosmi:

644 1151 814 1194 Tapinosis
838 1152 939 1194 surgit
963 1151 1081 1184 Christi
1105 1153 1261 1184 solamine
1285 1153 1375 1184 fulta.

382 1250 489 1274 Glossae
513 1263 545 1267 —
570 1250 603 1279 X,
617 1248 633 1274 2
651 1248 798 1282 Tapinosis]
821 1249 954 1283 humilitas

383 1317 428 1351 [ιι]
455 1318 512 1344 Vita
535 1319 563 1344 S.
582 1318 681 1344 Donati
709 1318 747 1343 ΙΙ
766 1317 800 1344 26
823 1317 894 1352 (paq.
911 1317 988 1350 662):
1011 1319 1128 1352 sepultus
1151 1322 1190 1344 est
1214 1317 1355 1350 (Donatus)
1378 1327 1394 1343 a
1416 1318 1549 1352 discipulis
1575 1318 1629 1344 suis
1655 1319 1683 1343 in
1705 1326 1768 1344 arca
1790 1326 1867 1344 saxea
1890 1317 1932 1344 clio

278 1363 315 1387 XI
333 1362 386 1387 kal.
404 1363 468 1388 Nov⁴
486 1363 514 1387 in
532 1363 599 1394 loco,
623 1363 669 1387 ubi
687 1362 764 1388 ceteri
787 1362 870 1387 sancti
889 1362 1022 1395 pontifices
1045 1366 1106 1387 sunt
1131 1362 1251 1387 collocati
1269 1362 1444 1395 scriptumque
1462 1365 1501 1387 est
1518 1362 1573 1387 illic
1594 1362 1753 1395 epitaphium
1770 1361 1931 1387 huiusmodi:

278 1405 340 1430 Hic
367 1413 381 1430 e
387 1414 426 1438 go
453 1419 487 1423 —
514 1406 608 1431 beata
634 1414 693 1430 sua
778 1404 796 1430 4
818 1406 987 1438 lodouicoque
1014 1406 1049 1430 sic
1073 1405 1125 1431 LS
1209 1405 1226 1430 5
1244 1405 1348 1431 Octenis
1375 1405 1420 1437 Uq.
1511 1404 1527 1430 7
1554 1407 1676 1431 Gramina
1694 1405 1718 1430 L
1744 1405 1864 1431 Gratuita
1886 1404 1932 1438 179.

275 1447 292 1473 8
311 1449 475 1474 Schemmata
487 1449 557 1474 Bon.
576 1450 710 1474 Schemate
729 1449 772 1482 Uy.
818 1453 876 1475 acte
894 1449 964 1474 Boll.
1052 1449 1069 1474 9
1085 1450 1167 1474 Parce
1182 1448 1226 1481 Uy.
1271 1449 1328 1474 adis
1346 1447 1472 1482 U9.B0u.]
1491 1449 1566 1474 adluis
1579 1448 1602 1474 S
1617 1449 1680 1474 adiit
1691 1448 1716 1474 L
1734 1448 1795 1474 ades
1816 1447 1933 1474 oanan

277 1490 310 1517 10
327 1490 414 1524 homo]
435 1493 509 1517 modo
522 1492 593 1525 SUq.
684 1492 715 1518 11
734 1493 827 1518 residet
841 1491 922 1525 SU9.]
942 1493 1009 1526 regit
1026 1492 1105 1524 Bou„
1121 1493 1225 1517 verbum
1243 1500 1291 1517 om.
1304 1492 1329 1517 L
1418 1490 1450 1517 12
1468 1492 1546 1517 michi
1565 1491 1587 1518 S
1637 1492 1759 1517 consedet
1775 1491 1846 1517 Bou.

380 1534 432 1568 [X.]
452 1534 493 1567 L(
491 1535 649 1561 andanemis
661 1535 723 1568 444)
734 1536 787 1569 fol.
797 1535 839 1565 2¹,-
857 1536 992 1561 ediderunt
1004 1536 1160 1562 Bernartius
1173 1537 1204 1562 de
1217 1536 1391 1570 Montfaucon
1403 1535 1596 1569 Palaeoqraph.
1611 1536 1704 1562 Graec.
1719 1535 1786 1561 1708
1799 1544 1860 1569 paq.
1869 1534 1930 1568 249,

275 1578 352 1603 Felix
365 1578 510 1604 Ravaiseon
522 1579 550 1604 in
564 1577 704 1612 Cataloyue
713 1579 822 1612 φόνιόν-αἰ
834 1579 879 1605 dee
890 1588 936 1605 ms.
949 1580 994 1605 des
1006 1580 1194 1612 departments
1205 1579 1272 1605 1849
1286 1578 1458 1612 1234—235,
1474 1580 1504 1606 G.
1518 1579 1551 1605 F.
1562 1579 1730 1605 Hildcbrand
1743 1579 1860 1605 Gloem.
1873 1579 1932 1604 Lae

276 1621 437 1647 bibliothecae
450 1622 563 1647 Parisin.
579 1623 727 1656 Goettinqae
741 1621 808 1648 1854
815 1631 880 1656 paq.
892 1623 926 1655 Χ,
939 1623 1007 1649 idem
1023 1624 1051 1648 ι”η
1064 1623 1204 1649 Muetzellii
1217 1623 1363 1658 Zeitschrift
1369 1624 1421 1657 fiir
1433 1623 1458 1649 d.
1473 1623 1708 1656 Gymnaeialwaen
1727 1622 1787 1648 VII
1794 1620 1856 1651 117:
1871 1622 1935 1648 noim

276 1665 394 1698 codicem,
415 1666 446 1691 de
463 1674 513 1698 quo
531 1675 553 1692 v.
573 1675 654 1699 stupra
671 1675 730 1700 paq.
744 1665 795 1692 523
807 1670 831 1692 et
842 1665 901 1698 686,
919 1667 1075 1692 examinavit
1093 1667 1127 1693 A.
1140 1667 1245 1700 Dopeclz
1291 1667 1423 1700 inscriptio
1433 1674 1518 1700 paene
1530 1666 1633 1692 evanuit
1643 1666 1669 1691 L
1737 1666 1752 1692 1
1765 1666 1846 1692 cosmi
1862 1665 1899 1692 εἰσ
1909 1665 1935 1691 L

381 1733 426 1768 [πμ]
447 1733 507 1767 Ipse
527 1733 657 1760 Donatus
675 1734 725 1760 sibi
742 1734 907 1768 epitaphium
926 1734 1043 1761 condicat
1063 1735 1202 1762 Ludovico
1214 1735 1252 1762 H
1264 1735 1295 1768 (†
1309 1735 1381 1769 873),
1397 1734 1453 1768 filio
1470 1733 1597 1761 Latium-ii
1609 1734 1630 1761 I
1643 1734 1814 1767 (ma-855),
1836 1733 1935 1761 Bal-'ae

275 1783 409 1815 scepmwm
430 1783 549 1814 tenente,-
572 1781 618 1808 sed
639 1781 705 1808 m‘dit
729 1781 817 1808 αῶηιο
833 1784 951 1816 tempora
969 1782 1069 1809 Karoli
1088 1782 1174 1815 Calvi,
1193 1783 1227 1816 cf.
1245 1782 1297 1809 Vit.
1316 1782 1343 1809 S.
1363 1781 1470 1810 Donati
1487 1781 1549 1808 118
1566 1789 1626 1815 pay.
1639 1781 1690 1809 65⁷
1713 1781 1812 1815 (locum
1833 1781 1869 1808 ab
1890 1780 1934 1815 iia,

278 1828 327 1862 qui
346 1828 464 1863 Reyesta
481 1828 587 1862 imperii
603 1829 738 1863 colliqwnt,
757 1829 847 1856 admo
863 1830 1025 1863 neglectum,
1048 1829 1102 1863 sed,
1120 1832 1152 1856 ut
1168 1829 1415 1856 Bollzmda'anmum
1432 1829 1541 1856 lectione
1557 1830 1672 1855 emeda
1689 1828 1842 1863 apparebit,
1859 1827 1935 1856 mide

276 1876 426 1909 notabilem,
443 1876 480 1902 ad
496 1876 575 1909 fidem
590 1876 687 1904 codicis
698 1877 733 1911 L,
752 1877 800 1903 ubi
816 1879 888 1904 mat
899 1877 947 1910 fol.
960 1879 1019 1911 511,
1039 1877 1082 1904 hic
1100 1880 1184 1904 totum
1202 1877 1327 1911 odinum:
1345 1878 1472 1912 tempore
1483 1876 1622 1911 siquidem
1634 1876 1692 1909 illo,
1710 1877 1796 1911 prout
1806 1875 1934 1911 superius

275 1923 403 1957 memini,
432 1925 529 1950 contra
556 1924 733 1951 Fesulensem
761 1924 906 1951 ecclesiam
933 1924 964 1951 in
990 1924 1072 1952 rebus
1099 1924 1337 1958 facultatibusque
1369 1924 1426 1950 suis
1459 1924 1566 1951 multae
1599 1924 1667 1951 olim
1698 1923 1790 1951 factae
1821 1923 1935 1950 fuerant

276 1971 436 1998 invasiones
454 1980 505 2006 per
522 1973 734 2007 praeceptorum
754 1963 915 2007 (praecepta
932 1972 970 2006 L)
989 1973 1190 2007 imperatorum
1208 1973 1238 1999 et
1255 1971 1426 1998 cartularum
1445 1971 1635 2004 amissionem,
1660 1979 1733 2006 quae
1752 1971 1788 1998 ob
1805 1971 1935 1998 devasta-

277 2018 383 2045 tionem
402 2019 610 2046 crudelissimae
622 2020 715 2054 gentis
729 2020 753 2045 N
756 2029 951 2047 ormannorum
970 2020 1118 2047 acciderat.
1146 2019 1221 2046 unde
1239 2019 1446 2054 aliquantisper
1458 2019 1576 2046 ecclesia
1587 2019 1740 2046 sublimata
1750 2019 1843 2047 fuerat
1860 2019 1934 2053 (sod.

278 2068 382 2100 ruerat)
402 2068 431 2094 et
449 2076 498 2102 pro
518 2067 708 2095 huiuscemodi
726 2067 909 2094 facultatibus
927 2067 1152 2102 redintegrandis
1165 2067 1355 2095 sanctissimus
1374 2066 1520 2102 episcopus
1533 2067 1682 2102 (Donatus)
1701 2067 1736 2094 ad
1755 2066 1932 2094 clementiam

276 2114 349 2140 adiit
368 2114 501 2141 Ludovici
520 2115 616 2150 magni
635 2115 777 2150 principis.
816 2124 899 2150 quem
917 2115 966 2142 ine
984 2115 1107 2150 benigno
1126 2115 1220 2142 animo
1239 2114 1393 2149 suscipiens
1412 2115 1441 2141 et
1458 2122 1509 2148 pro
1527 2114 1676 2142 devotione
1694 2113 1862 2142 sanctissimi
1880 2113 1934 2141 viri

277 2162 406 2189 universa
434 2163 577 2197 postulata
604 2171 661 2190 non
688 2163 848 2198 denegavit.
890 2163 1026 2190 concessit
1053 2163 1127 2190 inter
1154 2171 1187 2189 ea
1215 2162 1304 2189 eidem
1334 2162 1470 2195 (eiusdem
1494 2161 1530 2195 L)
1558 2161 1692 2189 ecclesiae
1718 2161 1934 2196 gloriosissimus

277 2210 429 2244 Augustus,
448 2211 481 2237 ut
499 2210 578 2237 nulla
596 2219 700 2245 magna
719 2219 862 2245 parvaque
881 2219 999 2245 persona
1015 2219 1059 2237 res
1070 2211 1241 2237 memoratae
1257 2209 1390 2237 ecclesiae
1407 2218 1550 2245 usurpare,
1569 2210 1702 2243 invadere
1713 2210 1759 2237 vel
1775 2209 1935 2250 inquietare

277 2261 467 2293 praesumeret
490 2268 538 2286 seu
562 2259 590 2286 in
610 2259 830 2294 possessionibus
850 2260 894 2286 vel
917 2259 1031 2286 familiis
1050 2259 1175 2294 aliquam
1194 2258 1359 2286 violentiam
1382 2258 1506 2286 inferret.
1545 2257 1682 2285 concessit
1705 2257 1792 2284 etiam
1816 2257 1843 2284 ei
1860 2256 1934 2284 dona

277 2306 412 2333 annualia
430 2307 603 2341 parafredos,
622 2307 847 2340 mansionaticos,
867 2308 992 2342 paratas,
1011 2307 1075 2334 fidei
1094 2307 1214 2334 iussores
1231 2306 1348 2333 minime
1366 2306 1518 2338 tollendos,
1541 2314 1576 2332 ne
1594 2305 1658 2340 quis
1675 2305 1778 2339 (neque
1795 2304 1833 2339 L)
1851 2313 1935 2340 super

278 2353 352 2388 ipsos
375 2354 500 2381 homines
526 2355 561 2381 ad
586 2364 670 2390 supra
693 2356 779 2382 fatam
804 2355 948 2382 ecclesiam
971 2355 1145 2390 pertinentes
1170 2354 1395 2381 molestationem
1414 2353 1539 2388 aliquam
1556 2353 1700 2380 inferendo
1725 2352 1830 2387 absque
1847 2352 1935 2387 legali

278 2401 382 2428 iudicio
406 2404 604 2436 praesumeret.
640 2403 709 2429 haec
731 2404 826 2429 autem
850 2404 914 2430 acta
937 2404 1003 2430 sunt
1027 2402 1102 2438 apud
1121 2399 1285 2437 Capuanam
1310 2401 1415 2429 urbem.
1450 2401 1580 2428 similiter
1597 2409 1662 2428 vero
1681 2401 1774 2428 actum
1799 2401 1842 2427 est
1858 2399 1934 2435 apud

280 2449 444 2475 Placentina
464 2449 575 2476 moenia
593 2449 698 2482 (menia
717 2449 753 2481 L)
772 2451 871 2477 octavo
890 2450 953 2477 idus
973 2449 1130 2481 Februarii,
1157 2449 1186 2476 in
1205 2449 1359 2476 indictione
1377 2457 1442 2476 vero
1461 2457 1536 2476 nona
1554 2450 1601 2482 (sc.
1618 2457 1644 2475 a.
1661 2449 1721 2480 876,
1739 2449 1839 2475 octavo
1851 2447 1935 2481 Bon)

278 2505 295 2522 a
323 2496 424 2523 Karolo
454 2497 698 2530 (excellentissimo
730 2497 789 2523 add.
819 2498 901 2532 Boll.)
936 2498 1112 2532 imperatore.
1156 2497 1247 2524 saneti
1280 2497 1431 2524 sacerdotis
1461 2496 1599 2531 petitione
1629 2495 1765 2523 concessit
1790 2495 1934 2530 praecepti

278 2544 487 2570 immunitatem
511 2544 703 2577 (emunitatem
724 2545 761 2579 L)
785 2545 1009 2580 defensionisque
1031 2545 1163 2580 paginam
1192 2545 1344 2572 secundum
1370 2544 1520 2579 superioris
1549 2543 1706 2571 sententiae
1729 2543 1847 2571 formam
1869 2551 1934 2570 con-

279 2590 408 2618 tinentia.
446 2600 518 2625 quae
538 2592 598 2626 (qui
617 2591 652 2626 L,
672 2592 746 2626 quod
766 2593 849 2626 Bon.)
868 2593 890 2619 si
910 2593 973 2627 quis
992 2592 1139 2620 temerario
1165 2592 1225 2619 iure
1248 2593 1345 2619 contra
1366 2591 1408 2618 ire
1431 2592 1633 2626 praesumeret,
1652 2590 1796 2627 poena(m)
1814 2590 1935 2626 triginta

280 2637 413 2664 librarum
424 2639 484 2665 auri
495 2639 655 2671 incurreret,
669 2639 704 2666 ab
715 2640 832 2667 ecclesia
842 2649 907 2667 vero
917 2640 1085 2667 sententiam
1096 2639 1306 2674 dampnationis
1315 2639 1463 2674 acciperet.
1481 2639 1535 2666 hoc
1543 2647 1594 2666 nos
1603 2647 1654 2674 pro
1662 2647 1765 2674 magno
1774 2639 1890 2674 (magna
1895 2638 1933 2672 L)

280 2685 413 2712 ducentes
432 2686 496 2713 huic
515 2686 648 2720 opusculo
667 2686 787 2714 inserere
806 2687 964 2714 studuimus
982 2689 1011 2714 et
1029 2687 1065 2714 ad
1083 2687 1196 2714 laudem
1215 2687 1289 2714 tanti
1307 2686 1369 2719 viri,
1388 2687 1472 2721 prout
1489 2686 1638 2720 valuimus,
1656 2685 1860 2721 descripsimus.

385 2733 440 2767 [X.]
461 2733 594 2760 Latinum
612 2742 718 2760 carmen
738 2735 870 2761 incertum
887 2738 925 2761 est
942 2743 982 2761 an
998 2735 1135 2769 scripserit
1153 2734 1295 2761 Martinus
1313 2735 1349 2767 is,
1373 2734 1453 2761 cuius
1470 2734 1549 2767 infra
1566 2733 1668 2761 edamus
1688 2733 1791 2761 Graeca
1809 2734 1861 2761 XII
1873 2743 1934 2762 1—v

281 2787 313 2806 ea:
330 2780 416 2807 eodem
433 2780 517 2807 codiee
532 2781 625 2815 petita.
