2060 3074
743 189 790 215 DE
809 188 1038 216 SOBROETATE
1056 189 1164 217 LIBER.
1177 190 1198 217 Ι.
1728 192 1789 222 641

511 275 613 307 Tinea
635 285 700 307 non
723 276 827 307 sulcet
848 279 983 316 vestem,
1005 286 1070 307 non
1092 275 1187 308 rodat
1209 278 1342 307 aratam.

510 327 663 359 Esuriens
687 327 792 359 socius
813 337 947 359 mensae
969 328 1129 370 iungatur,
1153 329 1273 360 amictu

509 379 672 422 Frigidus,
697 382 731 411 et
752 382 887 421 pateant
908 380 1080 422 peregrino
1104 382 1190 412 tecta
1211 380 1330 417 vianti;

512 430 704 463 carceribus
727 431 843 463 clausis
866 431 1011 463 solamen
1033 432 1156 474 praebe
1178 432 1338 474 loquelae.

427 495 466 514 sss
509 483 670 515 Intuleras
692 482 811 514 mundo
834 483 888 523 nil,
911 483 955 514 nil
979 483 1106 515 auferre
1129 484 1268 516 valebis:

511 535 573 566 Illa
594 535 654 566 tibi
676 538 805 566 servata
827 535 915 574 fient,
940 545 1022 577 quae
1046 536 1170 567 miseris
1193 536 1297 568 astris.

515 586 550 619 Si
571 587 749 629 longinqua
771 587 856 629 petis
878 587 1039 619 rediturus
1062 591 1208 631 tempore
1232 591 1330 626 certo,

512 639 563 671 Ne
587 639 694 670 desint
716 642 864 682 sumptus
888 639 956 679 tibi,
978 640 1116 682 plurima
1138 641 1222 672 ferre
1245 650 1379 672 necesse
1404 643 1466 671 est:

510 690 564 722 Ad
585 691 725 734 patriam
748 701 904 734 properas
926 691 1044 733 iugiter
1066 703 1232 724 mansurus
1255 693 1287 724 in
1309 693 1365 723 illa
1391 711 1428 715 —

428 755 467 775 seo
511 742 704 786 Perpendas
727 753 808 785 opus
832 746 892 784 est,
916 753 1000 785 quae
1024 744 1067 775 sis
1090 744 1257 776 habiturus
1278 744 1410 776 ibidem.

512 794 586 826 Hac
608 795 816 837 euangelicus
838 795 988 827 laudatur
1010 796 1121 827 vilicus
1143 799 1212 828 arte
1232 795 1236 797 ’

512 846 726 889 Prospexisse
750 846 811 878 sibi
834 850 866 878 et
889 847 1050 889 stipendia
1072 847 1185 879 fraude
1208 858 1351 890 parasse,

512 897 605 934 Quae
628 898 688 930 sibi
712 898 897 930 sufficerent
921 898 1046 931 deiecto
1070 903 1156 931 sorte
1180 899 1297 940 futura,

512 949 720 992 Providitque
744 960 847 992 sagax
870 951 1004 982 formica
1026 954 1062 982 ut
1083 951 1175 983 farris
1199 962 1348 984 acervum

428 1015 466 1034 ses
510 1003 619 1045 Atque
644 1002 761 1042 oleum,
785 1002 967 1034 miserantis
990 1013 1096 1045 opem,
1120 1003 1264 1035 fomenta
1286 1003 1433 1035 laborum

510 1053 554 1086 Et
575 1057 730 1096 tegumen
754 1054 864 1094 vestis,
887 1054 1007 1086 victum
1030 1054 1268 1097 hospitiumque
1292 1055 1458 1097 laremque

510 1106 561 1138 Ac
583 1106 728 1138 breviter
751 1109 855 1138 tactus
879 1106 971 1138 citius
994 1106 1055 1138 sibi
1078 1110 1168 1138 tanta
1189 1107 1324 1150 paravit,

510 1157 690 1201 Pauperies
713 1158 802 1190 illum
826 1162 990 1200 premeret
1012 1169 1053 1190 ne
1077 1158 1148 1190 dira
1169 1162 1331 1200 senectae,

510 1209 655 1242 Duceret
678 1213 712 1242 et
734 1213 888 1252 torquens
911 1210 1016 1242 aliena
1039 1221 1098 1253 per
1121 1211 1204 1242 ostia
1226 1215 1370 1253 egestas:

429 1274 468 1294 8⁷⁰
511 1262 584 1294 Hoc
608 1262 761 1304 exemplo
783 1262 908 1293 animos
931 1264 1044 1304 tangat
1067 1262 1231 1306 concussio
1254 1266 1388 1295 nostros,

511 1313 579 1346 Nos
603 1314 696 1345 nimis
720 1314 804 1345 heu!
827 1314 947 1355 miseri,
970 1314 1173 1346 lacrimarum
1195 1315 1325 1346 flumine
1347 1314 1445 1346 flendi

511 1365 674 1397 Virtutum
697 1375 834 1408 granum
856 1365 978 1397 nullum
1000 1375 1061 1398 nec
1083 1365 1241 1398 habemus
1264 1367 1393 1407 olivum,

512 1416 604 1454 Quae
628 1427 782 1460 superare
806 1417 927 1449 famem
950 1418 1081 1449 valeant
1102 1428 1162 1460 per
1185 1418 1293 1450 saecla
1315 1418 1464 1450 futuram.

510 1469 582 1502 Iam
603 1470 703 1502 iudex
727 1470 888 1502 rediturus
912 1470 1015 1511 adest,
1039 1471 1103 1503 iam
1127 1472 1302 1503 comminus
1324 1472 1433 1512 instat,

428 1534 467 1554 επ
512 1521 573 1554 Oui
595 1523 678 1554 ratio
701 1522 869 1554 reddenda
892 1523 1009 1565 gravis,
1033 1523 1084 1555 cui
1106 1534 1212 1555 sermo
1235 1523 1398 1564 ferendus,

512 1573 573 1606 Oui
594 1574 673 1606 nihil
697 1574 867 1615 occultum,
892 1575 942 1606 cui
965 1578 1080 1607 cuncta
1102 1575 1239 1607 obscura
1260 1578 1431 1618 patescunt

510 1625 608 1658 Nuda
631 1629 665 1658 et
686 1629 801 1669 aperta
824 1627 935 1668 oculis,
959 1627 1009 1659 cui
1032 1627 1120 1659 fraus
1142 1627 1230 1659 nulla
1252 1627 1437 1664 inficiatrix;

514 1679 613 1712 Teste
638 1682 716 1722 eget
738 1679 791 1711 hic
813 1680 916 1712 nullo:
942 1680 997 1722 qui
1019 1680 1175 1723 cognitor,
1197 1681 1268 1723 ipse
1291 1681 1420 1712 relator.

556 1739 684 1772 XXIX.
706 1739 781 1771 Istis
804 1739 1004 1783 temporibus
1028 1739 1193 1772 doctrinae
1216 1740 1371 1772 incumbit
1394 1744 1537 1782 egestam

429 1804 468 1824 sao
513 1791 580 1823 Ora
602 1790 808 1823 sacerdotum
833 1791 990 1823 damnosa
1013 1792 1144 1824 silentia
1166 1795 1309 1827 servant3

513 1843 575 1880 Qui
599 1846 691 1886 petat
714 1846 764 1875 est
786 1853 889 1884 rarus,
913 1843 1033 1875 tribuat
1056 1844 1120 1886 qui,
1143 1844 1254 1884 rarior,
1278 1854 1382 1875 esum:

514 1895 674 1938 Hancque
698 1894 818 1927 famem
843 1895 984 1938 typicam
1009 1895 1151 1927 carnalia
1173 1898 1266 1937 gesta
1287 1895 1435 1937 figurant.

514 1946 595 1979 Cum
618 1947 702 1989 petit
723 1945 841 1979 Helias
863 1946 961 1979 tribui
983 1947 1044 1979 sibi
1067 1947 1227 1989 fragmina
1249 1947 1351 1989 panis,

511 1999 678 2031 Ecclesiae
701 2009 848 2031 normam
870 1999 986 2031 mulier
1008 1998 1140 2031 viduata
1162 2002 1314 2040 retentat,

430 2063 469 2083 aaa
514 2050 606 2088 Quae
631 2050 695 2082 duo
718 2051 808 2093 ligna
831 2051 932 2083 crucis
955 2054 1079 2082 rectum
1103 2061 1296 2093 versumque
1319 2050 1462 2092 requirit,

514 2102 553 2134 In
576 2102 693 2145 quibus
715 2102 771 2134 illa
794 2106 912 2145 coquat
935 2103 1066 2134 vitalem
1089 2102 1208 2144 polline
1231 2112 1360 2144 panem,

511 2154 639 2197 Nempe
661 2154 761 2194 illum,
785 2155 884 2186 vitam
909 2155 964 2197 qui
986 2158 1100 2186 cuncto
1123 2154 1274 2196 praebuit
1296 2153 1382 2185 orbi:

511 2206 586 2238 Non
609 2206 681 2238 oleo
705 2207 816 2246 caruit,
841 2217 936 2249 quam
959 2210 1087 2239 sanctus
1110 2206 1238 2249 spiritus
1260 2206 1360 2237 unxit.

250 2343 300 2370 861
319 2345 506 2379 mangone-1.
518 2335 543 2370 A
631 2344 682 2370 877
701 2347 777 2371 faux
789 2345 814 2370 A
901 2344 952 2371 878
971 2345 1051 2371 „1011ss
1064 2345 1087 2370 A
1175 2342 1226 2370 878
1243 2345 1288 2377 qui
1306 2344 1342 2369 ,ει
1354 2343 1380 2368 A

250 2420 302 2448 8⁶6
324 2421 338 2448 1
356 2420 420 2450 nm.
445 2421 498 2454 θ,7
523 2420 595 2448 nihil
621 2421 768 2448 intulimus
791 2421 820 2448 in
844 2421 991 2453 mundum,
1019 2421 1089 2447 haut
1111 2420 1227 2447 dubium
1249 2419 1317 2454 quia
1338 2428 1389 2446 nec
1411 2420 1519 2446 auferre
1546 2420 1613 2454 quid
1641 2428 1794 2455 possumus.

147 2471 286 2499 861—8‘10
304 2472 372 2500 Luc.
386 2473 427 2506 16,
442 2473 519 2501 1—8.
588 2474 641 2501 864
658 2474 728 2501 Aen.
741 2473 789 2500 IV
798 2474 850 2500 402
868 2482 900 2500 ac
914 2473 991 2500 velut
1003 2473 1147 2507 ingentem
1166 2472 1297 2499 formicae
1314 2471 1394 2498 farris
1413 2480 1540 2499 acervum
1557 2472 1561 2507 Ι
1577 2481 1637 2498 cum
1657 2472 1795 2506 populant

147 2522 247 2550 hiemis
265 2531 399 2551 memores
421 2526 552 2559 tectoque
577 2527 725 2560 reponunt.
813 2526 864 2552 876
887 2525 955 2552 Luc.
976 2526 1016 2557 12,
1028 2525 1045 2551 2
1068 2524 1138 2551 nihil
1157 2525 1286 2559 opertum
1304 2525 1346 2550 est
1364 2523 1438 2558 quod
1456 2533 1512 2551 non
1541 2524 1680 2551 reveletur
1704 2533 1794 2559 neque

148 2574 342 2603 absconditum
366 2576 441 2611 quod
468 2585 525 2604 non
553 2577 666 2605 sciatur.
753 2577 803 2604 877
830 2577 960 2604 Rudent.
983 2576 1121 2612 Psychom.
1139 2576 1192 2603 630
1220 2575 1284 2602 fidei
1311 2575 1388 2602 fraus
1413 2575 1571 2602 inficiatrix.
1657 2576 1794 2602 879—909

149 2625 259 2661 Groyor.
280 2627 379 2655 Moral-
399 2627 485 2656 Vl‘tz
503 2628 558 2662 (M
577 2629 618 2662 76,
631 2630 694 2663 753)
716 2629 789 2656 sicut
812 2629 899 2656 fumes
922 2629 1012 2656 carnis
1035 2630 1078 2655 est
1102 2628 1288 2655 substractum
1312 2627 1466 2654 subsidium
1490 2627 1625 2663 corporis,
1649 2627 1691 2654 ita
1708 2628 1794 2654 fames

149 2679 250 2706 mentis
268 2681 311 2706 ent
331 2679 475 2707 silentium
497 2680 610 2708 divinae
636 2681 793 2708 locutionis.
880 2681 1018 2708 883-888
1043 2680 1139 2707 Isidor-
1159 2680 1272 2713 Alleqor.
1286 2680 1319 2706 95
1342 2679 1396 2713 (M.
1415 2679 1456 2711 83,
1472 2679 1534 2713 113)
1557 2678 1634 2706 Elias
1653 2679 1793 2706 Christum

149 2729 322 2758 demonstrat
340 2751 363 2758 ..
380 2732 414 2759 96
433 2731 526 2764 vidua,
548 2731 585 2759 ad
610 2741 694 2766 quam
718 2733 843 2760 mittitur
860 2733 1014 2768 pascendus
1038 2733 1066 2766 (3
1080 2732 1145 2766 Ray.
1165 2731 1206 2763 17,
1221 2732 1342 2764 10—16),
1361 2731 1476 2758 ecclesia
1501 2733 1556 2764 est,
1580 2731 1615 2758 ad
1639 2740 1722 2766 quam
1746 2740 1795 2766 per

149 2781 230 2809 fldem
255 2783 362 2810 venisse
386 2783 491 2818 legitur
507 2783 645 2815 Christum
668 2784 746 2811 cuius
770 2784 876 2811 farinae
900 2786 929 2811 et
951 2784 1013 2810 oleo
1037 2782 1213 2809 benedicitur
1240 2784 1268 2810 et
1294 2791 1349 2810 non
1377 2783 1484 2814 deficit,
1511 2783 1530 2809 i.
1556 2783 1649 2817 gratia
1671 2783 1793 2817 corporis

149 2833 253 2862 Christi
271 2836 301 2862 et
318 2834 475 2862 chrismatis
494 2835 598 2870 unctio,
617 2845 689 2870 quae
708 2837 768 2863 toto
786 2835 890 2862 mundo
909 2834 1036 2869 quotidie
1054 2834 1227 2869 impenditur
1245 2835 1274 2861 et
1291 2843 1443 2868 numquam
1462 2834 1606 2861 minuitur.
