2092 3094
779 201 827 229 AD
846 201 1024 229 KAROLUM
1042 201 1200 229 CALVUM.
1752 209 1813 240 253

531 288 654 322 Coetus
678 289 877 332 apostolicus
901 289 997 321 sertis
1021 290 1219 321 coelestibus
1242 290 1368 322 instans

527 341 672 380 Laudat,
696 341 828 381 adorat,
852 344 940 373 amat
963 341 1081 373 devoto
1103 344 1236 383 pectore
1259 345 1373 377 temet:

530 390 574 424 Et
596 393 748 436 princeps
771 392 916 424 Karolus
939 393 1032 424 vultu
1056 393 1246 436 speculatur
1269 397 1382 436 aperto

446 451 472 470 ¹⁰
530 444 652 483 Omns,
675 448 712 476 ut
734 448 843 476 tecum
866 445 954 476 vivat
976 445 1135 487 longevus
1157 445 1191 476 in
1214 455 1341 478 aevum.

527 594 694 634 Christus,
718 594 785 626 vita
807 594 993 633 hominum,
1018 595 1182 626 caelorum
1206 596 1308 637 gloria.
1332 606 1468 635 summa,

526 646 641 678 Librat
662 649 868 688 tetragonum
892 646 976 678 miro
1001 646 1189 678 discrimine
1213 647 1378 678 mundum.

527 715 652 748 Ordine
677 716 836 758 quadrato
859 716 958 748 variis
982 716 1114 759 depicta
1136 717 1248 758 figuris

574 768 717 810 Agmina
740 770 927 799 sanctorum
950 768 1071 810 gaudia
1093 779 1213 810 magna
1237 768 1357 800 vident.

457 827 469 845 ⁵
527 819 580 851 Ex
602 819 720 862 quibus
743 819 848 851 Isaias
871 819 981 851 divino
1005 830 1140 852 munere
1163 820 1276 860 fartus,

526 871 716 904 Hieremias
740 872 862 914 pariter
885 871 1005 903 domini
1029 872 1188 904 miracula
1210 873 1363 915 psallunt,

527 923 747 955 Hiezechihel
771 923 948 966 sedemque
971 923 1024 955 dei
1048 923 1205 956 describit
1228 927 1261 956 et
1283 925 1356 963 ista,

527 975 571 1007 Et
593 975 740 1008 Danihel
759 975 925 1008 Christum
949 980 1060 1009 narrat
1081 977 1123 1009 de
1146 980 1256 1009 monte
1280 977 1428 1009 recisum.

527 1027 715 1059 Humanum
739 1027 860 1060 Christi
883 1028 1040 1060 describit
1063 1029 1230 1061 Mattheus
1255 1031 1376 1065 ortum;

446 1086 471 1104 ¹⁰
530 1078 709 1111 scribendo
733 1081 878 1123 penitras
902 1081 1030 1112 coelum
1054 1083 1089 1112 tu
1113 1084 1237 1120 mente,
1259 1080 1440 1114 Iohannem

526 1130 617 1162 More
640 1130 718 1162 boat
740 1130 870 1163 Marcus
893 1131 1074 1164 frendentis
1097 1142 1176 1163 voce
1199 1132 1320 1168 leonis;

526 1181 633 1224 Mugit
656 1193 768 1215 amore
791 1183 844 1226 pio
868 1183 976 1215 Lucas
999 1184 1032 1215 in
1057 1184 1200 1216 carmine
1225 1183 1354 1215 Christi.

526 1233 654 1275 Pagina
677 1245 762 1266 nunc
786 1245 946 1277 praesens
970 1236 1091 1267 retinet
1114 1235 1288 1278 splendore
1313 1237 1460 1273 venusto,

574 1285 667 1322 Quae
690 1297 844 1329 proceres
869 1291 941 1319 octo
965 1298 1021 1319 ore
1044 1287 1098 1330 pio
1122 1287 1268 1319 reboant.

965 1392 1005 1414 w.

529 1435 679 1468 Christus
702 1439 738 1468 ut
760 1436 933 1469 humanam
957 1437 1058 1469 traxit
1081 1437 1122 1469 de
1145 1437 1270 1479 virgine
1292 1439 1429 1475 vestem,

527 1488 694 1521 Mattheus
717 1492 769 1521 ter
794 1489 903 1521 iuncto
929 1489 1093 1531 componit
1115 1489 1148 1520 in
1171 1489 1283 1521 ordine
1306 1491 1445 1531 patrum.

527 1540 609 1579 Hic,
632 1540 753 1573 deitate
777 1543 896 1584 potens
919 1543 1011 1573 actus
1035 1551 1116 1583 quos
1140 1541 1242 1583 gessit
1265 1541 1370 1578 Iesus,

528 1592 663 1624 Pandit:
688 1596 720 1624 et
743 1593 775 1624 in
798 1593 939 1625 hominis
964 1593 1107 1636 speciem
1131 1593 1318 1635 depingitur
1340 1592 1436 1624 idem.

459 1651 470 1668 ⁵
527 1643 633 1676 Multa
654 1643 796 1686 legenda
819 1644 882 1677 sibi
905 1645 996 1687 genti
1020 1644 1191 1690 descripsit
1214 1644 1380 1684 Hebreae,

526 1694 598 1732 Quo
621 1706 786 1738 nunquam
809 1696 892 1739 legis
915 1707 989 1729 sese
1013 1696 1205 1729 succumbat
1226 1697 1259 1728 in
1282 1696 1417 1728 umbris,

969 1806 1000 1828 V.

527 1849 593 1883 Hic
614 1850 667 1883 leo
690 1850 852 1894 surgendo
874 1854 985 1894 portas
1009 1851 1172 1894 confregit
1194 1850 1328 1890 Averni,

527 1901 591 1939 Qui
613 1912 789 1945 numquam
812 1902 941 1943 dormit,
964 1913 1126 1946 nusquam
1148 1902 1302 1935 dormitat
1324 1903 1357 1935 in
1379 1913 1509 1935 aevum.

968 2013 1010 2035 Vl.

527 2057 633 2089 Filius
656 2057 710 2089 hic
732 2057 822 2090 Petri
845 2057 994 2098 Marcus,
1019 2058 1095 2100 quia
1117 2058 1206 2090 fonte
1230 2060 1363 2090 renatus

525 2108 661 2141 Famine
683 2109 900 2152 praepulchro
924 2109 1114 2152 perstringit
1135 2109 1255 2152 gaudia
1278 2109 1382 2149 verbi,

526 2160 620 2198 Quae
643 2161 756 2193 didicit
779 2161 894 2194 sollers
916 2162 988 2204 ipso
1012 2164 1216 2194 monstrante
1240 2161 1396 2203 magistro

524 2212 670 2255 Pervigil
692 2212 841 2245 Italicam
864 2213 942 2245 fecit
965 2223 1160 2255 cognoscere
1183 2213 1324 2256 plebem.

458 2271 470 2289 ⁵
527 2263 683 2296 Terribili
707 2264 817 2307 specie
840 2264 989 2296 formaris
1012 2264 1074 2296 rite
1098 2264 1202 2296 leonis

525 2315 593 2354 Tu,
617 2315 693 2358 quia
716 2315 896 2348 terribilem
920 2315 1017 2358 fingis
1041 2316 1150 2358 rugire
1173 2315 1314 2348 leonem.

266 2442 322 2477 [lm]
335 2445 362 2478 s.
379 2444 405 2470 θ’
425 2444 518 2470 cahier
536 2445 573 2470 II
587 2445 636 2470 tab.
652 2444 703 2470 IV.
793 2445 843 2470 1.2
862 2445 990 2470 Christum
1003 2446 1095 2478 polum
1113 2445 1140 2470 in
1159 2445 1259 2476 dextra,
1276 2445 1304 2470 in
1322 2445 1426 2470 sinistra
1445 2446 1538 2471 librum
1557 2447 1674 2472 claueum
1691 2451 1812 2472 tenentem

163 2487 267 2520 cinyram
353 2486 406 2513 &4
423 2488 451 2513 in
467 2497 580 2521 paqmae
588 2488 735 2521 primordio
822 2487 840 2513 5
857 2489 934 2521 cingit
950 2489 1087 2521 imaqinem
1104 2497 1169 2520 quae
1187 2492 1223 2514 eat
1240 2497 1322 2521 cupra
1336 2488 1464 2513 Christum
1551 2488 1568 2514 6
1585 2497 1642 2515 eam
1660 2497 1724 2521 quae
1742 2493 1778 2514 eet
1795 2498 1813 2513 a

163 2529 255 2555 daura
276 2530 371 2556 Christi
457 2529 472 2556 7
491 2539 556 2564 quae
573 2535 610 2556 eet
627 2540 645 2556 a
662 2531 769 2556 sinislra
854 2530 872 2556 8
888 2539 954 2563 quae
969 2535 1004 2556 m
1021 2531 1096 2563 infra
1116 2531 1245 2556 Chrimm
1331 2530 1348 2555 9
1365 2539 1446 2564 cupra
1464 2540 1534 2563 eam,
1551 2540 1616 2564 quae
1633 2536 1669 2557 est
1686 2541 1768 2564 cupra
1785 2532 1813 2556 in

162 2573 266 2599 eivtietro
283 2574 399 2607 pagina«
421 2575 518 2607 angulo
613 2573 647 2599 10
667 2574 695 2599 in
719 2574 822 2599 ἀετῶν-ο
920 2572 951 2598 11
976 2574 1049 2607 infra
1073 2574 1101 2598 in
1125 2573 1227 2598 sinistro
1324 2572 1357 2599 12
1377 2574 1405 2599 in
1427 2574 1529 2599 deaetero
1626 2573 1710 2600 13.14
1727 2575 1814 2599 rubeus

163 2613 220 2649 [m]
240 2616 268 2649 s.
296 2616 337 2644 15⁴
363 2617 476 2649 eequim
505 2617 637 2642 elenchum
663 2616 791 2649 euwnqelii
817 2616 957 2642 secundum
984 2616 1144 2642 Mauhaeum
1285 2615 1332 2649 [v]
1353 2617 1381 2649 f.
1407 2616 1447 2642 16⁴
1474 2617 1550 2650 cingit
1573 2617 1653 2642 leonis
1678 2617 1814 2650 imaqinem

163 2656 220 2692 [vn]
232 2659 260 2692 s.
277 2657 320 2684 45¹
333 2663 395 2692 port
411 2659 543 2685 elenchum
561 2659 688 2692 eimnqelii
705 2659 844 2685 secumdum
863 2659 984 2684 Marcum

265 2751 321 2786 [nn]
339 2751 408 2780 3-8
425 2760 458 2779 2ae
474 2753 592 2780 Alcm'no
609 2753 626 2779 1.
646 2760 667 2780 ο.
682 2760 710 2786 p.
729 2753 781 2779 292
798 2760 835 2786 sq.
855 2752 923 2778 1—ss
940 2752 987 2778 ubi
1003 2751 1188 2779 inscribumw
1205 2752 1238 2778 In
1256 2752 1346 2778 fronte
1365 2752 1468 2780 codicis
1486 2753 1535 2779 isti
1554 2761 1648 2779 versus
1666 2753 1813 2785 habentur,

162 2802 211 2829 ubi
229 2802 323 2838 imago
341 2803 444 2831 Christi
462 2805 492 2831 et
508 2805 644 2838 quattuor
660 2803 897 2839 euangelistarum
919 2804 949 2830 et
967 2805 1101 2838 quattuor
1119 2803 1320 2838 prophetarum
1339 2803 1476 2838 imagines
1495 2804 1683 2836 continentur,
1701 2812 1723 2830 r.
1741 2805 1758 2831 5
1776 2806 1814 2830 eat

163 2854 286 2890 precelso
304 2855 437 2890 dogmate
456 2855 553 2885 fretus.
