2138 3106
304 172 321 201 3
331 173 336 200 Ι
346 171 364 201 8
904 167 1072 194 CARMINA
1092 166 1354 193 CENTULENSIA.

1094 311 1167 342 LX.

951 375 999 410 IN
1026 374 1321 412 LAVATORIO.

622 451 775 492 Corporis
799 450 853 481 hic
877 449 993 481 faciem
1018 449 1102 488 lavo,
1126 448 1184 480 sed
1207 450 1397 491 peccamina
1419 450 1537 481 mentis

662 502 795 539 Deluat,
821 511 877 532 oro
903 501 1042 540 humilis,
1067 500 1173 542 gratia
1197 510 1323 531 summa
1346 500 1409 532 dei.

665 561 811 605 [Delu<e)
837 571 941 603 aeque
965 571 1068 600 meae,
1093 571 1224 603 quaeso,
1249 571 1374 603 precor⁷
1399 559 1550 604 domine]

1086 769 1174 801 LXI.

893 833 1006 869 ITEM
1033 832 1098 868 AD
1128 832 1372 877 QVENDAM.

616 908 792 951 Fragmina
816 908 1007 951 cupressina
1030 908 1090 940 tibi
1114 919 1172 951 pro
1196 919 1334 941 munera
1355 908 1441 951 lego,

616 960 708 997 Quae
732 961 812 992 mihi
834 961 1010 992 mandasti:
1035 961 1171 1003 grafium
1195 971 1259 992 non
1285 962 1390 993 solum
1414 960 1455 992 ad
1477 960 1650 1003 agendum,

619 1013 685 1045 Sed
709 1025 726 1045 e
751 1024 815 1055 qua
838 1014 973 1055 ligulam
996 1014 1101 1055 possis
1126 1024 1321 1055 componere
1345 1014 1525 1056 pulchram,

619 1065 725 1101 Quam
748 1066 888 1107 geminis
914 1065 1024 1096 valeas
1049 1068 1185 1105 tantum,
1210 1075 1295 1104 care,
1320 1066 1481 1107 praebere
1505 1066 1634 1098 labellis

566 1124 577 1141 ⁵
614 1117 777 1160 Tempore
802 1117 904 1148 natali
928 1128 988 1148 nec
1013 1127 1078 1148 non
1100 1116 1260 1159 festisque
1285 1117 1410 1148 diebus.

618 1169 667 1200 Sit
690 1170 748 1200 tibi
772 1173 864 1211 grata
890 1169 980 1208 satis,
1005 1171 1137 1200 maneat
1159 1169 1379 1211 praestantior
1401 1179 1498 1206 auro3

618 1220 719 1252 Cuius
744 1221 843 1252 odore
866 1221 950 1252 bono
975 1231 1105 1263 semper
1128 1231 1262 1252 maneas
1287 1220 1450 1259 odoratus,

616 1273 795 1315 Usquequo
819 1273 962 1311 vitalem,
987 1277 1190 1316 praeceptor,
1215 1273 1358 1304 vesceris
1382 1283 1505 1306 auram.

1076 1487 1182 1520 LXII.

1030 1552 1045 1588 I
1073 1552 1104 1589 T
1133 1552 1160 1587 E
1188 1552 1235 1589 M.

616 1627 808 1670 Conquerar
831 1637 1007 1670 oppressus
1031 1626 1175 1670 incoepti
1198 1627 1288 1660 fasce
1311 1627 1469 1660 laboris?:

660 1679 769 1722 Cogor
793 1679 833 1710 ad
859 1679 1026 1711 insolitum
1051 1679 1204 1711 carminis
1229 1690 1329 1722 aeger
1351 1679 1468 1712 honus.

617 1731 804 1774 Optandum
829 1731 887 1763 sed
910 1731 999 1763 enim
1021 1732 1110 1763 lassa
1133 1731 1260 1763 cervice
1284 1731 1399 1772 foveri,

660 1784 820 1815 Infestam
845 1783 967 1815 domini
990 1793 1086 1825 quam
1110 1783 1250 1815 tolerare
1274 1794 1414 1816 manum.

567 1843 578 1860 ⁵
617 1836 712 1868 Unde
736 1836 843 1868 libens
867 1835 977 1877 capias
1002 1835 1112 1867 devoti
1136 1846 1252 1867 munus
1276 1835 1372 1867 amici

662 1890 705 1921 Et
726 1890 802 1921 licet
825 1889 966 1931 indignis
990 1889 1168 1921 laetificare
1192 1889 1286 1921 datis.

1066 2115 1191 2147 LXIII.

877 2179 1063 2215 VERSVS
1090 2179 1152 2214 DE
1181 2178 1382 2214 CVCVLO.

616 2252 702 2283 Dum
726 2255 851 2294 perstat
874 2253 1009 2285 cuculus
1033 2256 1169 2285 cantans
1194 2252 1324 2286 Cereris
1348 2253 1417 2284 sine
1442 2256 1588 2296 sumptu:

661 2304 756 2336 Stant
780 2305 878 2337 etiam
902 2306 995 2337 multi
1018 2308 1196 2348 pertenues
1220 2304 1343 2337 famuli.

616 2357 699 2388 Cum
723 2357 867 2389 faustum
893 2361 1018 2390 remeat
1041 2361 1182 2400 tempus,
1208 2357 1273 2389 iam
1297 2357 1440 2389 concidit
1462 2357 1533 2388 eius

657 2409 794 2441 Pressus
818 2412 895 2441 tunc
920 2413 1049 2441 cantus:
1074 2409 1168 2452 plebs
1192 2409 1308 2441 iubilat
1332 2410 1459 2441 misera.

565 2469 576 2487 ⁵
613 2462 758 2494 Alternis
782 2462 909 2494 vicibus
934 2463 980 2494 sic
1004 2462 1145 2505 denique
1170 2454 1318 2505 tempora
1341 2465 1484 2501 currunt,

659 2514 778 2556 Sicque
803 2515 901 2546 etiarn
925 2518 1029 2547 restat
1052 2525 1181 2548 currere
1206 2515 1296 2547 calce
1320 2518 1425 2546 tenus.

406 2676 480 2710 [LX]
499 2676 516 2701 2
533 2677 601 2709 gutia
620 2676 644 2701 B
747 2677 764 2702 3
783 2678 958 2711 dilloyraplzia
976 2683 1012 2703 est
1029 2687 1116 2703 versus
1134 2678 1151 2704 2
1206 2679 1333 2715 delugque
1351 2678 1377 2703 Β
1395 2688 1461 2704 corr.
1482 2679 1580 2704 Beuum.

406 2720 492 2753 [LXI]
521 2720 534 2745 l
562 2720 719 2754 cupressina]
745 2730 778 2747 na
802 2722 830 2746 in
854 2730 907 2747 rae.
931 2722 957 2747 B
1051 2731 1159 2748 munera
1181 2723 1216 2747 sic
1239 2722 1265 2747 B
1411 2721 1429 2748 4
1450 2722 1634 2755 heptametrum
1665 2722 1759 2748 invitm
1785 2721 1888 2747 admisit
1909 2722 1958 2747 tiro

302 2763 317 2790 7
337 2764 411 2789 odere
430 2763 455 2788 Β
473 2772 539 2789 corr.
559 2763 657 2789 Betlzm.

406 2805 505 2839 [LXIL]
525 2806 540 2831 G
559 2807 695 2832 laetificare
714 2807 737 2832 B
