2060 3074
751 178 796 204 DE
815 177 1043 205 SOBRIETATE
1062 178 1170 205 LIBER
1182 178 1204 205 Ι.
1740 181 1801 210 621

517 264 622 296 Uvam
645 275 741 307 quam
764 264 898 304 mandis,
923 275 986 307 qua
1009 265 1076 296 nati
1099 264 1197 296 dente
1221 267 1420 307 stupescunt,

517 316 589 348 Uva
611 317 692 348 haec
715 319 765 348 est
788 316 948 353 Ghristus;
971 328 1057 348 mors
1081 320 1131 349 est
1151 318 1300 350 iuvenilis
1322 318 1450 350 acerba.

435 388 473 407 iso
559 375 634 406 VII.
658 375 743 407 Hinc
767 375 934 407 Sodomita
956 379 1045 407 satur
1067 376 1235 419 nimiisque
1259 379 1412 419 gravatus
1435 378 1468 408 in
1491 377 1582 416 escis,

518 427 623 463 Quem
647 430 769 459 cremat
790 428 891 468 ignito
914 428 1073 459 lutulenta
1096 428 1211 461 ardore
1234 429 1345 469 libido,

518 479 581 510 Pro
604 479 719 510 merito
741 479 847 521 periit,
871 479 946 521 quia
969 480 1122 522 sulphure
1146 483 1255 512 coctus
1278 484 1312 512 et
1334 481 1408 522 igne
1433 484 1492 521 est,

517 531 666 573 Totaque
688 531 870 573 pentapolis
891 531 1020 562 fervens
1043 531 1158 563 ardore
1181 535 1315 574 putente

517 583 629 625 Usque
652 582 748 614 hodie
772 583 909 625 praebet
931 583 1129 615 monimenta
1151 584 1315 616 tuentibus
1338 585 1452 627 ipsam⁷

396 650 415 653 ff*
436 648 472 667 ¹8⁵
516 635 603 666 Dum
625 635 729 676 gignit
751 635 872 666 fructus
894 635 1017 666 incerto
1041 638 1187 677 tempore
1210 636 1340 668 inertes.

515 687 788 728 Figmentumque
811 686 887 717 salis
910 687 1049 718 coniunx
1072 690 1196 718 mutata
1218 698 1352 729 sapores

515 739 680 771 Mentibus
702 738 853 775 infundit;
877 739 966 770 cuius
990 739 1174 771 meminisse
1198 750 1333 771 necesse
1358 743 1416 780 est,

517 791 551 822 Si
573 790 727 822 mundum
750 791 866 833 refugo
889 791 998 833 cupias
1021 794 1094 833 post
1119 791 1266 833 linquere
1293 795 1396 833 tergo.

516 842 674 874 Laudabo
698 845 732 874 et
754 842 907 885 plangam
930 846 973 883 te,
997 842 1093 883 Loth,
1117 843 1301 885 patriarcha
1323 843 1432 883 beate,

435 908 474 928 ιω
516 895 656 926 Vincere
679 895 860 937 praevaluit
883 905 979 937 quem
1002 905 1066 926 non
1089 894 1303 927 Sodomiticus
1327 895 1431 935 ardor,

516 946 590 978 Non
612 947 866 989 ignis,·patriam
889 946 942 988 qui
965 949 1067 978 totam
1090 946 1269 989 absumpsit
1291 947 1424 979 avitam:

517 998 604 1030 Dum
626 998 732 1040 Segor
754 1008 774 1029 a
796 998 897 1030 vitula
920 1001 994 1040 post
1017 1001 1244 1030 consternante
1267 999 1394 1030 recedis

516 1049 571 1081 Ad
592 1053 735 1082 montem
759 1049 928 1091 aufugiens
951 1050 1117 1090 virtutum,
1141 1050 1279 1082 culmine
1303 1051 1335 1082 in
1358 1051 1428 1092 ipso

517 1101 686 1142 fflerneris,
710 1101 775 1133 heu
797 1101 894 1133 nimio
918 1101 994 1133 dum
1017 1101 1088 1144 figis
1111 1101 1219 1133 bassia
1242 1101 1382 1142 Baccho,

437 1166 474 1186 m
516 1153 560 1185 Et
582 1153 664 1184 tales
686 1163 826 1195 generas
848 1156 942 1185 natos
964 1153 1102 1185 natabus
1126 1154 1167 1186 ab
1191 1154 1280 1196 ipsis,

518 1203 699 1237 Ecclesiam
722 1204 843 1237 domini
867 1205 920 1247 qui
942 1215 1007 1237 non
1029 1205 1149 1237 intrare
1172 1209 1346 1238 merentur.

559 1265 653 1296 VIII.
676 1265 748 1305 Die,
771 1268 900 1297 saetose
922 1265 1020 1306 Esau,
1044 1266 1142 1308 plena
1165 1266 1284 1298 confise
1308 1266 1472 1309 pharetra,

517 1317 604 1349 Dum
626 1317 713 1349 redis
736 1317 889 1358 esuriens,
913 1318 1073 1350 venabula
1096 1329 1188 1350 cassa
1210 1321 1389 1360 reportans,

520 1370 688 1402 Primitiva
711 1372 767 1402 tua
789 1380 873 1412 quae
895 1369 1039 1402 vendere
1063 1380 1159 1402 causa
1181 1370 1326 1412 subegit:

433 1434 472 1454 πω
515 1421 591 1454 Vile
613 1421 707 1453 holus
729 1431 814 1454 anne
837 1421 923 1454 cicer
944 1431 1002 1454 seu
1025 1421 1120 1454 lentis
1143 1422 1247 1454 coctio
1270 1421 1409 1454 rubrae?

517 1473 681 1516 Ingluvies
703 1474 834 1514 ventris,
858 1483 941 1516 quae
964 1473 1189 1516 gastrimargia
1212 1473 1338 1506 Achivo

256 1602 305 1629 178
322 1603 408 1637 quam]
427 1612 496 1637 quae
513 1604 593 1637 (quod
610 1604 669 1630 item
687 1604 761 1630 habet
773 1603 810 1636 Ε)
829 1613 897 1630 corr.
911 1604 935 1629 A
1025 1603 1074 1630 194
1092 1604 1205 1635 Stcneris
1217 1603 1242 1628 A

227 1679 230 1681 ’
256 1679 306 1706 178
323 1679 416 1707 Eaeech.
434 1680 476 1712 18,
487 1680 505 1707 2
528 1679 703 1715 proverbium
726 1679 815 1707 istud:
841 1682 934 1715 patres
954 1680 1134 1708 comederunt
1151 1689 1234 1707 uvam
1252 1680 1381 1707 acerbam
1399 1681 1429 1707 et
1447 1681 1544 1707 dentes
1563 1681 1683 1708 filiorum
1707 1682 1804 1708 obstu-

152 1732 278 1765 pescunt.
366 1731 416 1758 179
439 1731 658 1759 Pseudo-Melite
676 1732 726 1759 102
743 1731 835 1765 (Nm
852 1731 943 1767 Spica.
964 1732 1070 1759 Solem».
1090 1731 1198 1765 11455)
1226 1740 1281 1758 uva
1299 1731 1432 1759 Christus.
1530 1733 1579 1759 181
1607 1733 1693 1760 Prud.
1712 1733 1757 1760 Ps.
1770 1734 1804 1760 87

152 1782 295 1810 lutulenta
312 1782 466 1817 (luculenta
483 1784 553 1811 male
570 1783 688 1818 Drmd)
706 1783 795 1811 libido
812 1784 858 1817 (x.
877 1783 1099 1817 Sodomitarum).
1171 1783 1220 1811 183
1239 1783 1304 1817 Sap.
1326 1784 1366 1817 10,
1379 1784 1396 1810 6
1414 1783 1482 1810 baec
1502 1783 1607 1810 iustum
1625 1792 1642 1810 a.
1660 1784 1804 1818 pereunti-

153 1833 204 1861 bus
221 1833 316 1869 impiis
333 1834 466 1863 liberavit
482 1834 638 1870 fugientem
656 1835 842 1862 descendente
866 1835 932 1870 igne
950 1835 980 1862 in
999 1835 1183 1870 pentapolim.
1219 1835 1235 1861 7
1254 1835 1356 1869 quibus
1379 1835 1409 1862 in
1440 1836 1632 1863 testimonium
1658 1836 1802 1870 nequitiae

153 1885 356 1921 fumigabunda
385 1889 495 1915 constat
528 1887 638 1914 deserta
672 1889 748 1915 terra
777 1888 806 1914 et
836 1887 942 1914 incerto
972 1888 1098 1921 timpore
1128 1887 1235 1914 fructus
1265 1887 1400 1914 habentes
1430 1887 1541 1914 arbores
1572 1889 1601 1914 et
1630 1887 1802 1915 incredibilis

153 1937 264 1965 animae
287 1939 436 1966 memoriae
459 1941 537 1967 stans
559 1939 722 1974 figmentum
745 1938 820 1965 salis.
917 1939 968 1965 188
994 1937 1091 1964 nidor.
1115 1938 1278 1972 Alkyonae
1299 1938 1408 1973 (Hique
1429 1938 1489 1971 105)
1513 1947 1582 1965 uxor
1606 1938 1678 1966 Loth
1706 1947 1801 1966 eorum

153 1989 246 2017 tenuit
272 1991 385 2025 typum,
416 1991 466 2025 qui
492 1999 543 2026 per
566 1991 688 2026 gratiam
716 1990 761 2017 dei
786 1990 877 2017 vocati
903 1989 1080 2024 postmodum
1106 1990 1180 2016 retro
1204 1989 1366 2023 respiciunt.
1462 1990 1511 2016 192
1541 1990 1695 2025 Hieronym.
1718 1991 1800 2018 Hebr.

151 2043 253 2075 quana
274 2041 306 2068 in
325 2050 412 2076 qenes.
431 2042 519 2074 19,3o
541 2042 771 2077 respondebimus
796 2050 890 2069 veram
918 2050 976 2069 esse
1000 2041 1079 2068 illam
1104 2041 1294 2068 Hebraeorum
1321 2042 1508 2069 coniecturam
1537 2042 1572 2069 de
1597 2043 1696 2077 Segor,
1725 2044 1798 2078 quod

153 2092 314 2127 frequenter
339 2094 430 2121 terrae
453 2095 533 2121 motu
560 2094 677 2121 subruta
701 2094 767 2121 Bale
791 2094 910 2128 primum
935 2095 964 2120 et
986 2094 1086 2128 postea
1109 2093 1200 2120 Salisa
1223 2093 1368 2128 appellata
1391 2093 1443 2125 sit;
1470 2093 1506 2120 id.
1530 2094 1568 2120 ad
1592 2095 1659 2126 14‚3
1686 2096 1803 2123 tradunt

153 2144 272 2172 Hebraei
290 2145 364 2173 hanc
382 2145 499 2172 eandem
517 2145 547 2173 in
564 2145 621 2172 alio
645 2145 845 2180 scripturarum
870 2146 930 2172 loco
949 2145 1040 2172 salisa
1064 2144 1202 2172 nominari
1226 2145 1337 2179 dicique
1355 2154 1463 2172 rursum
1481 2145 1591 2180 μόσχον
1616 2146 1802 2182 τριετίζουσαν

153 2196 173 2224 i.
190 2197 310 2225 vitulum
335 2199 546 2226 conternantem
568 2199 805 2232 (consternantem
829 2197 902 2225 codd.
925 2197 1026 2232 aliquot
1049 2196 1127 2231 apud
1151 2196 1375 2231 Martianaeum).
1463 2198 1600 2224 197—213
1625 2197 1691 2225 Gon.
1710 2199 1752 2231 25,
1766 2200 1799 2226 21

152 2248 298 2284 (ἀοιιὺκιι)
315 2249 395 2277 dedit
411 2251 576 2285 conceptum
595 2250 744 2278 Rebeccae.
779 2250 814 2277 22
837 2249 883 2276 sed
910 2249 1114 2276 collidebantur
1137 2248 1167 2275 in
1191 2249 1270 2275 utero
1293 2248 1352 2275 eius
1375 2248 1498 2283 parvuli;
1523 2257 1596 2283 quae
1619 2249 1660 2276 ait
1678 2270 1702 2277 ..
1722 2250 1799 2284 ‘quid

153 2309 264 2329 necesse
281 2301 338 2328 tuit
357 2301 530 2338 concipere?
555 2323 579 2330 ..
599 2302 636 2330 23
658 2294 808 2336 (achaiam)
826 2301 995 2336 respondens
1018 2301 1072 2328 ait:
1097 2321 1121 2328 ..
1144 2300 1241 2327 ‘maior
1267 2299 1370 2327 serviet
1397 2299 1507 2328 minori*
1595 2301 1629 2328 25
1654 2301 1702 2335 qui
1726 2301 1802 2336 prior

154 2360 280 2387 egressus
297 2354 348 2386 est,
365 2374 373 2381 .
384 2373 390 2380 .
409 2355 471 2381 erat
487 2355 564 2382 totus
582 2354 612 2381 in
630 2362 734 2382 morem
753 2354 836 2389 pellis
854 2353 982 2388 hispidus
1000 2354 1186 2387 vocatumque
1205 2353 1247 2379 est
1265 2351 1324 2378 eius
1343 2359 1444 2379 nomen
1462 2351 1545 2379 Esau.
1580 2352 1708 2387 protinus
1727 2353 1800 2380 alter

154 2404 300 2440 egrediens
318 2405 446 2440 plantum
463 2406 558 2433 fratris
575 2406 691 2434 tenebat
709 2415 794 2433 manu
812 2407 842 2433 et
859 2405 962 2432 idcirco
980 2405 1137 2440 appellavit
1155 2413 1218 2431 eum
1238 2403 1329 2430 Iacob,
1355 2423 1362 2430 .
1374 2423 1381 2430 .
1398 2403 1432 2429 2⁷
1452 2423 1459 2431 .
1470 2423 1477 2430 .
1495 2403 1586 2430 factus
1606 2405 1648 2431 est
1665 2403 1740 2431 Esau
1760 2404 1802 2431 vir

153 2464 258 2491 guarus
275 2456 396 2484 venandi
415 2477 439 2486 ..
457 2458 492 2485 29
509 2458 586 2485 coxit
603 2458 685 2486 Iacob
705 2458 894 2493 pulmentum;
917 2457 954 2484 ad
979 2465 1063 2492 quem
1088 2466 1149 2484 cum
1171 2455 1291 2483 venisset
1309 2455 1385 2482 Esau
1411 2455 1446 2482 de
1464 2463 1532 2490 agro
1556 2455 1660 2488 lassus,
1683 2455 1737 2483 ait:
1757 2456 1802 2483 ‘da

154 2507 223 2535 mihi
240 2508 276 2536 de
293 2509 420 2536 coctione
444 2509 497 2537 bac
518 2510 598 2537 rufa'.
631 2530 653 2538 ..
671 2510 704 2537 31
728 2509 773 2537 cui
797 2509 870 2536 dixit
891 2509 986 2537 Iacob:
1012 2508 1110 2536 ‘vende
1135 2507 1204 2534 mihi
1229 2507 1418 2542 primogenita
1441 2507 1498 2534 tua·
1523 2528 1544 2535 ..
1558 2527 1565 2534 .
1591 2508 1626 2534 33
1650 2509 1679 2534 et
1697 2500 1801 2541 (Esau)

153 2559 282 2587 vendidit
298 2560 494 2596 primogenita.
529 2562 564 2589 34
582 2563 612 2589 et
628 2562 668 2589 sic
684 2563 800 2596 accepto
819 2582 825 2588 .
836 2582 842 2589 .
860 2561 944 2589 lentis
963 2561 1055 2588 edulio
1074 2582 1080 2588 .
1092 2581 1098 2588 .
1120 2560 1199 2587 abiit.
1235 2560 1276 2591 27,
1291 2561 1305 2586 1
1325 2580 1348 2586 ..
1369 2559 1446 2586 Isaac
1464 2579 1471 2586 .
1483 2579 1489 2586 .
1508 2558 1619 2586 vocavit
1636 2558 1711 2586 Esau
1729 2579 1753 2587 ..
1772 2561 1802 2587 et

154 2611 228 2640 dixit
245 2612 271 2639 ei
359 2613 378 2640 3
401 2616 486 2640 ‘nume
509 2634 533 2641 ..
557 2613 719 2648 pharetram
745 2634 770 2641 ..
795 2615 825 2641 et
847 2613 978 2648 egredere
1001 2613 1075 2640 foras
1101 2633 1123 2639 ..
1147 2613 1166 2639 4
1182 2612 1228 2638 fac
1252 2611 1319 2638 mihi
1345 2610 1529 2645 pulmentum·
1553 2629 1576 2637 ..
1599 2611 1617 2637 5
1639 2610 1713 2645 quod
1738 2619 1801 2638 cum

155 2663 279 2692 audisset
296 2664 423 2692 Rebecca
439 2673 460 2692 ι,
478 2673 502 2699 q.
521 2673 542 2692 ε.
560 2665 603 2697 27,
615 2665 650 2693 36
667 2665 761 2699 (Esau
779 2666 847 2699 att).-
870 2665 952 2692 *iuste
970 2666 1098 2692 vocatum
1122 2665 1165 2691 est
1182 2670 1282 2690 nomen
1306 2662 1366 2689 eius
1383 2661 1479 2689 Iacob:
1506 2661 1703 2696 supplantavit
1726 2661 1801 2689 enim

154 2723 198 2743 me
221 2723 256 2743 en
286 2716 377 2744 altera
400 2717 472 2744 vice:
499 2717 687 2752 primogenita
717 2725 779 2744 mea
803 2718 871 2744 ante
896 2717 965 2744 tulit
988 2718 1017 2743 et
1044 2724 1118 2743 nunc
1142 2714 1263 2743 secundo
1288 2713 1425 2748 surripuit
1446 2713 1670 2741 benedictionem
1693 2714 1800 2741 mem·

154 2767 297 2802 Amudin.
312 2767 366 2796 060.
383 2767 427 2796 dei
441 2768 560 2796 XV13'1
578 2768 628 2796 ubi
645 2768 777 2796 discimus
795 2767 825 2795 in
843 2767 979 2795 vescendo
998 2776 1054 2794 non
1072 2766 1128 2794 cibi
1146 2775 1256 2802 genere,
1275 2765 1323 2794 sed
1335 2765 1474 2793 aviditate
1485 2765 1643 2794 inmodesta
1660 2774 1800 2800 quemque

155 2818 333 2854 culpandum.

258 2870 362 2898 Poena
379 2878 464 2898 urm
482 2879 542 2898 uvi
557 2866 684 2899 'cauom
701 2871 750 2904 111,
768 2871 794 2899 2.
1562 2870 1595 2896 79
