2040 2996
301 155 360 184 190
856 150 999 178 SEDULII
1019 150 1146 178 SCOTTI
1165 149 1333 177 CARMINA
1351 150 1385 176 Π.

660 238 801 269 Dulcida
824 249 899 280 spes
922 238 1029 269 fuerat
1052 237 1175 276 matris,
1200 237 1359 278 genitoris
1384 240 1416 268 et
1440 237 1526 276 almi,

578 297 603 315 *2⁰
708 289 822 321 Indole
846 290 1014 332 praeclara
1037 289 1169 321 dulcida
1193 300 1269 331 spes
1293 288 1409 320 fuerat.

660 342 824 383 Dogmata
850 342 926 373 dum
950 341 1063 373 didicit
1087 341 1205 372 divinis
1230 340 1334 372 indita
1357 340 1466 379 biblis,

709 392 868 425 Caelestis
894 394 979 425 vitae
1003 393 1157 435 dogmata
1181 392 1257 424 dum
1282 392 1406 430 didicit,

660 445 781 476 Mentis
807 448 839 476 et
861 445 893 476 in
918 445 1050 487 speculo
1076 444 1238 486 sapientia
1262 446 1409 475 creverat
1433 443 1529 481 alma,

707 496 818 528 Crevit
841 507 933 527 amor
957 496 1078 528 Christi
1103 496 1221 527 mentis
1246 499 1279 527 et
1302 495 1335 526 in
1360 495 1504 537 specuIO.

578 556 602 573 2⁵
660 548 829 590 Florigera
851 548 962 591 specie
986 548 1136 580 radiabat
1159 548 1251 590 virgo
1275 546 1402 585 decora,

709 600 850 632 Cunctas
874 601 1066 643 praestabat
1089 600 1242 642 florigera
1265 600 1386 642 specie.

660 651 802 684 Vincere
824 652 889 683 tale
913 651 1014 684 decus
1038 662 1098 683 nec
1122 652 1190 683 lilia
1214 662 1273 683 nec
1296 661 1372 682 rosa
1396 650 1506 692 quivit,

706 703 883 735 Pulchrum
907 703 1010 734 nescit
1033 702 1114 734 ebur
1138 702 1267 734 vincere
1292 701 1357 733 tale
1381 701 1491 733 decus.

660 755 813 787 Fulserat
836 755 988 787 assimilis
1013 755 1104 786 cuius
1130 754 1189 786 sed
1211 754 1330 786 mentis
1353 753 1522 791 honestas,

578 814 603 832 ³⁰
707 807 866 849 Angelico
890 806 1000 838 decori
1025 806 1162 838 fulserat
1185 805 1350 838 assimilia.

660 858 827 901 Lampade
850 858 985 890 mirifica
1009 858 1164 889 virtutum
1188 867 1328 899 namque
1352 857 1504 896 micabat,

708 911 841 942 Pollens
866 910 1000 952 sophiae
1025 909 1177 952 lampade
1202 909 1347 940 mirifica.

662 962 788 994 Cuncta
811 973 868 1005 per
892 972 948 994 ora
972 962 1061 993 volat
1085 965 1161 993 tunc
1186 961 1258 992 laus
1284 964 1316 992 et
1338 961 1442 1003 gloria
1465 961 1557 992 cuius

706 1013 935 1056 Nobilitasque
959 1017 1076 1056 potens
1101 1016 1217 1044 cuncta
1241 1023 1300 1055 per
1322 1023 1379 1044 ora
1403 1013 1501 1044 volat.

578 1073 602 1091 ³⁵
662 1066 767 1103 Quam
791 1066 864 1108 pius
887 1065 1084 1097 altithronus
1108 1065 1305 1107 sapiensque
1329 1064 1502 1096 Lotharius
1526 1068 1652 1106 optans.

708 1118 821 1160 Elegit
845 1117 970 1149 Caesar
993 1127 1090 1159 quam
1115 1117 1188 1159 pius
1212 1116 1418 1148 altithronus.

662 1170 925 1212 Caesareumque
950 1169 1050 1201 decus
1077 1180 1152 1200 mox
1175 1169 1259 1200 hanc
1282 1168 1429 1200 decrevit
1453 1168 1575 1200 habere

707 1222 891 1254 Rectricem
914 1222 1043 1254 niveam
1068 1221 1335 1263 Caesareumque
1359 1220 1469 1252 decus.

664 1273 735 1306 Nec
759 1274 898 1306 similem
924 1274 1038 1305 habuit
1063 1274 1123 1305 sub
1149 1273 1232 1305 caeli
1256 1272 1388 1304 cardine
1413 1271 1563 1311 mundus,

578 1333 603 1351 ⁴0
707 1325 803 1357 Ullus
827 1329 861 1357 et
884 1325 1052 1367 Augustus
1076 1336 1137 1356 nec
1162 1325 1303 1356 similem
1327 1324 1455 1356 habuit:

659 1377 746 1409 Huic
768 1378 847 1409 licet
869 1377 1024 1408 assimilis
1049 1376 1197 1408 videatur
1219 1376 1370 1418 Eydoxia
1394 1375 1525 1414 rectrix,

707 1429 781 1460 Non
804 1432 914 1461 tamen
938 1429 1095 1471 aequalis,
1119 1428 1195 1460 huic
1218 1428 1296 1460 licet
1319 1428 1484 1460 assimilis.

661 1481 721 1513 Est
744 1481 876 1524 pietatis
901 1492 1023 1520 amans,
1047 1484 1097 1512 est
1119 1480 1238 1512 nobilis
1262 1480 1345 1512 haec
1369 1479 1576 1517 dominatrix,

710 1533 809 1564 Casta
832 1532 949 1575 pudica
972 1533 1080 1565 nitens
1103 1535 1153 1564 est
1175 1532 1308 1574 pietatis
1333 1542 1457 1563 amans.

579 1593 603 1611 4⁵
663 1585 810 1617 Candida
833 1585 1007 1627 progenies
1031 1584 1226 1616 Ludewicus
1249 1583 1381 1615 Lucifer
1404 1583 1491 1614 orbis

708 1637 761 1668 Ex
784 1637 845 1668 hac
869 1640 919 1668 est
943 1640 1053 1668 natus:
1079 1635 1217 1668 candida
1240 1635 1427 1678 progenies.

660 1689 763 1721 Totus
787 1692 820 1721 et
843 1689 932 1721 orbis
957 1692 1032 1720 ovat
1055 1688 1113 1720 tali
1137 1688 1274 1720 rectrice
1298 1687 1424 1727 beatus,

708 1740 830 1774 Omnes
855 1740 1079 1780 Christicolae,
1102 1742 1189 1772 totus
1214 1742 1247 1772 et
1269 1738 1355 1771 orbis
1379 1742 1463 1771 ovat.

1086 1853 1160 1877 XXV.

848 1904 910 1938 AD
934 1904 1205 1938 LOTHARIUM
1228 1902 1396 1937 REGEM.

660 1960 779 1994 Tollite
804 1971 861 1994 vos
885 1966 1007 2005 portas,
1031 1961 1139 1994 aditus
1164 1962 1290 2004 aperite
1314 1962 1474 2001 volentes,

706 2015 850 2055 Fratres,
875 2014 1036 2046 Caesareo
1060 2014 1203 2057 psallite,
1227 2024 1360 2056 quaeso,
1384 2014 1462 2046 viro.

661 2067 783 2098 Omnes
808 2070 990 2099 cantemus:
1014 2067 1126 2098 multis
1148 2066 1291 2098 feliciter
1313 2066 1407 2097 annis

708 2118 783 2150 Rex
806 2118 893 2149 vivat
916 2119 1023 2149 valeat
1047 2118 1156 2150 vincat
1180 2118 1303 2149 honore
1327 2117 1423 2149 cluat.

598 2184 601 2193 ·
660 2169 758 2201 Hunc
781 2170 932 2201 iuvenem
957 2170 1078 2212 populo
1103 2180 1270 2209 conserva,
1295 2168 1436 2207 Christe,
1463 2179 1644 2212 precamur,

709 2221 772 2258 Qui
795 2221 910 2264 dignus
934 2222 1074 2264 patrium
1099 2222 1141 2253 sit
1163 2222 1301 2253 retinere
1325 2221 1494 2255 thronumz

661 2274 809 2306 Floridus
833 2277 869 2306 ut
893 2274 1020 2316 palmes
1043 2274 1152 2305 fructu
1176 2273 1337 2305 redundet
1361 2273 1483 2315 opimo,

707 2325 797 2358 Uvas
820 2326 964 2358 iustitiae
989 2326 1150 2368 germinet
1174 2329 1272 2367 atque
1296 2335 1415 2361 novas;

661 2377 800 2409 Ostrifer
823 2378 855 2409 in
878 2377 975 2410 bellis
999 2377 1042 2409 sit
1065 2376 1293 2408 cornu-victor
1316 2376 1437 2415 ovanti,

579 2437 602 2456 10
706 2430 823 2461 Nullus
847 2430 877 2461 ei
901 2433 1018 2461 noceat
1042 2429 1090 2460 sol
1114 2439 1219 2471 neque
1243 2429 1332 2469 luna,
1355 2438 1447 2470 rogo·

660 2480 800 2512 Fascina
823 2480 981 2519 detrecta,
1006 2480 1106 2519 salve,
1131 2491 1190 2512 rex
1213 2480 1335 2520 inclite,
1361 2480 1451 2511 salve

708 2532 880 2575 Sceptrum
905 2533 1044 2564 chrisma
1068 2532 1168 2574 patris
1192 2532 1322 2563 moenia
1345 2542 1446 2573 regna
1469 2534 1596 2564 tenens.

396 2644 427 2669 21
442 2645 560 2670 docmata
569 2654 635 2670 corr.
647 2646 669 2670 (J
746 2644 780 2670 22
792 2645 909 2671 docmata
919 2645 1018 2678 passim
1029 2645 1051 2670 C
1129 2643 1162 2670 47
1175 2645 1248 2670 beata
1258 2644 1280 2669 G
1288 2653 1354 2670 corr.
1366 2643 1477 2669 Pirerme
1601 2644 1684 2678 [xxia]
1703 2645 1743 2670 ed.
1754 2645 1866 2670 Pii-emm
1873 2653 1904 2678 p.
1913 2643 1946 2671 57

294 2687 310 2711 6
329 2688 449 2712 thronum
467 2697 498 2712 en:
516 2689 609 2713 donum
625 2689 646 2713 C!
732 2688 764 2713 10
782 2690 805 2715 ci
829 2693 920 2714 noceat
938 2687 1061 2721 Pir-enne]
1081 2692 1197 2714 emouout
1212 2687 1234 2712 C
1321 2686 1350 2711 ll
1370 2685 1495 2712 *Fascina
1517 2686 1637 2720 den-ecta]
1656 2688 1764 2713 Fascino
1787 2696 1835 2713 nec
1857 2688 1912 2721 regi
1926 2687 1949 2713 C

295 2730 401 2755 Francia
422 2731 461 2755 die
480 2731 533 2763 regi
555 2731 702 2756 Duemmler
790 2731 822 2757 12
840 2733 908 2765 paris
927 2741 994 2757 corr.
1008 2732 1030 2756 C

399 2805 479 2840 [xxxx]
501 2805 629 2832 Lothario
650 2807 686 2832 II.
708 2809 864 2841 matulatur
883 2808 979 2842 opinor
996 2808 1054 2834 863.
