2060 3074
208 176 268 206 418
801 169 984 197 HINCMARI
1004 168 1180 195 CARMINA.

509 272 534 290 4⁵
572 259 654 290 Nam
679 269 770 289 sacra
793 257 989 298 depromunt
1013 265 1172 286 canonum
1197 253 1329 284 decreta
1353 256 1504 295 patenter

621 311 758 351 luraque
783 309 974 340 confirmant
997 306 1086 338 sedis
1111 305 1312 348 apostolicae

576 361 861 404 Metropolitanum
887 369 998 390 curam
1022 358 1166 400 regionis
1190 357 1320 390 habere.

619 413 664 444 Ut
687 412 809 454 praesit
833 411 959 450 sollers,
983 421 1037 442 ore
1062 419 1224 451 manuque
1249 419 1362 450 sagax.

578 466 628 497 Ad
653 475 750 507 quem
775 467 969 495 concurrant
993 472 1216 504 quaecumque
1241 461 1371 502 negotia
1395 460 1473 491 iuris

513 531 537 549 ,πυ
618 516 733 548 Cuncti
758 519 954 558 poscentes:
980 514 1162 557 praeminet
1184 513 1255 555 ipse
1280 512 1420 554 quidem.

578 568 739 610 Regmine
765 568 824 599 sub
849 568 940 599 cuius
966 569 1092 598 constat
1115 565 1281 608 provincia
1304 567 1383 603 tota,

622 619 667 651 Ut
691 620 813 651 sanctis
839 629 966 661 semper
990 618 1118 660 legibus
1142 620 1234 659 aptet
1257 627 1339 648 eam.

579 672 690 704 Rebus
714 672 745 702 in
770 671 927 709 obscuris,
952 671 1058 702 dubiis
1083 680 1212 711 quoque
1236 671 1325 700 certa
1348 667 1500 710 requirat.

623 723 767 755 Consilio
789 723 923 754 fratrum
948 722 1059 764 sicque
1083 720 1225 753 tenenda
1248 720 1354 762 legat:

517 789 541 807 55
580 776 673 812 Quae
697 775 857 817 scriptura
880 778 1000 813 tamen,
1024 777 1209 805 sanctorum
1234 775 1266 803 et
1289 771 1375 803 dicta
1397 781 1558 813 perennes

626 828 732 869 Leges
757 827 932 862 duxerunt,
956 827 1046 858 nulla
1069 826 1208 856 molesta
1231 825 1346 856 ferant.

584 880 645 911 Cui
669 879 746 921 quia
770 879 928 910 subicitur
951 878 1094 920 regionis
1120 878 1293 919 episcopus
1318 876 1430 911 omnis,

629 931 678 963 Sit
701 931 830 962 humilis
855 931 978 968 humili,
1004 931 1046 962 sit
1070 929 1192 971 rigidus
1215 928 1344 970 rigidis:

584 983 691 1015 Corde
714 993 850 1015 manens
874 983 963 1014 mitis
988 983 1058 1014 zelo
1083 982 1123 1013 sit
1145 981 1290 1013 fervidus
1313 983 1410 1022 atque

520 1050 546 1068 ευ
627 1036 793 1068 Sollicitus
818 1038 936 1073 servet,
961 1046 1044 1077 quae
1070 1044 1212 1066 canones
1236 1035 1400 1065 statuunt:

586 1088 734 1127 Aetates,
758 1098 886 1126 causas,
910 1097 1078 1129 personas,
1103 1089 1232 1128 tempus
1257 1088 1290 1116 et
1313 1087 1404 1116 actus

630 1139 672 1171 Et
695 1140 768 1171 loca
791 1139 980 1171 discernens
1004 1141 1121 1181 penset
1144 1136 1274 1179 agenda
1297 1136 1403 1167 simul.

588 1191 681 1223 Illius
705 1192 737 1222 in
762 1191 886 1222 cunctis
911 1201 1042 1232 semper
1064 1188 1287 1221 moderamina
1310 1187 1428 1219 fratres

633 1243 846 1285 Exspectent‚
872 1243 956 1274 sicut
979 1242 1096 1284 regula
1119 1243 1233 1272 sancta
1257 1239 1361 1275 (locet,

523 1309 548 1327 es.
587 1295 631 1327 Ut
654 1299 747 1338 pater
771 1298 803 1326 et
826 1295 944 1326 fratres
970 1294 1116 1326 caritatis
1140 1293 1278 1325 nexibus
1302 1302 1400 1323 unum

632 1347 671 1378 In
695 1345 826 1378 Christo
849 1346 936 1384 facti,
962 1346 1117 1377 scismata
1142 1344 1230 1375 nulla
1254 1343 1348 1375 sient.

589 1399 770 1440 Angelicae
795 1401 901 1429 sortes
927 1397 1016 1429 caelo
1041 1407 1115 1428 nam
1141 1396 1282 1427 culmine
1306 1398 1476 1437 praestant

635 1450 820 1492 Suppositis
844 1450 916 1481 aliis
942 1449 1053 1480 ordine
1078 1447 1268 1490 composito.

589 1502 685 1534 Unde
710 1501 914 1534 sacerdotum
941 1504 1068 1533 constat
1092 1500 1255 1532 distinctio
1280 1502 1370 1531 certa

526 1568 551 1587 τι)
633 1555 676 1586 Et
698 1554 808 1586 mundi
832 1553 971 1596 populos
996 1553 1073 1585 ordo
1098 1553 1183 1594 regit
1206 1551 1323 1583 varius.

593 1607 736 1638 Plurima
759 1605 907 1638 membra
929 1609 984 1637 tuo
1009 1608 1121 1646 gestas
1143 1604 1176 1635 in
1201 1613 1337 1645 corporc
1363 1606 1439 1634 toto.

635 1658 727 1694 Quae
752 1658 875 1690 servire
900 1657 992 1689 vides
1017 1657 1132 1688 officiis
1156 1655 1308 1698 propriis.

595 1710 804 1752 Quapropter
828 1720 945 1741 sensus
969 1720 1086 1752 pompa
1110 1708 1245 1739 fallente
1271 1707 1428 1749 superbos

637 1761 794 1804 Deprime
820 1761 880 1793 sub
904 1761 1027 1793 domini
1051 1760 1194 1792 iussibus
1218 1759 1381 1790 almificis:

530 1827 553 1845 75
594 1814 694 1845 Cuius
719 1825 782 1845 non
806 1814 925 1845 metuis
949 1816 1146 1855 postponere
1171 1812 1256 1843 dicta
1280 1810 1459 1843 tremenda.

637 1865 777 1908 Insuper
800 1866 872 1908 ipsa
896 1869 1025 1897 tumens
1050 1874 1210 1896 evacuare
1237 1863 1339 1905 cupis.

598 1918 700 1960 quue
723 1917 834 1960 procul
857 1917 955 1949 dubio
980 1927 1120 1959 nequam
1146 1915 1204 1947 tibi
1229 1915 1360 1957 spiritus
1383 1925 1477 1945 omne

642 1969 795 2011 Suggerit
818 1972 852 2001 et
876 1979 1015 2011 semper⁷
1041 1979 1125 2010 quae
1149 1978 1208 1999 sua
1231 1970 1315 2006 sunt,
1339 1966 1482 1998 adhibet.

597 2021 660 2058 Qui
683 2032 743 2053 rex
767 2024 817 2053 est
841 2022 966 2059 horum,
991 2031 1070 2062 quos
1095 2030 1195 2051 caeca
1219 2018 1372 2060 superbia
1396 2018 1502 2049 vincit.

532 2087 558 2105 ευ
640 2073 740 2105 Cuius
764 2077 839 2104 sunt
862 2073 938 2104 facti
964 2075 1080 2115 sponte
1104 2082 1164 2103 sua
1187 2071 1301 2113 geniti.

597 2125 747 2167 Denique
772 2124 857 2166 quod
881 2125 960 2156 dicis
985 2124 1226 2166 ‘depromptum
1250 2123 1311 2154 rite
1336 2122 1386 2153 vcl
1410 2126 1486 2164 apte

642 2176 759 2208 Sedem
783 2175 1011 2218 appellandam
1040 2175 1142 2207 libere
1167 2173 1404 2217 apostolicam':

598 2229 678 2264 Quis
702 2228 783 2260 haec
806 2228 945 2270 ignorat,
970 2238 1054 2270 quae
1078 2231 1112 2259 tu
1137 2230 1169 2258 te
1194 2237 1291 2258 nosse
1315 2225 1448 2258 fateris?

642 2280 710 2312 Aut
732 2280 788 2311 tibi
814 2283 890 2311 sunt
913 2280 975 2311 soli
1000 2279 1131 2321 cognita
1155 2288 1303 2320 quaeque
1327 2277 1379 2309 dei
1389 2281 1402 2308 ζ’

534 2345 559 2364 85
597 2332 725 2375 Nempe
750 2332 832 2363 sacri
858 2342 1001 2363 canones
1027 2341 1086 2362 nec
1110 2340 1175 2362 non
1201 2333 1234 2362 et
1256 2329 1396 2360 Romula
1419 2329 1503 2360 dicta

643 2384 692 2416 Ac
715 2385 806 2426 leges
830 2385 981 2417 clamant.
1006 2383 1155 2415 omnibus
1179 2386 1276 2424 atque
1302 2382 1413 2423 liquet,

600 2436 749 2473 Qualiter
770 2439 803 2467 et
824 2435 953 2478 quando
977 2439 1075 2477 atque
1096 2434 1161 2473 ubi,
1184 2434 1256 2476 quis
1273 2443 1410 2476 quoquc,
1432 2433 1473 2465 dc
1490 2432 1608 2475 quibus
1626 2433 1728 2475 ipsam

645 2488 798 2530 Appellet
823 2487 933 2519 sedem
957 2497 1021 2519 non
1046 2487 1183 2519 levitate
1207 2496 1291 2527 vaga

602 2540 644 2572 Et
667 2540 738 2582 quis
762 2550 884 2582 proque
909 2539 1027 2581 quibus
1052 2539 1163 2570 sedem
1189 2537 1406 2580 appellaverit
1428 2536 1527 2569 illam,

537 2606 562 2624 90
643 2592 768 2623 Vinciri
793 2591 880 2622 nullo
904 2591 1025 2623 debeat
1048 2591 1089 2622 ab
1114 2590 1255 2629 homine,

604 2643 647 2675 Et
670 2643 742 2685 quis
765 2653 887 2685 proque
911 2643 1032 2685 quibus
1058 2642 1199 2684 propriis
1224 2641 1364 2672 nudatus
1388 2640 1428 2672 ad
1451 2640 1519 2672 ulla

648 2695 722 2727 Non
746 2694 802 2726 det
825 2705 1026 2737 responsum,
1050 2705 1123 2725 cum
1146 2693 1244 2725 fuerit
1267 2693 1421 2724 monitus.

342 2799 375 2825 49
399 2801 433 2824 At
456 2809 522 2825 corr.
542 2799 573 2824 H
672 2799 702 2824 ὃ]
731 2800 858 2832 prouintia
878 2799 908 2823 II
1009 2797 1042 2823 57
1066 2798 1201 2823 subiicitur
1224 2806 1291 2822 corr.
1310 2796 1334 2821 I’
1436 2796 1469 2822 66
1493 2798 1554 2822 fient
1576 2796 1630 2822 PH
1645 2805 1712 2823 corr.
1731 2795 1886 2824 Sia-mennam

239 2844 272 2869 62³
292 2848 373 2869 certat
391 2852 456 2868 corr.
478 2843 507 2867 Η
611 2842 640 2867 Ῑ1
662 2842 723 2875 toto]
743 2846 787 2868 tuo
805 2851 872 2868 corr.
892 2842 921 2868 H
1024 2841 1053 2866 91
1076 2841 1184 2868 uadatus
1203 2849 1269 2866 corr.
1290 2840 1320 2866 ΙΙ
