2060 3074
0 976 7 1100 ,tvvm

446 375 484 394 110

407 638 426 641 ”
450 634 486 653 ns

448 892 486 912 120

446 1170 484 1188 125

445 1429 483 1448 1³⁰

445 1687 482 1707 18⁵

445 1947 482 1966 140

445 2205 484 2226 1⁴⁵

446 2483 484 2502 1⁵⁰

738 173 827 200 VITA
845 173 872 200 S.
886 173 1040 200 AMANDI.
1070 172 1177 200 LIBER
1195 173 1244 200 ΠΙ.

527 259 594 291 Fur
616 259 778 292 redivivus
803 260 888 292 enim
910 260 1010 291 vitam
1033 260 1226 302 veniamque
1249 261 1394 291 renarrat

529 311 764 354 Largitumque
788 312 849 343 sibi
872 314 1002 343 sanctus
1025 312 1165 343 laetatur
1187 311 1354 343 honorem.

527 363 618 395 Tunc
639 364 738 405 igitur
759 364 894 395 fratrum
916 363 975 395 sub
999 363 1119 395 Christi
1140 364 1272 395 nomine
1295 363 1394 406 plebi,

527 414 578 446 Ne
601 415 730 458 populis
753 415 892 458 prodant
914 415 1046 455 factum,
1070 415 1252 447 obtestatur
1273 413 1453 454 Amandus,

529 466 644 498 Donec
667 467 829 509 completo
853 466 993 498 decedat
1015 469 1164 509 tempore
1186 467 1283 498 vitae.

529 517 628 550 Cuius
651 521 762 550 sancta
784 529 898 550 manus
921 518 997 550 dum
1020 518 1147 560 singula
1170 519 1305 550 vulnera
1328 518 1452 560 palpat,

530 569 684 602 Restituit
706 570 847 602 celerem
869 570 950 602 felix
971 569 1132 601 medicina
1156 570 1305 610 salutem,

530 621 600 654 Nec
622 625 770 654 remanet
792 622 909 662 sulcus,
933 621 1052 664 digitus
1075 631 1139 664 quo
1163 622 1260 653 currit
1281 621 1447 653 honestus.

529 672 647 714 Dicite,
670 674 855 716 doctiloqui,
879 673 1060 716 depromite
1085 673 1194 715 digna,
1217 673 1347 704 diserti:

530 725 642 762 Qualis
665 725 716 757 hic
739 729 790 758 est
809 725 964 766 medicus,
989 735 1052 767 quo
1076 725 1285 767 contingente
1309 724 1444 756 cicatrix

528 777 626 809 Nulla
648 780 740 820 patet
761 778 867 820 plagis
891 777 1048 809 conclusis
1071 776 1214 819 undique
1238 777 1370 816 cunctis,

530 828 601 865 Quo
624 833 713 861 meat
735 830 798 861 ista
819 829 915 870 salus,
941 839 1004 871 quo
1027 831 1138 860 manat
1161 829 1202 860 ab
1225 829 1367 871 unguine
1391 827 1511 859 virtus?

530 879 641 922 Cessa,
664 881 776 923 lingua
797 881 930 923 loquax,
953 890 1034 923 opus
1058 883 1108 912 est
1130 879 1193 911 hoc
1217 879 1457 922 omnipotentis,

528 932 594 964 Per
616 935 827 975 quem·tanta
848 933 946 973 valet,
970 932 1113 974 quisquis
1136 932 1332 963 famulabilis
1354 931 1400 962 illi
1425 933 1484 962 est.

571 1001 630 1034 IV.
653 1001 742 1044 Ergo
764 1001 820 1033 ubi
842 1001 931 1032 fama
953 1001 1065 1032 volans
1088 1001 1205 1043 sparsit
1227 1000 1439 1032 memorabile
1464 999 1602 1040 signum,

527 1053 581 1085 Fit
603 1053 716 1096 populi
738 1052 844 1084 subito
866 1052 987 1084 multus
1010 1062 1184 1084 concursus
1207 1051 1251 1083 ad
1271 1052 1388 1094 ipsum.

528 1104 671 1137 Fervere
694 1108 731 1136 ut
751 1104 877 1136 miraris
900 1114 980 1146 apes
1002 1114 1062 1146 per
1084 1106 1188 1146 prata,
1211 1113 1272 1146 per
1294 1103 1406 1135 hortos

528 1157 617 1199 Erga
639 1166 819 1200 purpureos
841 1157 938 1188 flores
961 1166 1000 1188 ac
1023 1166 1158 1199 carpere
1181 1165 1301 1195 morsu,

529 1208 624 1245 Quod
646 1209 789 1241 referant
810 1207 950 1252 pedibus
973 1218 1048 1240 cara
1071 1207 1113 1240 ad
1136 1207 1309 1251 praesepia
1331 1206 1453 1238 curvis:

527 1260 601 1292 Non
624 1271 717 1293 secus
739 1260 799 1292 has
820 1259 934 1292 videas
956 1262 1072 1302 gentes
1094 1260 1244 1292 insistere
1268 1258 1430 1297 Amando,

528 1312 710 1356 Conspicuo
731 1313 803 1345 flori
824 1312 933 1344 hieme
957 1315 1055 1355 atque
1079 1314 1206 1344 aestate
1229 1311 1356 1351 virenti,

529 1365 600 1402 Quo
624 1367 863 1397 sacrosanctum
886 1364 1018 1396 valeant
1040 1364 1202 1406 baptisma
1225 1363 1348 1395 referre

526 1417 754 1459 Virtutumque
777 1415 879 1459 dapes
902 1419 938 1447 ut
960 1415 1068 1447 dulcia
1090 1415 1189 1447 mella
1212 1417 1390 1457 reportent,

528 1468 607 1505 Quis
629 1467 741 1500 mundi
763 1467 911 1499 dominus
933 1467 1099 1510 praedulci
1121 1467 1264 1510 pascitur
1286 1466 1415 1498 haustu.

528 1519 619 1552 Fana
642 1519 758 1552 dehinc
781 1529 884 1551 vacuo
906 1518 1067 1551 nudantur
1089 1519 1214 1551 honore
1236 1518 1374 1561 profana

528 1571 725 1614 Illorumque
747 1570 876 1611 cadunt,
900 1581 1035 1613 quorum
1059 1580 1202 1610 crevere,
1225 1570 1348 1602 labore.
1406 1585 1409 1587 “

528 1623 608 1655 Inde
630 1623 687 1655 ubi
709 1623 785 1655 fana
806 1625 911 1662 ruunt,
934 1623 984 1654 vir
1006 1625 1136 1654 sanctus
1150 1622 1281 1665 'templa
1306 1621 1477 1653 reformat:

526 1675 682 1707 Basilicas
706 1677 851 1706 statuens
875 1677 908 1706 et
931 1674 1072 1706 claustra
1094 1674 1366 1706 monasteriorum

529 1726 701 1759 Perfidiam
724 1725 801 1758 fidei
823 1725 990 1757 contundit
1012 1726 1160 1758 acumine
1182 1725 1256 1757 fido.

527 1778 556 1810 Ο
580 1789 675 1822 quam
698 1787 819 1820 magna
840 1778 909 1809 viro
933 1787 1087 1809 concessa
1110 1780 1160 1808 est
1183 1777 1287 1819 gratia
1310 1777 1404 1817 iusto,

526 1830 739 1874 Multiplicem
760 1829 879 1861 meruit
901 1829 1039 1860 fructum
1059 1829 1113 1871 qui
1137 1828 1282 1870 germine
1305 1828 1347 1859 ab
1370 1838 1450 1859 uno:

526 1882 637 1915 Incola
659 1881 785 1914 vivifico
808 1884 953 1912 sacratur
974 1880 1064 1912 fonte
1087 1890 1270 1920 renascens,

524 1934 699 1966 Praeclara
722 1933 885 1965 ecclesiae
908 1933 1098 1974 praecelsae
1121 1932 1252 1963 moenia
1275 1934 1419 1973 surgimt.

526 1986 620 2018 Felix
642 1986 697 2017 ille
721 1985 838 2025 obitus,
860 1984 995 2015 moritur
1018 1994 1082 2026 quo
1105 1983 1244 2026 plurima
1267 1983 1383 2025 pestis;

527 2037 593 2070 Sed
615 2041 725 2069 tamen
747 2036 803 2068 illa
825 2036 912 2067 salus
935 2036 1072 2067 multum
1095 2035 1219 2066 felicior
1242 2037 1343 2074 extat,

527 2089 600 2126 Qua
623 2091 777 2131 surgente
799 2098 864 2119 uno
887 2087 996 2130 plures
1019 2087 1052 2118 in
1075 2086 1173 2118 corde
1196 2088 1378 2127 resurgunt.

526 2141 619 2173 Haec
642 2144 702 2181 est,
723 2140 756 2172 ni
779 2140 884 2180 fallor,
907 2139 1014 2171 celsae
1037 2138 1172 2170 mutatio
1196 2137 1350 2169 dextrae:

527 2192 652 2224 Crescit
674 2201 766 2223 amor
788 2193 909 2229 sancto,
933 2189 1066 2221 laudum
1090 2189 1267 2221 celebratio
1291 2187 1429 2220 Christo,

528 2244 626 2276 Cuius
649 2244 682 2275 in
704 2242 825 2275 auxilio
848 2241 925 2274 dum
947 2241 1083 2274 verbum
1105 2240 1273 2283 praedicat
1296 2240 1382 2271 omni

528 2296 565 2327 In
588 2286 719 2338 populo,
743 2293 883 2326 fecunda
905 2303 1001 2335 seges
1022 2292 1066 2324 de
1090 2292 1212 2334 cespite
1237 2301 1372 2333 surgens

528 2347 650 2380 Reddit
672 2346 886 2388 centuplicem
910 2346 1062 2377 virtutum
1087 2344 1231 2386 gramine
1255 2343 1391 2384 frugem.

570 2417 611 2449 V.
634 2416 682 2447 Te
706 2425 823 2458 neque,
846 2413 1026 2457 apostolica
1048 2422 1224 2454 numquam
1247 2414 1385 2454 purgata
1408 2411 1511 2442 securi

527 2469 576 2502 Ac
599 2468 675 2500 fidei
698 2468 794 2499 sulcis
816 2467 881 2498 ullo
905 2475 1010 2508 neque
1034 2474 1165 2497 vomere
1189 2464 1284 2504 culta,

529 2520 746 2553 Pertransisse
770 2519 872 2551 virum
896 2517 1019 2558 doleas,
1043 2516 1204 2548 Sclavinia
1227 2515 1332 2547 tellus.

529 2572 619 2604 Sicut
641 2582 739 2604 avaro
764 2570 895 2610 etenim,
919 2579 990 2601 cum
1014 2569 1115 2600 multa
1138 2567 1277 2609 pecunia
1300 2566 1424 2606 crescit,

253 2728 319 2758 .125
334 2729 466 2763 impiis

268 2814 318 2841 126
336 2813 390 2847 (ἵν.
403 2813 466 2840 Met.
481 2812 548 2840 XII
557 2813 609 2841 555
627 2812 754 2844 volucris,
772 2818 845 2844 quae
863 2809 984 2836 fulmina
995 2808 1086 2835 curvis
1101 2808 1106 2841 Ι
1122 2807 1192 2833 ferre
1209 2805 1281 2832 solet
1293 2804 1419 2839 pedibus.

550 2727 600 2754 128
617 2728 673 2752 flori
690 2727 718 2752 in
738 2726 838 2751 florenti
856 2723 961 2764 corr-‚⁵11
1015 2724 1106 2756 hyeme
1121 2722 1149 2747 K

1554 2856 1609 2882 75*

1755 174 1814 204 591

1491 2804 1540 2831 132
1560 2803 1614 2837 (ΣΤΥ.
1629 2804 1723 2831 Sedul.
1737 2804 1758 2831 Ι
1766 2804 1812 2831 47.
