2060 3074
285 157 347 188 648
940 152 1092 180 MILONIS
1111 152 1287 179 CARMINA.

650 239 720 271 Nec
744 240 839 270 castis
863 239 1011 279 caritura,
1035 239 1123 271 velut
1146 239 1238 279 haec,
1262 241 1365 270 turtur
1386 239 1536 278 habetur,

653 291 761 332 Casta,
784 291 912 333 pudica,
936 291 1014 332 vigil
1036 293 1193 322 nocturna
1215 291 1249 322 in
1270 291 1367 322 laude
1391 292 1512 324 cicada.

651 343 703 375 Sic
726 343 856 385 gemina
879 343 997 374 virtute
1021 342 1131 382 cluens
1154 342 1241 374 facta
1263 343 1366 375 altera
1388 344 1511 376 Iudith:

650 395 712 426 Illa
736 394 851 426 ducem
874 397 1036 435 truncans,
1059 394 1141 426 haec
1165 393 1327 426 Christum
1350 406 1430 428 voce
1453 397 1632 429 celebrans.

579 459 603 477 85
648 446 722 478 Hac
745 446 842 477 vidua
864 445 969 478 viduis
992 446 1035 491 sit
1057 446 1144 478 vitae
1167 446 1316 478 mundior
1339 450 1438 479 actus.

695 506 754 538 ΙΙΙ.
780 506 911 542 Quanta
934 506 1109 548 pudicitiae
1132 506 1244 547 virtus,
1268 517 1351 549 quae
1375 508 1558 541 sobrietatis

652 558 765 590 Gratia
787 559 837 599 sit,
861 562 990 590 sanctus
1014 558 1123 590 docuit
1145 559 1287 602 baptista
1309 559 1480 592 Iohannes.

651 610 776 643 Praeco
800 611 1027 653 redemptoris,
1050 621 1115 642 vox
1138 611 1229 643 verbi
1251 612 1388 654 plusque
1411 613 1582 656 propheta,

652 662 798 704 Angelus
820 663 891 705 ipse
915 662 978 703 dei,
1002 663 1212 705 praenuntius
1234 663 1289 695 ille
1313 664 1411 696 futuri

580 727 606 747 90
650 714 702 746 Ex
724 717 818 746 utero
840 715 952 746 matris
975 714 1138 746 Christum
1162 716 1315 757 cognovit
1337 716 1463 748 adesse.

652 766 791 798 Nomine
817 767 870 808 qui
894 766 994 808 patris
1017 767 1177 798 taciturna
1199 767 1326 799 silentia
1347 768 1443 800 solvit

651 818 909 860 Monstravitque
934 818 987 850 dei
1010 819 1112 850 turbis
1136 819 1340 851 venientibus
1363 830 1493 862 agnum,

654 870 796 902 Planans
819 870 872 901 ille
897 871 976 910 vias,
1001 881 1102 912 prava
1124 871 1158 902 in
1181 871 1304 903 directa
1326 872 1495 913 reducens,

653 922 806 954 Deiciens
830 922 931 954 colles
953 922 1058 954 valles
1082 923 1211 954 extollit
1233 926 1267 955 et
1287 923 1416 966 implet;

582 986 607 1006 95
651 973 757 1005 Maior
780 974 865 1005 enim
887 974 919 1005 in
942 974 1026 1005 natis
1048 974 1219 1006 mulierum
1241 985 1337 1007 nemo
1359 975 1522 1009 Iohanne:

657 1025 782 1057 Celsior
803 1025 866 1057 hoc
889 1025 1035 1057 Christus
1059 1036 1151 1057 sacra
1175 1026 1216 1058 de
1239 1027 1364 1069 virgine
1386 1031 1490 1060 natus.

656 1077 820 1109 Virtutum
842 1078 997 1119 generale
1021 1077 1130 1119 decus,
1154 1078 1242 1120 quod
1263 1079 1408 1121 patribus
1429 1083 1542 1112 auctor

656 1129 829 1160 Distribuit
852 1129 978 1160 varians
1002 1130 1196 1171 specialiter,
1219 1130 1335 1162 indidit
1357 1131 1418 1163 isti.

657 1180 791 1212 Summa
814 1180 895 1212 fides
918 1181 950 1212 in
973 1181 1050 1212 hoc:
1075 1182 1203 1223 genitor
1225 1185 1334 1224 negat,
1356 1183 1418 1214 iste
1442 1184 1576 1221 salutat;

575 1246 613 1264 100
657 1233 718 1265 Ille
741 1237 829 1265 tacet
851 1236 969 1274 mutus,
992 1234 1044 1265 hic
1068 1234 1172 1265 ‘adest
1194 1234 1289 1266 nunc'
1313 1235 1480 1277 praedicat
1503 1236 1637 1278 ‘agnus'.

658 1285 724 1328 Spe
747 1286 881 1317 meliore
905 1286 1019 1327 vigens
1041 1290 1280 1328 praemonstrat
1303 1287 1421 1319 horrea
1443 1289 1566 1330 granis;

658 1337 739 1369 Inde
762 1341 886 1369 metum
910 1338 1058 1369 recinens
1081 1339 1184 1380 paleis
1208 1338 1378 1371 denuntiat
1398 1340 1502 1382 igneS,

660 1388 723 1425 Qui
745 1388 886 1420 karitate
909 1389 980 1431 pios
1003 1389 1124 1420 fructus
1147 1389 1294 1421 hortatur
1316 1390 1472 1432 agendos.

658 1440 769 1472 Mente
793 1441 922 1472 humilis
946 1441 1014 1472 viso
1040 1440 1168 1472 Christo
1191 1441 1355 1484 baptisma
1376 1446 1514 1484 recusat,

577 1506 615 1525 105
659 1494 749 1525 Illius
773 1496 807 1525 et
829 1494 917 1525 iussu
940 1493 999 1525 sed
1021 1504 1100 1525 mox
1122 1493 1259 1526 devotus
1283 1495 1426 1527 obaudit.

659 1545 839 1577 Praeterea
863 1556 944 1587 quos
967 1545 1127 1577 sobrietas
1151 1546 1194 1577 ad
1217 1547 1304 1578 celsa
1327 1547 1459 1588 levavit,

661 1597 826 1629 Virtutum
849 1598 968 1638 nutrix,
992 1608 1091 1640 super
1113 1608 1227 1630 omnes
1249 1598 1347 1630 laude
1371 1599 1552 1630 Iohannem

661 1650 797 1690 Extulit,
820 1650 918 1692 inque
941 1650 1076 1681 heremo
1100 1650 1281 1682 castissima
1303 1651 1371 1682 vita
1392 1654 1553 1683 remotum

662 1702 807 1744 Longius
831 1702 979 1733 humanis
1002 1701 1093 1733 illum
1116 1702 1327 1734 conventibus
1350 1702 1474 1734 abdens

400 1834 450 1860 102
469 1835 583 1860 retinens
597 1833 619 1858 A
710 1832 761 1858 109
779 1833 876 1858 addens
890 1832 913 1857 L

399 1911 440 1937 88.
465 1911 498 1937 89
528 1909 595 1937 Dua.
620 1910 643 1942 7,
660 1910 694 1936 26
718 1909 787 1944 quid
811 1909 907 1936 existis
931 1906 1045 1936 videre?
1075 1908 1264 1944 prophetam?
1295 1909 1393 1944 utique
1418 1909 1481 1937 dico
1506 1910 1602 1943 vobis,
1634 1912 1663 1938 et
1686 1911 1750 1946 plus
1775 1920 1860 1946 quam
1889 1919 1953 1948 pro-

297 1963 422 1997 phetam.
453 1963 486 1989 27
505 1962 551 1988 hic
570 1963 620 1994 est,
638 1962 672 1988 de
691 1970 747 1995 quo
766 1961 902 1996 scriptum
915 1962 957 1988 est
976 1964 1046 1988 ‘ecce
1059 1962 1142 1989 mitto
1155 1962 1288 1996 angelum
1301 1970 1394 1989 meum
1407 1963 1474 1989 ante
1486 1962 1585 1989 faciem
1598 1964 1685 1996 tuam,
1704 1963 1753 1998 qui
1772 1963 1954 1999 praeparabit

297 2014 372 2041 viam
391 2016 470 2041 tuam
488 2015 554 2041 ante
574 2015 619 2040 te'.
650 2014 684 2040 28
701 2013 764 2040 dico
783 2013 859 2040 enim
873 2013 959 2046 vobis,
979 2013 1069 2040 maior
1086 2013 1162 2040 inter
1179 2015 1260 2041 natos
1273 2013 1423 2041 mulierum
1441 2014 1580 2049 propheta
1591 2015 1716 2042 Iohanne
1733 2015 1860 2050 baptista
1871 2023 1954 2042 nemo

299 2067 348 2092 est.
419 2066 455 2092 90
473 2065 540 2092 Luc.
555 2066 579 2098 1,
589 2066 622 2092 41
642 2067 671 2092 et
689 2065 795 2092 factum
808 2066 862 2092 est:
882 2067 914 2092 ut
932 2065 1044 2092 audivit
1062 2065 1262 2093 salutationem
1275 2066 1382 2093 Mariae
1393 2065 1546 2098 Elisabeth,
1565 2067 1705 2094 exultavit
1722 2067 1816 2094 infans
1830 2067 1861 2094 in
1873 2068 1953 2094 ntem

299 2117 366 2144 eius.
437 2118 469 2143 91
489 2118 579 2144 Amat.
593 2117 631 2143 ΙΙ
640 2118 691 2144 505
704 2117 847 2144 taciturna
860 2117 974 2144 silentia
988 2117 1067 2144 vitet.
1138 2118 1172 2145 92
1185 2118 1244 2145 ΙοῙι.
1260 2119 1282 2152 1,
1295 2119 1329 2145 29
1342 2118 1432 2145 altera
1444 2118 1490 2144 die
1501 2118 1574 2145 vidit
1586 2119 1723 2145 Iohannes
1737 2119 1827 2146 Iesum
1839 2119 1954 2146 venien-

299 2171 356 2196 tem
375 2169 411 2196 ad
430 2178 458 2196 se
478 2171 506 2196 et
524 2170 566 2196 ait
578 2173 648 2196 ‘ecce
662 2178 752 2204 agnus
766 2169 820 2201 dei,
839 2169 888 2203 qui
906 2170 985 2197 tollit
1003 2171 1149 2204 peceatum
1166 2170 1282 2197 mundi'.
1353 2171 1395 2198 93.
1408 2171 1442 2198 94
1459 2170 1528 2197 law.
1547 2170 1571 2204 3,
1584 2171 1602 2198 4
1619 2170 1693 2203 sicut
1711 2171 1845 2206 scriptum
1864 2172 1908 2209 est
1924 2171 1955 2198 in

300 2221 372 2247 libro
392 2229 548 2247 sermonum
562 2221 662 2248 Esaiae
682 2222 848 2256 prophetae:
871 2230 925 2248 vox
944 2222 1098 2255 clamantis*
1105 2222 1136 2249 in
1154 2222 1272 2255 deserto,
1291 2224 1390 2257 parate
1402 2222 1476 2249 viam
1496 2222 1611 2254 domini,
1629 2224 1720 2250 rectas
1738 2222 1824 2250 facite
1841 2222 1956 2250 semitas

302 2272 370 2299 eius.
406 2274 423 2299 5
441 2273 532 2299 omnis
550 2273 632 2300 vallis
651 2273 816 2308 implebitur
834 2275 863 2300 et
887 2273 977 2300 omnis
995 2282 1075 2301 mons
1100 2275 1129 2301 et
1154 2274 1233 2301 collis
1256 2274 1455 2301 humiliabitur
1477 2275 1507 2301 et
1529 2275 1612 2301 erunt
1633 2282 1722 2309 prava
1742 2274 1773 2301 in
1798 2274 1905 2302 directa
1926 2275 1956 2301 et

302 2332 401 2358 aspera
420 2324 450 2350 in
468 2324 529 2351 vias
547 2324 655 2359 planas.
692 2326 708 2351 6
727 2326 756 2352 et
775 2325 884 2353 videbit
902 2325 992 2352 omnis
1011 2335 1075 2353 caro
1094 2326 1217 2364 salutare
1236 2326 1289 2353 dei.
1377 2326 1412 2353 95
1429 2325 1495 2353 Vide
1519 2326 1556 2352 ad
1572 2327 1615 2354 88.
1703 2327 1738 2353 99
1757 2326 1815 2360 Gfr.
1832 2326 1871 2353 ad
1887 2334 1911 2354 v.
1922 2327 1958 2354 80

301 2378 323 2401 et
336 2376 377 2402 89.
448 2377 499 2403 100
518 2376 586 2403 ΙΛισ.
607 2378 630 2409 1,
643 2377 677 2403 22
694 2378 883 2412 (ΖααῘιαήαε)
902 2386 1029 2412 egressus
1042 2387 1099 2405 non
1118 2379 1231 2413 poterat
1247 2378 1324 2412 loqui
1337 2378 1373 2404 ad
1386 2378 1458 2410 illos,
1477 2379 1507 2405 et
1517 2380 1715 2412 cognoverunt,
1734 2378 1809 2412 quod
1821 2378 1958 2406 visionem

304 2427 420 2453 vidisset
447 2427 476 2453 in
502 2428 620 2462 templo:
650 2430 679 2455 et
702 2429 763 2464 ipse
788 2431 849 2457 erat
875 2430 994 2457 innuens
1021 2430 1079 2457 illis
1103 2431 1132 2457 et
1155 2430 1311 2465 permansit
1333 2431 1438 2457 mutus.
1462 2445 1496 2450 ——
1520 2430 1578 2463 Gfr.
1601 2430 1638 2457 ad
1655 2431 1733 2458 asa.
1821 2431 1958 2459 101—116

304 2479 401 2506 Matth.
421 2480 446 2511 3,
459 2480 475 2506 4
494 2480 632 2507 Iohannes
651 2481 776 2508 habebat
792 2482 992 2509 vestimentum
1010 2482 1045 2510 de
1063 2483 1131 2517 pilis
1150 2483 1318 2510 camelorum
1337 2484 1366 2509 et
1384 2491 1482 2510 zonam
1500 2482 1642 2518 pelliciam
1661 2482 1736 2510 circa.
1753 2483 1863 2510 lumbos
1880 2491 1957 2510 suos:

304 2538 367 2556 esca
391 2532 485 2557 autem
510 2531 569 2558 eius
589 2533 649 2559 erat
669 2533 795 2560 lucustae
819 2535 847 2561 et
865 2535 920 2561 mel
938 2535 1073 2562 silvestre.
1099 2556 1105 2563 .
1117 2556 1123 2562 .
1143 2536 1158 2562 7
1177 2535 1275 2562 videns
1299 2537 1394 2562 autem
1419 2535 1523 2562 multos
1540 2535 1752 2562 Pharisaeorum
1772 2556 1796 2563 ..
1813 2535 1958 2563 venientes

305 2582 340 2608 ad
360 2582 530 2616 baptismum
551 2593 632 2610 suum
650 2584 724 2611 dixit
743 2606 750 2613 .
761 2605 766 2611 .
778 2606 784 2613 .
805 2587 838 2613 10
856 2587 954 2613 ‘omnis
973 2587 1063 2620 arbor,
1082 2595 1154 2622 quae
1172 2596 1228 2614 non
1247 2587 1316 2614 facit
1333 2587 1455 2615 fructum
1474 2587 1586 2620 bonum,
1605 2587 1750 2614 excidetur
1768 2588 1797 2614 et
1813 2587 1844 2614 in
1862 2587 1957 2622 ignem

306 2632 442 2660 mittetur.
480 2635 510 2661 11
536 2644 587 2669 ego
613 2636 726 2670 quidem
745 2646 794 2665 vos
818 2638 931 2672 baptizo
956 2638 986 2665 111
1010 2647 1085 2673 aqua
1109 2639 1138 2665 in
1162 2639 1379 2673 paenitentiam:
1403 2639 1452 2673 qui
1477 2640 1571 2666 autem
1596 2640 1660 2674 post
1681 2647 1726 2666 me
1750 2641 1883 2666 venturus
1907 2640 1958 2671 est,

307 2685 405 2711 fortior
423 2694 466 2712 me
486 2688 528 2713 est
547 2707 571 2714 ..
590 2688 650 2722 ipse
670 2698 717 2716 vos
738 2689 897 2724 baptizabit
914 2691 944 2717 in
962 2691 1063 2725 spiritu
1082 2692 1180 2718 sancto
1199 2693 1228 2718 et
1246 2691 1314 2726 igni.
1347 2692 1380 2718 12
1397 2691 1476 2718 cuius
1495 2691 1683 2718 ventilabrum
1701 2690 1732 2717 in
1749 2699 1835 2717 manu
1853 2699 1912 2723 sua,
1930 2691 1960 2717 et

307 2737 507 2770 permundabit
529 2746 621 2765 aream
648 2749 725 2767 suam
751 2742 780 2768 et
802 2742 986 2777 congregabit
1013 2743 1138 2770 triticum
1164 2752 1244 2770 suum
1270 2743 1300 2770 in
1328 2744 1469 2776 horreum,
1496 2743 1593 2778 paleas
1619 2744 1714 2770 autem
1738 2743 1874 2770 conburet
1897 2742 1960 2778 igni

306 2787 536 2823 inextinguibili.’
572 2791 605 2817 13
624 2792 690 2818 tunc
708 2793 787 2819 venit
806 2793 882 2820 Iesus
900 2797 949 2821 cet.
1885 2792 1909 2822 ’ἶ
