2060 3074
421 362 460 387 276

421 627 461 648 2¹15

423 886 463 905 2³0

0 980 6 1034 ,ἱ

0 1037 9 1098 ξ

0 1103 9 1167 ἰ

0 1169 5 1193 ι’

422 1142 461 1163 285

425 1658 465 1678 29⁵

429 2438 468 2458 ³10

149 2798 201 2827 804
217 2801 358 2828 dilueretur
370 2801 427 2826 ΑΚ

717 166 806 194 VITA
826 166 852 194 S.
865 166 1020 194 AMANDI.
1051 166 1159 194 LIBER
1178 167 1213 194 11.

545 253 587 284 Χ.
610 252 691 285 Inde
715 253 888 285 salutiferis
911 252 987 284 dum
1011 256 1138 285 sanctus
1164 253 1330 295 gressibus
1352 254 1424 294 iret,

504 304 688 347 Spargebat
709 305 844 337 verbum
867 305 994 347 populis
1018 307 1051 336 et
1073 308 1185 337 sancta
1207 305 1347 337 docebat

504 356 663 388 Gentibus
685 357 849 388 insinuans
871 357 995 388 aeterni
1017 357 1163 399 praemia
1185 358 1288 399 regni,

504 407 702 440 Christicolis
724 408 837 439 turmis
860 418 944 450 quae
968 407 1053 440 dona
1075 412 1230 451 parentur
1251 409 1284 440 in
1306 409 1399 440 astris

504 459 612 502 Atque
635 460 728 491 malis
751 469 878 502 poenae
902 469 986 502 quae
1009 459 1240 493 conserventur
1261 461 1294 492 in
1316 461 1425 492 antris.

504 510 622 554 Sicque
645 511 759 554 plagas
782 511 890 543 alacer
912 511 1093 543 discurrens
1114 512 1184 544 ibat
1205 513 1238 544 in
1261 523 1383 552 omma,

506 562 644 595 Sedulus
666 566 702 595 ut
725 566 877 606 quaestus
900 564 1078 595 animarum
1101 564 1201 596 ferret
1224 564 1374 607 Olympo,

504 615 599 647 Haec
622 625 680 647 sua
703 615 792 647 lucra
814 618 942 657 putans,
965 615 1023 647 has
1047 626 1156 647 secum
1179 615 1297 648 ducere
1321 626 1443 648 curans.

504 667 592 709 Ergo
616 667 730 699 avidus
751 667 867 699 horum
891 666 967 699 dum
991 667 1102 699 circuit
1125 678 1202 700 arva
1224 668 1350 708 beatus,

505 718 697 751 Gandavum
720 729 852 761 pagum,
876 729 973 761 quem
996 719 1094 751 Scald
1116 720 1318 761 praeterfluit
1340 719 1453 759 amnis,

506 770 641 802 Audivit
663 771 776 802 vinclis
797 771 891 802 hoste
914 771 1099 803 innectente
1122 772 1226 803 teneri

506 821 656 854 Criminis
679 825 712 854 et
734 822 833 854 nimia
854 822 982 865 peccati
1004 823 1090 854 mole
1113 823 1242 865 gravari

506 873 576 905 Nec
598 874 708 906 lumen
729 884 853 914 verum,
876 873 963 916 quod
985 874 1139 906 mundum
1162 874 1251 906 fulsit
1272 874 1304 906 in
1328 884 1466 913 omnem,

506 924 665 957 Caecatos
687 925 832 962 tenebris
855 926 995 968 quivisse
1017 935 1195 967 agnoscere
1217 926 1339 968 priscis.

506 976 638 1009 Robore
662 976 704 1008 de
726 987 894 1008 nemorum
917 977 1156 1009 flammantibus
1178 981 1256 1020 apta
1278 977 1410 1009 caminis

505 1027 599 1060 Idola
621 1031 752 1071 compta
774 1039 872 1060 manu
895 1029 1052 1061 artificum
1076 1032 1110 1061 et
1131 1029 1302 1061 simulacra
1324 1028 1475 1060 colebant

507 1079 713 1123 Supplioibus
734 1081 818 1113 votis
841 1080 940 1112 divini
961 1081 1090 1113 nomine
1113 1081 1253 1113 honoris.

505 1131 596 1164 Heu!
619 1131 726 1174 pudor
748 1135 799 1164 est
821 1132 959 1164 coluisse
983 1131 1073 1173 deos,
1097 1143 1177 1175 quos
1200 1133 1330 1165 flamma
1353 1135 1512 1164 crematos

506 1183 545 1215 In
566 1194 687 1226 prunas
710 1186 837 1216 mutare
860 1184 949 1216 valet
971 1184 1160 1227 cineresque
1184 1187 1343 1227 perustot-x,

505 1234 641 1267 Arboris
665 1239 699 1268 et
721 1235 832 1278 rigidis
855 1236 953 1268 ramis
977 1236 1107 1268 flexisse
1130 1239 1282 1268 verenter

508 1285 602 1318 Colla
626 1287 767 1330 superba
789 1286 863 1327 deo,
885 1287 971 1319 hosti
993 1287 1156 1319 substrata
1178 1287 1331 1330 maligno.

505 1337 622 1370 Nullus
645 1339 730 1370 enim
753 1338 836 1371 hanc
859 1341 979 1371 terram
1002 1338 1078 1370 fidei
1101 1338 1237 1370 sulcavit
1259 1342 1382 1375 aratro;

508 1389 623 1422 Nullus
646 1390 679 1422 in
700 1390 762 1422 hac
785 1390 861 1422 iecit
883 1389 982 1422 divini
1003 1390 1127 1422 semina
1147 1389 1255 1422 verbi:

505 1440 656 1484 Namque
680 1442 774 1474 ferox
797 1442 888 1484 regio
913 1445 947 1474 et
969 1445 1056 1474 terra
1077 1441 1251 1474 infecunda
1274 1441 1413 1473 removit

507 1492 681 1525 Pontifices
705 1496 836 1526 cunctos
858 1503 920 1526 nec
943 1493 1111 1536 quisquam
1135 1496 1185 1525 est
1206 1503 1302 1525 ausus
1325 1492 1415 1524 adire

507 1543 676 1577 Silvicolas
699 1555 806 1588 apros,
829 1555 944 1576 saevas
967 1544 1096 1576 feritate
1121 1544 1284 1576 cohortes:
1406 1586 1408 1588 ‚

507 1594 575 1628 Sed
597 1595 692 1628 labor
713 1597 774 1628 iste
797 1596 905 1639 gravis
927 1599 1038 1628 nostro
1061 1598 1209 1634 servatus
1230 1594 1382 1627 Amando
1406 1597 1463 1626 est.

509 1646 678 1683 Quaerens
701 1658 781 1690 ergo
803 1647 946 1688 modum,
971 1658 1036 1690 quo
1059 1650 1167 1679 tantos
1190 1647 1306 1679 tollere
1328 1649 1439 1689 posset

506 1698 619 1731 Hostis
642 1699 684 1731 ab
707 1699 829 1731 insidiis
851 1699 989 1742 populos
1012 1709 1175 1742 saevoque
1198 1701 1334 1741 tyranno

509 1749 658 1787 Qualiter
680 1754 850 1783 excuteret
872 1750 1028 1794 praedam
1052 1751 1255 1793 spoliumque
1278 1750 1424 1790 referret,

508 1801 650 1835 Dantem
673 1803 743 1835 iura
765 1803 859 1845 gregi
881 1802 1031 1835 Noviomi
1055 1813 1098 1834 ex
1119 1802 1199 1834 urbe
1222 1801 1367 1844 regendo

509 1853 696 1886 Aicharium
720 1854 823 1897 petiit,
847 1865 911 1896 quo
934 1864 1071 1886 cernuus
1092 1854 1155 1886 iret
1177 1854 1210 1886 in
1233 1854 1340 1886 aulam

508 1903 611 1947 Regis
635 1905 726 1946 (tunc
749 1905 870 1937 etenim
892 1904 1007 1937 validis
1030 1905 1190 1936 tractabat
1211 1904 1347 1936 habenis

510 1955 709 1988 Francorum
731 1966 868 1998 regnum
891 1956 1100 1999 Dagobertus
1123 1959 1230 1988 rector
1252 1955 1419 1998 opimum),

508 2005 599 2038 Elius
621 2009 656 2039 et
677 2007 765 2039 iussu
787 2006 918 2038 sibimet
940 2006 1094 2039 mandata
1116 2006 1263 2046 referret,

511 2057 680 2099 Quatinus,
703 2058 736 2090 in
759 2068 850 2090 sacro
875 2058 929 2101 qui
951 2068 986 2090 se
1009 2068 1074 2090 non
1097 2058 1185 2090 fonte
1208 2058 1318 2090 lavare

508 2108 562 2141 Ex
582 2109 645 2142 illis
667 2110 778 2150 vellet,
803 2110 975 2152 conpulsus
999 2109 1193 2142 delueretur.

507 2159 616 2193 Dante
639 2159 702 2193 deo
726 2160 819 2192 citius
842 2170 901 2192 sua
922 2163 999 2192 vota
1021 2163 1164 2192 meretur
1185 2158 1368 2192 Amandus:

511 2211 704 2244 Gandavum
725 2215 882 2255 properat
904 2212 1006 2244 fretus
1028 2212 1146 2244 virtute
1169 2222 1319 2255 superna.

552 2272 611 2305 XI.
635 2272 792 2310 Qualibus
814 2283 893 2315 ergo
913 2283 1031 2316 queam
1053 2273 1180 2316 scriptis
1199 2275 1378 2304 monstrare
1398 2271 1536 2310 labores,

511 2323 600 2360 Quos
622 2324 678 2364 ibi,
701 2323 778 2356 dum
800 2324 935 2356 verbum
958 2324 1060 2356 turbis
1083 2323 1266 2356 crudelibus
1289 2323 1394 2362 infert,

511 2375 652 2408 Pertulit
674 2375 832 2408 inmersus
854 2376 1022 2408 fluviorum
1046 2375 1188 2408 crebrius
1210 2375 1323 2407 undis?

509 2426 580 2459 Nec
602 2430 721 2468 tamen,
745 2430 780 2459 ut
803 2427 927 2470 coeptis
950 2437 1106 2470 umquam
1130 2427 1303 2459 desisteret
1325 2426 1390 2467 ille,

512 2477 672 2521 Oompelli
694 2479 800 2522 potuit
822 2479 1008 2522 populoque
1032 2479 1159 2511 furente
1182 2478 1287 2520 fugari

510 2529 656 2563 Vulnera
677 2540 742 2562 non
764 2540 879 2562 curans
901 2540 961 2562 nec
984 2530 1122 2562 verbera
1144 2530 1229 2562 ferre
1252 2539 1414 2569 recusans,

512 2581 627 2614 Donec
650 2582 806 2614 aetherea
829 2581 970 2624 depulsis
992 2582 1064 2614 luce
1088 2581 1231 2613 tenebris

514 2632 650 2664 Viviflco
673 2637 805 2675 gentem
829 2633 898 2664 vice
922 2643 1016 2664 versa
1038 2633 1070 2664 in
1094 2632 1182 2664 fonte
1206 2632 1338 2663 lavaret.

251 2758 302 2784 291
315 2760 420 2792 lamque
430 2757 455 2783 A
519 2756 572 2784 298
585 2758 644 2783 hinc
655 2757 745 2790 incipi:
758 2757 787 2782 Κ
848 2756 900 2783 299
912 2758 1069 2790 Ayeharium
1079 2757 1105 2782 B
1122 2757 1270 2782 Richarium
1283 2755 1307 2780 A
1372 2755 1424 2780 303
1436 2757 1571 2787 Quatenus
1582 2756 1612 2781 K

508 2799 561 2826 313
577 2802 690 2827 aetheria
702 2801 731 2826 K

1722 169 1784 199 585

1661 2756 1760 2782 iuuaret
1771 2755 1794 2780 A
