2092 3094
30 428 67 448 1⁴⁵

2 721 68 755 'iso

30 991 68 1010 15⁵

30 1271 68 1291 1oe

29 1530 67 1550 ms

0 1840 74 1877 5¹⁶0:

0 1974 29 2063 '⁵00
0 1910 10 1948 ζ’

102 217 274 248 EMINAS

102 267 265 299 ERINIS·

104 317 404 350 ENDROMIDAS

103 369 291 402 EDVLES·

102 523 242 555 ENITI-

103 574 317 607 EXCVDIT·

102 618 327 659 EXPA‘VET-

102 677 298 709 EMETAT·

102 728 313 760 EXTRICO·

103 779 288 812 ESSEDA·

103 831 314 864 ETNOTAT

101 882 355 915 EVFRATEN·

101 934 259 966 EIDEM·
344 940 346 942 '

101 984 283 1018 EXEDIT·

102 1036 351 1070 ENIMVERO-

102 1088 299 1121 EXTVDO·

102 1139 271 1172 EODEM·

103 1249 262 1298 Fum-

102 1315 306 1349 FAscmo-

103 1367 275 1400 manu

102 1419 292 1453 rnmcns

103 1475 243 1504 FENICIS

102 1523 280 1556 namn·

102 1575 309 1608 FEmrvR-

101 1627 332 1664 ramesm-

101 1678 317 1711 mscmAs·

102 1729 353 1763 FvsconAM-

753 131 869 158 MICON
872 131 903 158 IS
923 131 1015 158 OPUS
1035 132 1302 160 PROSODIACUM.
1791 139 1851 170 285

474 218 587 259 recipit
610 217 759 259 geminas
784 219 947 250 sextarius
971 229 1064 251 unus.
1442 216 1646 254 FLAVIAN

472 269 646 311 Diriguere
670 269 755 300 oculi
779 273 828 301 tot
852 271 951 301 erinis
977 270 1087 302 sibilat
1112 271 1234 313 hydris.
1441 268 1580 305 VIRGE

472 321 573 362 tyrias
596 323 630 351 et
653 320 831 352 femineum
857 331 911 352 cer
933 332 1016 352 oma.
1440 325 1471 362 R

473 371 606 414 Diptam
630 382 706 403 num
731 372 854 403 bibitur
878 373 1009 404 cocleae
1034 373 1231 405 manduntur
1254 374 1378 406 edules.

476 423 511 455 Si
536 423 665 455 erudita
688 423 819 465 placent
842 449 850 456 .
875 428 964 456 certe
988 425 1155 466 sponsalia
1180 425 1254 457 divi.

1750 325 1925 357 Euxenum
1948 337 2047 359 mare.

1751 377 1796 408 ita
1821 380 1853 408 et
1876 376 2023 419 pedules.

1442 426 1708 458 MARTIANVS
1724 427 1771 458 IN
1785 427 1922 459 LIBRO

1441 478 1524 509 VIII
1541 477 1600 508 DE
1617 472 1797 510 ASTRON

473 523 546 554 Non
569 524 645 555 sinit
668 525 748 556 eniti
773 536 874 567 regna
898 525 939 557 ad
963 526 1120 558 caelestia
1143 531 1295 558 mentem.
1441 529 1644 560 PROSPER
1750 530 1895 561 Excidit:
1928 529 2060 571 corripi-

474 576 523 606 Ae
547 576 686 617 primum
711 577 812 608 silicis
838 578 1011 609 scintillam
1035 579 1168 610 excudit
1191 579 1334 611 achates.
1441 574 1581 611 VIRGE
1840 572 1913 615 [tur.
1951 572 2056 604 effica-

474 627 542 658 Aut
565 628 692 659 caelum
716 639 780 660 nox
804 632 873 660 atra
897 633 988 661 tenet
1011 635 1110 672 pavet
1133 631 1203 673 ipse
1228 631 1390 663 sacerdos.
1442 625 1528 663 LVI)
1750 633 1975 674 praeteritum:
2000 643 2057 663 ex-

473 678 524 710 Ne
548 679 622 721 plus
646 679 800 711 frumenti
824 679 988 712 dotalibus
1012 685 1135 713 emetat
1159 682 1255 723 agris.
1443 677 1562 714 ORA'I‘
1753 684 1905 725 exequat.
1962 674 2058 718 [Ρᾶνὶ

472 730 659 762 Mercedem
677 735 733 762 aut
749 742 900 763 nummos
917 731 992 763 inde
1009 731 1094 764 unde
1113 733 1253 764 extricat
1268 744 1405 765 amaras.
1443 728 1563 766 ORAT

472 782 643 824 Parvaque
660 793 756 824 quam
768 783 905 825 primum
922 784 1122 826 rapientibus
1137 784 1254 816 esseda
1268 786 1405 818 mannis.
1443 780 1552 818 OV113

473 837 507 865 et
530 833 618 866 delet
641 838 746 866 mutat
769 834 945 877 culpatque
970 835 1162 878 probatque.
1441 831 1570 869 PRISC

473 885 563 921 Quos
587 896 690 928 prope
715 886 913 918 concludunt
936 887 1116 929 euphraten
1141 888 1280 919 collibus
1305 889 1390 920 altis.
1440 883 1569 921 PRISC
1593 888 1642 920 IN
1661 882 1769 920 PER‘I

471 936 524 968 Ire
547 938 599 968 via
622 941 784 980 peragant
807 941 840 969 et
864 938 971 970 eidem
995 939 1182 971 incumbere
1207 943 1325 971 sectae.
1440 933 1612 972 IVVENE

474 987 551 1020 Sive
575 989 687 1020 calens
710 989 810 1021 febris
835 990 972 1021 iactatos
997 990 1109 1022 exedit
1133 994 1234 1023 artus.
1441 991 1638 1029 QVINTVS
1664 990 1867 1023 SERENVS

472 1040 596 1072 Verum
613 1041 700 1072 enim
717 1051 795 1072 vero
812 1042 840 1072 is
857 1041 987 1073 demum
1005 1042 1083 1073 mihi
1100 1043 1210 1074 vivere
1228 1053 1266 1074 ac
1282 1043 1356 1076 frui.
1442 1043 1687 1076 SALVSTIVS

474 1091 658 1123 Extuderat
681 1095 769 1124 carte
792 1091 957 1124 ducebant
981 1103 1074 1124 sacra
1096 1104 1155 1135 per
1177 1094 1302 1126 urbem.
1440 1089 1580 1127 VIRGE

473 1142 682 1185 Bucerieque
705 1154 824 1185 greges
848 1143 964 1175 eodem
989 1144 1049 1176 sub
1073 1145 1217 1187 tegmine
1241 1146 1334 1179 caeli.
1442 1140 1621 1178 LVOREU

473 1194 547 1226 Non
571 1195 686 1227 eodem
712 1205 809 1227 cursu
832 1195 1033 1238 respondent
1056 1196 1171 1228 ultima
1195 1197 1317 1239 primis,
1443 1197 1560 1229 CATO

474 1267 560 1304 Quid
584 1267 644 1299 tibi
669 1278 742 1299 cum
766 1268 841 1300 fiala
864 1269 998 1311 ligulam
1023 1270 1228 1302 committere
1252 1281 1377 1312 posses.
1441 1265 1612 1302 IVVENE

473 1319 594 1351 Nescio
619 1319 690 1361 quis
713 1323 844 1351 teneros
868 1321 982 1351 oculus
1006 1321 1083 1352 mihi
1107 1321 1246 1353 fascinat
1269 1332 1381 1364 agnos.
1442 1316 1580 1354 VIRGE

474 1371 637 1402 caelatum
660 1371 759 1402 divini
783 1382 864 1413 opus
887 1372 1122 1404 alcimedontis.
1441 1368 1580 1405 VIRGE
1749 1371 1913 1403 facessite.

474 1423 568 1464 primi
592 1423 701 1464 magni
724 1423 751 1454 si
775 1423 919 1455 creditur
941 1425 1022 1456 ausi.
1439 1420 1593 1456 LVOAN

472 1486 574 1504 nomen
593 1499 598 1504 .
619 1477 664 1504 cui
682 1478 760 1505 dedit
779 1478 840 1512 ipsa
858 1480 946 1505 vetus.
1440 1474 1536 1506 FORTI·
1750 1472 1851 1504 [fea.

472 1525 601 1557 Fortior
624 1526 758 1558 emicuit
781 1526 881 1558 veluti
904 1527 1001 1558 ferita
1023 1532 1182 1560 maneret.
1750 1523 1921 1556 Fuscinae·

472 1577 616 1620 Ipsaque
641 1578 779 1610 ceruleis
805 1605 811 1611 .
836 1578 949 1610 charta
973 1579 1086 1610 feritur
1110 1580 1212 1621 aquis.
1442 1574 1552 1611 OVID

472 1628 525 1660 Ex
550 1629 628 1661 vitio
652 1629 777 1662 cerebri
801 1630 939 1661 srenesis
963 1630 1088 1662 furiosa
1110 1623 1267 1662 movetur.
1441 1631 1637 1667 QVINTVS
1665 1626 1748 1665 SER

473 1680 555 1712 Sunt
579 1685 612 1712 et
636 1681 759 1713 caseoli
783 1691 863 1723 quos
886 1681 1002 1713 iuncea
1025 1681 1138 1713 fiscina
1163 1682 1273 1714 siccat.
1440 1676 1578 1714 VIRGE

472 1731 620 1764 Caeditio
644 1736 677 1764 et
700 1733 859 1764 fuscolam
884 1733 1091 1765 micturiente
1114 1734 1232 1775 parati.
1440 1728 1610 1766 IVVENE

299 1972 349 1998 143
372 1982 415 1999 cer
436 1977 497 1999 offla
521 1974 547 1998 B

194 2015 311 2041 corraB

196 2101 244 2126 161
265 2102 339 2127 Nesci
358 2101 383 2126 B

300 2186 347 2213 141
367 2194 437 2213 nom,
455 2195 504 2213 om.
525 2187 569 2221 [est
591 2186 666 2214 Rem.
687 2186 756 2214 Fav-
774 2187 805 2214 de
819 2187 902 2221 pond.
922 2187 970 2214 Βκ.
984 2188 1076 2214 PLM.
1097 2188 1125 2221 V,
1140 2188 1173 2215 75
1190 2197 1212 2215 r.
1226 2188 1268 2222 68]
1289 2188 1337 2214 187
1358 2188 1441 2215 VAT.

197 2238 245 2264 148
264 2237 385 2272 (ceroma
407 2237 468 2265 Iuv.
487 2238 539 2272 VI,
559 2238 630 2272 246.)

191 2298 220 2323 p.
239 2288 367 2323 LXIX.)

196 2341 244 2367 147
263 2340 335 2368 silici
354 2341 452 2375 (silicis
469 2341 508 2374 bc)
527 2342 596 2368 Aen.
611 2341 633 2374 1,
648 2342 706 2368 174.

195 2391 286 2426 [Sam.
299 2392 322 2426 Ι,
335 2393 363 2426 3,
383 2393 428 2427 88]
448 2393 520 2420 unde
541 2393 614 2420 unde
636 2394 685 2420 113
703 2397 726 2420 et
743 2394 794 2420 247
812 2394 895 2420 VAT.

195 2443 245 2470 153
267 2443 351 2470 ffiec.
373 2443 477 2479 Pen'eq.
499 2445 559 2471 928.

196 2495 245 2521 156
262 2494 372 2522 Sallust.
391 2494 470 2522 Cam.
488 2495 546 2528 29.
566 2496 609 2530 [αι-
632 2496 767 2523 Pam-ian.
785 2497 908 2530 XVIII,
920 2496 982 2531 69?]

196 2546 245 2572 159
259 2545 354 2573 Caum.
366 2545 428 2574 dist.
441 2546 501 2580 (Bc.
520 2547 615 2574 PLM.
628 2547 685 2581 III,
697 2548 760 2581 218)
774 2548 798 2581 I,
812 2549 852 2581 18,
861 2548 886 2574 2.

194 2605 256 2624 cum
280 2597 392 2625 mittere
416 2599 448 2626 16
466 2598 548 2626 VAT.

195 2649 244 2676 164
269 2649 366 2676 fenicis
392 2653 442 2683 (ut.
466 2650 539 2677 Corb.
565 2651 613 2684 qui
636 2659 742 2677 carmen
761 2652 840 2684 ponit
867 2652 936 2678 inter
962 2651 1088 2683 Fortun.)
1115 2651 1191 2678 Lact.
1220 2651 1320 2678 Phocu.
1343 2651 1385 2677 66.

194 2699 298 2726 Solam.
312 2700 338 2733 Ι1
353 2701 403 2728 174
421 2701 511 2728 Exod.
524 2701 578 2736 83.)

203 2750 284 2778 Vmic.
303 2752 391 2785 codd.)
410 2752 484 2787 Copa
505 2754 543 2780 17.

440 2017 487 2042 151
517 2016 620 2049 rimedii]
649 2025 776 2049 cuper-cor.
798 2025 881 2049 genus
910 2018 1023 2043 ueliiculi
1048 2017 1073 2042 B

196 2058 247 2084 155
264 2059 347 2084 talem
365 2067 432 2084 corr.
450 2059 476 2084 B

468 1854 591 1879 Sordibus
608 1854 645 1884 (ut
664 1853 719 1878 Vae.
731 1853 836 1885 quidam
854 1854 971 1878 wrdidus
984 1854 1068 1884 ceteri)
1085 1854 1191 1879 exaluus
1205 1854 1302 1879 vicinas
1315 1854 1405 1887 polluit
1425 1863 1502 1879 auras
1520 1856 1592 1880 alter.
1611 1864 1681 1880 man.
1700 1856 1714 1880 b
1733 1856 1825 1885 (Prnd.
1838 1856 1928 1892 Psych,
1940 1859 1991 1891 52.)

661 1973 710 1999 147
735 1974 829 1999 scilicis
854 1974 880 1999 B
992 1973 1041 1999 148
1059 1974 1152 2006 celum]
1171 1983 1200 2000 ce
1218 1976 1245 2000 in
1269 1976 1285 2000 I.
1304 1984 1326 2000 r.
1346 1975 1379 2006 B,
1402 1976 1507 2008 expauit
1528 1977 1554 2000 in
1578 1977 1671 2009 expaui
1695 1977 1749 2001 sine
1778 1978 1849 2009 eiquo

1202 2017 1250 2044 153
1275 2019 1392 2044 eufraten
1422 2027 1488 2043 corr.
1507 2019 1532 2043 Β
1662 2018 1712 2044 154
1741 2020 1808 2044 uiam
1834 2020 1848 2044 b

617 2059 665 2085 157
684 2068 743 2085 arce
761 2061 775 2085 h
908 2060 957 2086 159
975 2062 1102 2085 (Jommufl
1120 2061 1212 2086 sulaha
1231 2062 1324 2086 lemma
1341 2061 1427 2086 adecr.
1446 2061 1470 2086 B
1602 2061 1651 2086 160
1668 2070 1727 2086 cum
1745 2063 1815 2087 mitte
1834 2063 1848 2087 b

472 2101 520 2127 164
539 2101 574 2135 Β]
593 2112 642 2128 om.
660 2103 696 2136 ὀμ
751 2109 832 2129 uetus.
853 2104 884 2128 de
902 2112 951 2129 aue
971 2103 995 2127 B
1048 2105 1060 2127 f
1079 2100 1088 2109 “
1109 2112 1139 2128 ca
1159 2103 1196 2128 B:
1218 2105 1315 2129 festuca
1333 2113 1385 2129 mm
1404 2104 1454 2134 suit
1544 2103 1592 2128 165
1611 2104 1729 2135 Fuscines
1745 2104 1767 2128 B

1563 2189 1612 2215 142
1624 2189 1691 2214 Aen.
1711 2188 1774 2221 Vll,
1788 2189 1846 2215 447.

740 2239 788 2265 144
809 2239 999 2274 (diptamnum
1017 2243 1049 2266 ut
1068 2240 1095 2266 B
1110 2242 1133 2266 et
1151 2240 1233 2266 VAT.
1253 2239 1342 2266 Scren.
1360 2239 1431 2266 Sam.
1444 2240 1493 2266 617
1515 2239 1564 2271 cfr.
1578 2239 1671 2266 Alcim.
1693 2239 1731 2266 ccl.
1752 2239 1848 2273 Peipe‘r

1191 2291 1240 2317 146
1258 2290 1352 2324 Pwsp.
1365 2291 1460 2324 Ispiyr.
1473 2290 1648 2316 LXXXIII
1665 2290 1810 2324 (LXXX)
1822 2291 1846 2318 9.

1211 2343 1260 2369 149
1278 2342 1346 2368 Hor.
1359 2342 1446 2375 qut.
1461 2342 1482 2374 I,
1497 2343 1520 2374 a,
1534 2342 1575 2368 21.
1681 2342 1732 2368 150
1750 2335 1848 2368 ORAT

999 2395 1047 2421 151
1068 2395 1157 2420 Amor.
1172 2394 1216 2426 ΙΙ,
1237 2394 1281 2426 16,
1295 2394 1329 2420 49
1436 2394 1484 2419 152
1505 2393 1578 2419 Ouid.
1591 2393 1702 2420 Metam.
1715 2393 1770 2425 IX,
1789 2394 1850 2421 524.

678 2445 727 2471 154
749 2445 795 2471 via
822 2448 960 2480 peragant
986 2447 1027 2478 (ul
1050 2445 1198 2477 Pithoean.)
1220 2445 1276 2471 Ima
1297 2444 1378 2477 XIV,
1397 2445 1454 2470 122.
1560 2444 1609 2470 155
1635 2443 1689 2471 Sa.
1711 2444 1783 2471 Sam.
1805 2445 1847 2470 89.

1069 2497 1116 2523 157
1141 2498 1234 2523 castae
1252 2495 1319 2523 Aen.
1339 2495 1418 2529 VIII,
1431 2497 1490 2522 665.
1571 2496 1620 2522 158
1639 2495 1721 2522 Duc-r.
1735 2496 1775 2528 II,
1788 2496 1847 2522 662.

962 2549 1012 2575 160
1025 2548 1090 2574 IVV
1104 2548 1160 2582 [secl
1173 2550 1209 2574 est
1223 2548 1308 2574 Mart.
1328 2547 1407 2580 VIII,
1421 2547 1464 2579 33,
1477 2547 1511 2573 23
1530 2546 1703 2573 committere
1720 2546 1846 2580 Puteum]

1041 2601 1090 2626 162
1108 2600 1167 2626 Ecl.
1182 2599 1237 2632 III,
1251 2599 1292 2626 37.
1398 2599 1448 2625 163
1472 2598 1563 2625 famae
1588 2597 1611 2624 si
1634 2598 1703 2625 Imc.
1717 2598 1774 2631 HI,
1788 2598 1846 2626 220.

1508 2650 1558 2676 165
1583 2648 1724 2683 (Cypriam.
1754 2649 1846 2683 Spicil.

1500 2702 1550 2727 168
1570 2701 1668 2727 iuncea
1686 2702 1726 2734 (ut
1739 2703 1847 2734 praeter

476 2289 529 2325 145¹
547 2289 630 2317 Man.
646 2284 722 2324 Cap)
731 2290 822 2325 (Eyas.
835 2291 899 2323 332,
911 2291 938 2323 4)
958 2291 1012 2322 IX,
1025 2291 1083 2318 888.

818 2342 868 2369 148
886 2342 953 2368 Luc.
967 2343 1023 2375 III,
1036 2343 1095 2369 424.

656 2600 703 2626 161
728 2599 786 2626 Ed.
806 2599 933 2632 111,103.

688 2703 737 2729 166
758 2702 836 2729 Triat.
857 2703 878 2735 I,
900 2704 939 2735 11,
951 2704 993 2731 40.
1110 2703 1159 2729 167
1180 2703 1237 2729 Ser.
1257 2702 1330 2729 Sam.
1349 2701 1390 2728 87.

648 2754 698 2780 169
717 2755 746 2780 et
765 2754 852 2781 Fusco
871 2754 926 2781 iam
948 2754 1004 2780 Iuv.
1026 2754 1106 2786 XVI,
1118 2755 1160 2781 46.
