2060 3074
466 482 502 500 115

463 739 500 758 12⁰

463 998 499 1018 1²5

461 1259 497 1278 1³0

458 1518 494 1538 1³5

457 1776 494 1796 uo

455 2038 492 2057 1⁴⁵

454 2298 491 2317 1⁵⁰

454 2555 490 2575 1⁵⁵

164 2782 293 2816 humoque
303 2784 367 2809 deus
385 2784 456 2809 Wiou

584 59 604 86 T-

600 175 751 202 CARMEN
772 176 817 202 DE
836 177 862 203 S.
882 176 1086 204 BENEDICTO
1107 177 1403 204 INTERPOLATUM.

542 262 652 294 Aurea
675 262 760 293 dona
783 262 867 304 patri
891 263 1068 296 funduntur
1092 265 1227 296 caelitus
1251 265 1345 304 almo,

587 313 630 345 Ut
652 324 790 356 poscens
815 314 944 350 habeat,
969 315 1081 347 debita
1104 327 1167 358 quo
1190 316 1326 358 redigat.
1352 335 1391 339 —

540 365 608 396 Vas
634 366 769 397 vitreum
794 367 913 397 montis
937 377 996 409 per
1019 378 1100 399 saxa
1123 368 1269 410 patentia
1292 379 1434 400 mersum

583 417 717 449 Illesum
742 420 868 459 perstat
891 428 985 450 omne
1009 422 1124 451 tenens
1148 420 1265 452 oleum.
1290 439 1328 442 —

540 469 618 500 Post
641 469 806 500 dominum
830 470 976 511 rogitans
1000 470 1120 502 dolium
1146 472 1320 514 complevit
1343 472 1435 510 olivo,

582 521 670 552 Ante
695 521 781 563 quod
805 521 866 552 hoc
889 522 1020 564 penitus
1044 523 1216 554 exstiterat
1239 533 1387 555 vacuum.
1411 542 1453 546 --

540 572 622 612 ‘Quo
645 583 812 615 properas,
837 573 991 612 Sathena,
1015 574 1213 606 medicorum
1239 584 1327 605 more
1351 578 1482 617 paratus
1492 574 1516 605 ‘!’

582 624 697 664 ‘Vado,
722 625 785 656 tuis
808 629 918 667 potum
943 626 1096 658 fratribus
1120 629 1156 657 ut
1179 625 1338 657 tribuam.’

539 675 685 708 Dextera
709 679 822 708 sancta
846 687 958 709 senem
983 687 1058 708 mox
1082 677 1138 709 illo
1162 677 1320 709 daemone
1344 682 1472 720 captum

580 727 726 759 Salvavit
748 729 860 770 patris,
884 728 1009 771 depulit
1034 732 1066 760 et
1091 729 1277 761 Sathanam.
1303 749 1340 753 --

538 779 693 811 Rusticus
716 779 894 812 adveniens
919 781 1114 812 constrictus
1138 781 1272 812 brachia
1296 782 1371 813 loris

580 831 632 862 Ad
655 832 793 874 primum
817 833 921 864 sancti
946 833 1082 864 solvitur
1105 832 1266 864 intuitum.
1291 852 1332 857 --

537 882 684 915 Postulat
707 884 839 915 orbatus
863 884 954 916 reddi
979 884 1039 916 sibi
1063 885 1182 927 pignus
1206 884 1411 927 ademptum:

580 934 727 978 Cumque
751 939 845 978 rogat
867 940 1009 975 sanctus,
1034 937 1099 968 vita
1122 936 1207 968 redit
1230 947 1340 979 puero.
1366 957 1406 960 —

538 986 638 1019 Sacra
661 998 753 1019 soror
775 988 927 1030 precibus
951 988 1135 1020 diffundens
1161 989 1298 1020 caelitus
1321 989 1455 1021 imbrem

579 1038 719 1071 Invitum
745 1050 855 1071 secum
880 1044 974 1072 nocte
998 1044 1123 1083 patrem
1147 1040 1274 1073 retinet.
1299 1059 1341 1063 —

537 1090 617 1123 Post
640 1091 780 1123 triduum
805 1093 905 1124 frater
927 1092 1074 1134 gaudens
1098 1091 1139 1124 de
1163 1096 1266 1124 morte
1290 1093 1407 1124 sororis

577 1143 673 1175 Hanc
697 1144 835 1175 tumulat
858 1145 989 1186 proprio
1013 1145 1158 1186 protinus
1181 1145 1214 1175 in
1237 1145 1371 1177 tumulo.

535 1194 641 1227 Unica
663 1198 849 1228 sanctorum
873 1197 993 1228 retinet
1016 1207 1100 1228 nunc
1123 1207 1199 1228 arca
1222 1196 1359 1228 duorum

577 1246 728 1289 Pignera,
753 1258 833 1290 quos
859 1249 953 1280 terris
977 1248 1083 1280 iunxit
1107 1251 1141 1280 et
1161 1248 1253 1280 ethre
1277 1248 1366 1280 deus.
1392 1268 1431 1271 —

535 1298 728 1331 Sanctorum
752 1300 803 1331 hic
827 1300 951 1332 animas
976 1299 1016 1332 ad
1041 1300 1124 1332 caeli
1148 1299 1268 1342 gaudia
1291 1300 1394 1332 cernit

576 1350 745 1392 Angelicis
769 1352 853 1383 ulnis
878 1352 938 1383 hoc
962 1362 1020 1394 per
1043 1352 1138 1384 inane
1163 1351 1247 1383 vehi.

533 1401 634 1434 'sotus
658 1402 752 1434 adest
775 1403 860 1434 orbis
884 1403 1038 1435 collectus
1063 1403 1141 1434 solis
1165 1403 1205 1434 ad
1229 1403 1330 1435 instar

574 1453 737 1496 Tempore
762 1455 821 1486 sub
845 1455 948 1486 noctis
972 1455 1106 1493 visibus,
1131 1455 1225 1494 alme,
1249 1455 1322 1486 tuis.

531 1505 638 1538 Testis
662 1506 754 1539 adest
777 1507 893 1547 meriti,
918 1507 1104 1539 Servandus
1129 1507 1268 1543 nomine,
1292 1507 1415 1549 magni;

574 1558 672 1590 Lucis
696 1559 783 1591 enim
806 1563 931 1602 partem
956 1560 1059 1591 cernit
1083 1563 1116 1590 et
1139 1559 1207 1601 ipse
1231 1559 1335 1591 simul.
1361 1578 1401 1582 —

532 1609 670 1652 Regula,
694 1615 805 1643 sancte
829 1615 931 1654 pater,
956 1611 1075 1643 multos
1099 1614 1154 1643 tua
1177 1611 1275 1642 mittit
1297 1610 1339 1643 ad
1362 1611 1487 1643 ethram

574 1661 773 1695 Oonsocians
797 1664 916 1695 sanctis
939 1663 998 1695 hos
1022 1673 1119 1705 super
1141 1666 1228 1694 astra
1252 1663 1369 1695 choris.
1393 1682 1434 1686 —

531 1713 630 1746 Flans
654 1714 773 1747 domini
797 1715 938 1747 famulus
963 1715 1103 1746 animam
1127 1725 1199 1746 cum
1222 1714 1371 1746 laudibus
1395 1715 1487 1746 almis

573 1765 709 1798 Mirifice
733 1766 821 1798 scala
845 1766 971 1797 scandit
994 1766 1034 1797 ad
1057 1770 1146 1798 astra
1169 1766 1244 1808 poli.

531 1817 635 1849 Pallia
658 1821 848 1850 sternuntur
870 1818 977 1849 divino
1001 1818 1122 1849 lumine
1146 1817 1258 1857 mixta,

574 1870 647 1907 Qua
670 1881 763 1903 sacer
785 1871 934 1902 ascendit
956 1870 997 1902 ad
1021 1880 1113 1902 sacra
1137 1880 1236 1912 regna
1258 1873 1360 1912 pater.
1384 1887 1424 1892 --

530 1922 663 1954 Perdita
686 1926 794 1955 mente
818 1933 952 1954 manens
978 1922 1093 1954 mulier
1117 1932 1175 1964 per
1197 1921 1292 1953 devia
1315 1921 1485 1958 scandens,

573 1974 691 2013 Huius,
715 1975 806 2006 salva
828 1975 897 2009 fuit,
922 1985 995 2006 cum
1019 1984 1134 2016 specus
1158 1973 1292 2006 introiit.
1314 1991 1355 1996 -

529 2025 673 2058 Plurima
695 2027 788 2068 signa
812 2026 869 2058 tibi
895 2026 1057 2058 concessit
1080 2025 1185 2067 gratia
1209 2024 1341 2063 Christi,

573 2078 601 2109 O
625 2082 719 2120 pater
743 2079 888 2120 insignis,
911 2089 994 2120 quae
1018 2077 1112 2109 modo
1138 2087 1232 2109 nemo
1257 2077 1347 2109 sciat.

531 2129 595 2162 Sed
619 2141 702 2172 quae
726 2134 905 2162 noscuntur
928 2129 1037 2161 mundi
1062 2140 1120 2172 per
1144 2129 1284 2167 climata,
1308 2129 1464 2170 quisnam,

571 2181 617 2213 Ut
641 2186 697 2214 tua
720 2182 806 2214 facta
829 2182 934 2221 decet,
958 2192 1102 2224 pangere
1126 2181 1187 2213 rite
1210 2177 1330 2222 queat?

529 2234 664 2271 Quaeve
688 2234 806 2266 micant
830 2233 926 2265 hodie
950 2233 1114 2275 signorum
1138 2233 1225 2264 facta
1248 2232 1388 2275 priorum

571 2284 783 2328 Temporibus
809 2285 927 2316 uostris
951 2287 1047 2326 gesta
1069 2284 1133 2315 tuis
1157 2283 1302 2314 meritis?

527 2336 677 2368 Andreas
701 2337 819 2368 etenim
844 2335 1006 2367 Germano
1030 2336 1175 2378 germine
1201 2338 1310 2366 cretus

570 2387 682 2420 Rectis
706 2398 770 2419 non
794 2397 946 2429 umquam
971 2387 1138 2429 gressibus
1163 2387 1208 2418 ire
1233 2385 1356 2421 valens,

527 2439 604 2471 Mox
626 2440 683 2471 ubi
706 2440 884 2482 promeruit
906 2442 964 2471 tua
987 2439 1097 2470 limina
1122 2442 1255 2480 tangere
1280 2438 1403 2480 templi.

570 2491 746 2534 Extemplo
769 2501 881 2533 sospes
905 2490 1003 2522 dante
1027 2490 1087 2522 suit
1112 2489 1251 2521 domino.

528 2542 621 2574 Alter
645 2545 829 2584 serpentem
852 2546 986 2584 gestans
1010 2542 1042 2573 in
1066 2545 1180 2573 ventre
1205 2542 1368 2577 latentem,

570 2594 759 2626 Obstaclum
783 2594 907 2625 nullum
931 2595 982 2625 cui
1007 2593 1169 2626 medicina
1192 2592 1305 2633 dabat,

16 2826 28 2843 ’θ
165 2829 194 2851 ut
212 2825 285 2851 Wion
383 2826 430 2852 156
448 2825 599 2862 obstaclum]
617 2827 686 2851 clum
704 2826 732 2851 in
750 2826 767 2851 l.
785 2835 807 2851 r.
828 2825 850 2849 V

29 2866 44 2882 ⁹
268 2876 372 2904 Pons:
390 2885 473 2903 ωτικι
491 2884 550 2903 aevi
568 2876 693 2904 Csnoum
714 2875 761 2910 111,
773 2876 797 2902 2.

1757 181 1813 210 40¹

268 2739 317 2766 124
334 2749 392 2766 cum
411 2741 506 2774 rogitat
525 2741 595 2766 Wiou
699 2739 748 2765 129
767 2749 826 2765 arca
843 2749 873 2765 cx
891 2741 930 2765 sil.
951 2739 974 2763 V
1075 2739 1124 2765 130
1140 2740 1213 2765 terris
1231 2739 1316 2764 iunxit
1332 2743 1358 2764 et
1375 2740 1445 2765 ethre
1458 2741 1520 2766 deus
1539 2741 1575 2775 V]
1595 2742 1700 2767 aethrae
1718 2742 1803 2768 iunxit

539 2782 586 2808 147
605 2792 672 2816 quae
683 2782 833 2816 noscuntur]
854 2789 887 2819 ας
906 2786 1046 2808 noscuntur
1058 2783 1086 2807 in
1098 2783 1115 2807 l.
1129 2791 1150 2807 r.
1171 2782 1195 2806 V
1237 2790 1281 2815 per
1298 2783 1387 2808 mundi
1399 2783 1502 2810 elimata
1520 2784 1592 2810 Wion
1677 2784 1726 2811 153
1745 2784 1801 2817 ubi]
