2040 2996
805 113 913 140 LIBER
930 112 1076 140 PRIMUS.
1719 123 1757 153 19

623 168 644 187 ,δ

477 201 522 234 Et
543 211 640 233 roseo
662 199 735 232 duri
758 203 957 242 sparguntur
979 201 1137 243 sanguine
1160 205 1282 234 cautes.

476 253 538 285 Ille
562 253 646 285 inter
667 251 833 284 dominum
858 251 1052 294 crepitantia
1075 264 1155 285 saxa
1177 257 1327 295 precatur

380 313 420 332 ⁴⁸⁰
476 304 599 337 Palmis
622 303 793 346 expansis:
818 302 893 340 ‘Qui
916 313 968 335 me
992 303 1136 346 dignaris
1161 305 1202 336 ab
1226 305 1289 337 ista

476 355 611 389 Aufer-ri
632 355 700 387 vita
722 354 901 386 cruciatum
924 355 1075 397 martyris
1097 357 1209 397 instar,

477 407 506 440 O
529 407 622 447 deus,
646 409 825 449 perpetuae
849 406 935 438 vitae
960 406 1039 437 mihi
1062 406 1163 439 redde
1187 409 1359 442 coronam'.

477 459 578 502 Optat
602 461 636 490 et
658 458 729 501 ipse
751 458 847 489 simul
870 461 962 489 vates
988 468 1061 490 cum
1084 458 1184 490 fratre
1209 470 1362 492 coronam

474 511 651 554 Pei-cipere
675 512 708 541 et
730 508 854 551 fragilis
872 509 966 541 ,vitae
989 510 1054 541 iam
1078 510 1230 543 claudere
1254 515 1383 550 metam,

378 570 416 589 48⁵
476 562 521 594 Ut
544 562 641 594 simul
665 561 698 593 in
721 561 821 593 caelis
844 561 1030 594 fruerentur
1053 562 1178 594 civibus
1199 564 1304 595 almis.

543 614 680 646 Distulit
702 612 819 645 infelix
841 611 1005 644 Ebroinus
1029 615 1179 656 martyris
1201 615 1277 646 almi

475 666 672 698 Accelerare
695 664 796 701 diem;
820 665 923 696 voluit
946 664 1075 696 differre
1100 676 1251 698 coronam

386 736 454 743 γῶν
474 710 617 757 Psi-tam,
640 716 857 759 blasphemiis
881 716 1047 748 dominum
1071 727 1134 759 quo
1158 721 1306 760 carperet
1329 719 1411 751 acris

474 769 548 802 Neu
570 769 675 812 possit
696 768 821 800 meritis
845 771 1031 800 sanctorum
1056 769 1183 811 equalis
1207 770 1330 802 haberi.

377 829 417 848 ⁴⁹⁰
474 821 580 859 Quam
602 821 752 853 dominus
775 820 897 852 famulo
920 820 1040 852 devoto
1063 824 1172 852 servat
1195 821 1394 854 habendam:

474 873 631 916 Impietas
654 873 796 905 humana
819 872 909 915 cupit
932 872 1114 904 subducere
1138 877 1294 915 quantum

473 925 560 958 Altis
582 936 602 958 e
625 925 759 958 sedibus
783 924 912 963 fratres,
935 925 1042 967 pietas
1065 928 1175 957 tamen
1199 925 1272 957 illos

475 977 557 1009 Cum
581 977 681 1009 caelis
705 977 810 1008 sociat
833 979 959 1008 tantum
982 975 1093 1008 divina
1116 987 1176 1019 per
1198 987 1325 1009 aevum.

474 1029 562 1072 Ergo
584 1033 678 1073 putat
700 1029 836 1062 demens
860 1028 1003 1060 divinam
1027 1029 1159 1061 flectere
1182 1040 1271 1061 more

377 1090 415 1109 ⁴⁹⁵
472 1081 627 1113 Humano
650 1084 805 1121 mentem,
827 1080 885 1112 sed
909 1091 974 1112 non
998 1080 1080 1112 deus
1104 1081 1244 1113 flectitur
1267 1082 1334 1113 ulla

472 1133 613 1174 Fraude,
635 1133 689 1176 pia
712 1144 732 1165 a
754 1133 858 1165 servis
881 1133 936 1175 qui
960 1143 1135 1175 numquam
1159 1133 1315 1164 avertitur
1338 1144 1426 1165 aure.

471 1185 565 1225 Inde,
587 1185 644 1218 ubi
666 1185 841 1227 conspexit
863 1184 947 1216 vatis
971 1184 1164 1227 praecordia
1187 1185 1288 1223 firma,

472 1238 636 1280 Ingemuit
658 1237 750 1279 nigro
774 1237 923 1269 stimulos
947 1236 1008 1268 sub
1032 1240 1163 1279 pectore
1187 1247 1321 1268 versans

471 1289 567 1322 Mens
591 1289 714 1322 infecta
735 1288 848 1326 malis;
872 1288 991 1320 ardens
1015 1288 1101 1320 furor
1123 1288 1246 1320 addidit
1268 1289 1358 1320 iram.

375 1349 414 1368 ·'›⁰⁰
471 1341 555 1374 Tum
578 1342 702 1382 mitem,
725 1341 894 1380 humilem,
917 1341 1095 1383 patientem
1120 1341 1218 1373 eorde
1243 1344 1379 1372 venusto

471 1394 639 1427 Piscinam
662 1393 826 1436 quandam
850 1393 944 1425 nudis
969 1392 1121 1425 incedere
1145 1393 1263 1435 plantis

471 1445 583 1486 Iussit,
607 1455 692 1487 quae
714 1447 808 1477 vasto
832 1444 893 1476 sub
916 1444 1046 1486 gurgite
1071 1447 1180 1486 gestat
1202 1447 1314 1476 acutos

470 1496 510 1529 In
532 1507 655 1530 morem
678 1496 805 1540 lapides
829 1496 1006 1528 clavorum.
1052 1495 1171 1538 Figere
1194 1506 1324 1538 gressus

470 1549 542 1586 Quo
566 1549 675 1581 iussus
697 1547 794 1580 nudis
818 1547 957 1591 pedibus
980 1548 1166 1580 calcaverat
1189 1558 1328 1586 amnem,

374 1608 411 1627 ⁵0⁵
469 1600 556 1632 Dum
580 1611 673 1633 cruor
695 1599 876 1633 horrendus
901 1600 1004 1632 scissa
1026 1599 1067 1632 de
1091 1600 1178 1642 pelle
1203 1599 1342 1631 cucurrit

470 1652 513 1684 Et
535 1652 639 1684 roseis
662 1652 741 1684 rivis
763 1651 907 1684 bibulam
932 1651 1076 1694 perfudit
1099 1661 1243 1683 arenam.

470 1705 606 1748 Iamque
629 1705 787 1748 fatigatus
810 1704 950 1748 pedibus
976 1704 1027 1736 vel
1051 1714 1187 1747 corpore
1209 1704 1318 1734 fessus

471 1757 624 1790 Substitit
647 1761 682 1789 et
703 1756 848 1800 trepidos
869 1757 993 1789 crebris
1017 1756 1122 1798 qustit
1145 1755 1263 1787 ictibus
1285 1757 1384 1786 artus.

469 1809 654 1853 Conpulsus
677 1809 753 1841 latis
776 1808 909 1841 tandem
934 1809 1151 1852 prosternitur
1173 1807 1269 1845 arvis,

373 1869 411 1887 ⁵¹⁰
468 1860 556 1893 Dum
579 1861 668 1894 labia
689 1860 814 1893 abscidi
838 1860 924 1893 ferro
949 1861 1002 1892 vel
1027 1860 1138 1903 lingua
1161 1860 1324 1893 iubentur.

468 1913 598 1946 Ablatis
621 1913 736 1954 oculis,
759 1913 870 1955 lingua
893 1912 1098 1955 geminisque
1122 1912 1260 1951 labellis,

468 1965 644 1999 Gressibus
667 1965 723 1998 ille
745 1965 891 2008 fatigatis
917 1975 975 1997 seu
998 1975 1134 2008 corpore
1156 1968 1224 1997 toto

469 2018 595 2051 Officiis
617 2018 722 2051 solitis
746 2027 906 2049 summum
931 2017 1064 2049 laudare
1088 2021 1255 2051 tonantem

466 2070 651 2113 Necquivit,
674 2069 790 2102 laudes
813 2069 943 2101 domino
965 2069 1023 2101 sed
1047 2074 1157 2102 mente
1180 2071 1318 2112 gerebat

372 2131 410 2150 ³¹5
469 2122 618 2167 Supplex
639 2125 738 2165 atque
761 2122 832 2165 pias
858 2121 979 2154 Christi
1004 2121 1124 2154 direxit
1146 2122 1187 2154 ad
1210 2133 1315 2155 aures.

469 2174 547 2215 Sed,
569 2185 643 2207 cum
666 2173 847 2217 presidium
870 2173 1046 2205 humanum
1070 2174 1131 2206 sibi
1155 2174 1258 2206 crevit
1280 2174 1408 2215 abesse,

469 2226 639 2259 Auxilium
662 2225 785 2258 Christi
808 2225 870 2257 sibi
894 2229 1047 2257 constans
1074 2225 1166 2258 obtat
1188 2226 1316 2258 adesse.

468 2279 560 2311 Tune
582 2278 707 2322 pietate
729 2288 846 2310 carens
870 2277 1045 2316 Ebroinus,
1069 2277 1166 2309 corda
1189 2288 1315 2310 veneno

203 2394 257 2421 478
281 2395 360 2422 durae
382 2403 435 2422 non
460 2403 516 2428 συξη
539 2401 618 2419 mma
685 2390 689 2394 ’
712 2391 764 2418 488
787 2392 956 2426 *plasphemis
983 2392 1005 2425 G
1100 2389 1151 2416 494
1175 2391 1290 2416 divinum
1317 2391 1340 2415 G
1363 2399 1429 2416 corr.
1454 2390 1479 2415 P
1573 2389 1625 2415 50⁶2
1650 2398 1699 2422 que
1726 2389 1748 2414 G

101 2435 153 2463 506
170 2446 258 2464 niseus
278 2439 301 2465 0
318 2447 387 2465 corr.
406 2438 432 2464 P

202 2505 256 2533 4⁷8
272 2505 359 2534 durae
376 2506 471 2534 cantes
490 2503 635 2539 Veryaian.
721 2502 772 2529 487
795 2501 871 2528 For-t.
885 2501 912 2527 0.
927 2501 983 2534 IX,
1001 2501 1026 2529 4,
1048 2501 1079 2526 10
1096 2499 1275 2526 Accelerante
1293 2499 1347 2526 die.
1433 2499 1485 2526 496
1504 2498 1624 2525 Ermold.
1638 2499 1677 2532 II,
1695 2499 1746 2525 259

101 2555 155 2590 (Π,
165 2557 212 2591 32)
223 2559 246 2584 d
257 2558 309 2585 382
321 2558 378 2592 (ὃὸ)
389 2566 457 2585 aure
469 2557 524 2592 pia.
593 2556 646 2583 498
657 2555 703 2588 οἶν.
713 2555 772 2580 351.
842 2553 894 2580 499
907 2553 971 2579 Met.
984 2552 1057 2584 XII,
1069 2552 1121 2578 :3²32
1133 2551 1212 2578 dolor
1225 2550 1334 2577 addidit
1346 2550 1424 2576 iram.
1494 2550 1545 2577 502
1557 2551 1622 2576 Aen.
1636 2549 1684 2583 VI,
1697 2549 1745 2576 741

101 2607 153 2635 nub
175 2608 290 2643 gurgite
311 2610 400 2636 vam.
486 2608 538 2635 503
556 2607 663 2634 Iurene.
677 2605 741 2639 Ill,
768 2606 816 2632 113
835 2605 976 2631 immersos
996 2605 1078 2638 ligere
1097 2611 1214 2637 gressus.
1301 2603 1354 2629 506
1373 2604 1438 2628 Aen.
1453 2601 1512 2635 XI,
1535 2601 1586 2629 626
1605 2601 1748 2636 perfundit

101 2666 213 2686 uenam
230 2679 237 2687 .
254 2659 355 2687 Bibula
372 2668 457 2687 arena
474 2667 494 2686 e.
507 2667 534 2694 9.
548 2658 596 2685 Ge.
613 2658 638 2691 I,
657 2658 714 2684 114.
800 2658 853 2683 508
872 2656 929 2683 Cal.
945 2657 994 2682 196
1013 2655 1115 2682 crebris
1129 2675 1134 2681 .
1148 2675 1154 2682 .
1170 2667 1172 2670 .
1190 2654 1292 2680 letibus
1311 2662 1372 2680 ossa
1390 2653 1468 2683 ferit:
1493 2653 1541 2685 cfr.
1555 2654 1622 2679 Aen.
1637 2653 1667 2686 V,
1686 2653 1745 2680 432.

101 2710 152 2741 5oe
163 2712 229 2738 Aen.
248 2710 327 2745 ῩΠζ
345 2712 397 2739 ὅῡὸ
409 2711 476 2739 latis
489 2731 496 2738 .
509 2730 516 2737 .
529 2731 536 2737 .
549 2710 636 2742 arvis„
654 2709 700 2742 cfr.
712 2716 797 2741 supra
812 2709 867 2735 170.
937 2708 988 2733 512
1007 2706 1092 2732 Sedul.
1110 2706 1138 2739 V,
1160 2707 1208 2732 1:39
1224 2705 1272 2732 sed
1285 2713 1398 2739 corpore
1416 2706 1483 2731 toto.
1554 2705 1604 2730 513
1624 2704 1670 2736 cfr.
1684 2704 1742 2730 420.

101 2762 153 2789 515
169 2762 215 2796 φ.
232 2763 292 2790 496.
378 2763 429 2790 518
448 2762 537 2790 δαῖτα.
551 2762 591 2795 11,
611 2763 660 2788 109
679 2760 733 2794 Qui
752 2760 858 2795 pietate
877 2761 959 2786 earet.

1506 2803 1541 2828 3*
