2040 2996
261 107 318 137 142

852 101 962 129 PAULI
982 100 1115 128 ALBARI
1134 99 1310 128 CARMINA.

675 189 739 226 Qui
763 191 912 220 temnens
935 189 1035 220 fluida
1058 187 1246 220 conscendit
1269 187 1378 219 lucida
1400 187 1481 219 caeli

675 241 745 272 Nec
768 244 871 272 morte
893 241 999 284 periit,
1024 240 1081 272 sed
1105 240 1185 272 vibit
1209 239 1288 271 sede
1312 239 1481 282 perhenni.

675 292 817 332 Credite,
841 303 955 334 queso,
980 292 1072 323 mihi:
1096 291 1188 330 vibit,
1211 301 1270 333 per
1294 290 1405 322 secula
1428 290 1519 329 vibit,

598 351 623 369 ¹⁰
677 343 830 386 Quisquis
854 344 969 376 celesti
993 344 1116 375 letatur
1139 343 1241 385 gloria
1265 343 1366 384 regni.

1061 483 1103 505 111.

899 519 1070 556 ORATIO
1094 523 1275 556 ALBARI.

676 592 771 624 Nunc
794 595 826 624 te
849 603 939 634 rogo,
964 595 1088 633 sancte,
1113 593 1240 624 recolas
1263 595 1299 624 ut
1322 603 1442 624 nomen
1466 593 1573 633 amici,

676 644 780 680 Quem
803 647 861 676 tua
884 645 936 676 hic
959 645 1066 676 tenuit
1088 644 1193 676 dulcis
1216 645 1359 677 amicitia
1382 645 1493 684 fixum,

675 696 791 728 Albari
816 696 966 736 extremi,
990 697 1044 738 qui
1067 697 1170 728 multa
1193 696 1286 728 clade
1309 697 1392 728 reati

676 748 822 780 Infectus
844 748 932 780 vitiis
955 749 1064 791 pergit
1085 759 1146 791 per
1169 748 1265 780 devia
1287 748 1408 780 mundi.

609 807 620 824 ⁵
675 800 764 832 Prex
787 803 844 832 tua
866 800 952 832 hunc
976 803 1090 832 reveat
1113 800 1240 843 lapsum
1266 800 1308 831 ad
1330 811 1453 842 pascua
1476 801 1553 838 vite,

677 852 723 884 Ut
746 853 840 884 solite
865 855 978 884 sancto
1001 852 1100 894 digno
1124 855 1275 884 nectatur
1297 863 1421 892 amore,

677 904 749 940 Quo
772 904 831 936 tibi
857 905 1047 936 coniunctus
1071 905 1193 936 mansit
1215 915 1275 947 per
1299 904 1409 936 secula
1432 915 1542 936 carus:

679 956 806 997 Presta,
830 956 912 988 deus
936 956 1082 996 deorum,
1106 967 1247 999 regnans
1270 967 1330 999 per
1353 957 1484 988 seculis.
1529 956 1647 990 Amen.

363 1087 397 1112 10
415 1086 466 1112 *cm
485 1088 555 1112 Civis
572 1088 673 1112 celestis
684 1087 697 1111 ‘3

361 1138 415 1171 [ιιι]
437 1138 454 1164 4
477 1140 560 1172 pergit
578 1140 661 1180 pergit
678 1138 703 1163 T
716 1143 744 1163 ut
761 1142 868 1164 testatur
887 1139 1010 1164 Hmelmer
1028 1140 1071 1172 qni
1089 1141 1114 1164 II
1132 1143 1155 1164 et
1173 1141 1211 1164 ΠΙ
1229 1140 1309 1164 edidit
1329 1139 1460 1172 IH0l1.p.
1475 1139 1527 1165 120
1544 1140 1580 1164 ad
1597 1149 1623 1165 τι.
1636 1139 1695 1166 218,
