2040 2996
265 131 305 161 46
794 128 982 156 PASCHASII
1002 128 1186 156 RADBER'I'I
1206 129 1380 156 CARMINA.

628 213 759 246 Vertite
783 214 846 247 huc
870 215 989 255 cuncti,
1014 216 1130 248 cecinit
1154 226 1250 258 quam
1274 216 1436 247 maximus
1459 216 1528 248 ille:

547 272 571 290 ¹⁰
631 266 696 297 “Et
718 267 878 298 tumulum
901 267 1000 299 facite
1025 272 1058 299 et
1081 268 1206 299 tumulo
1230 267 1442 310 superaddite
1467 267 1631 299 carmen”.

629 317 778 350 Membra
801 319 898 350 beata
921 320 1009 350 senis
1033 319 1156 351 celebri
1180 319 1326 351 conferte
1350 318 1478 358 locello,

629 369 693 406 Qui
719 370 813 402 nobis
837 370 961 402 studuit
984 382 1085 403 venas
1109 372 1237 413 aperire
1261 371 1419 402 calentes.

631 421 739 453 Huius
764 422 804 453 ad
829 423 986 464 exequias
1010 424 1116 454 clerus
1140 433 1213 454 cum
1237 423 1341 454 mixta
1365 426 1497 454 caterva

632 472 777 504 Vocibus
802 474 936 505 alternis
960 474 1070 506 divina
1093 477 1244 517 poemata
1267 477 1413 506 narrent:

549 531 572 549 15»
633 524 796 565 Pastores,
820 525 918 561 ‚fuerit
942 527 1025 568 quod
1050 537 1196 568 magnus,
1220 526 1367 558 versibus
1391 525 1500 565 edant,

632 577 780 609 Formosi
803 579 932 620 pecoris
957 582 1065 611 custos
1089 579 1262 611 formosior
1285 579 1367 621 ipse,

629 629 757 672 Vulgus
781 634 814 662 et
836 633 970 663 econtra
993 634 1138 663 resonet:
1165 631 1287 670 “Deus,
1311 631 1396 662 alme
1420 633 1558 668 creator,

633 680 684 712 Da
706 682 833 713 veniam
857 682 993 714 famulo:
1019 683 1171 725 paradysi
1195 693 1295 724 regna
1319 692 1500 724 precamur,

633 732 676 763 Et
699 733 857 775 petimus:
882 733 1038 766 miserere
1063 735 1145 773 seni,
1169 734 1323 766 miserere
1346 736 1494 767 tuorum:

549 791 575 810 ²⁰
633 784 684 815 Tu
708 795 804 826 quam
830 785 947 827 dignus
971 789 1042 817 erat
1066 786 1223 825 misereri,
1248 785 1386 827 denique
1412 784 1530 817 nosti''.

634 836 730 876 Hinc,
755 848 844 879 rogo,
868 837 975 870 cordis
992 849 1146 880 amorque
1163 838 1252 869 dolor
1269 838 1475 880 gemitusque
1491 837 1639 877 resultet,

635 888 723 920 Hinc
746 890 839 931 pueri
864 890 994 929 virtute,
1019 901 1116 922 senes
1140 890 1180 922 de
1204 891 1335 922 nomine
1360 889 1507 922 certent!

636 940 739 981 Quis,
763 952 852 983 rogo,
876 952 941 973 non
965 942 1101 984 plangat
1117 942 1280 974 hominem
1299 952 1396 984 super
1412 945 1502 973 astra
1517 941 1661 973 levatum
1845 959 1919 980 FlLL.

631 992 668 1024 In
694 993 822 1024 cineres
846 993 960 1035 redigi,
984 1004 1082 1036 quam
1105 994 1185 1025 duro
1210 1004 1371 1025 marmore
1395 994 1485 1035 tegi?

549 1052 573 1069 Ξῖ·
633 1043 732 1076 Cuius
757 1045 790 1076 in
814 1045 893 1077 orbe
918 1046 1008 1077 volat
1032 1046 1187 1077 virtutum
1211 1045 1300 1077 fama
1322 1056 1382 1088 per
1405 1055 1530 1084 omneS,

630 1096 805 1138 Prosapies
829 1099 1040 1138 augustorum
1065 1100 1117 1128 est
1141 1097 1226 1139 quod
1251 1097 1415 1129 vermibus
1438 1099 1534 1128 esca?

630 1147 717 1187 Heu,
741 1147 817 1189 quid
841 1148 916 1179 hinc
940 1148 1076 1180 facimus
1101 1149 1218 1180 miseri
1242 1149 1302 1180 sub
1327 1151 1430 1180 morte
1453 1148 1576 1179 locati?

630 1199 812 1239 Ploramus,
836 1201 997 1242 gemimus
1022 1219 1062 1222 —
1087 1200 1144 1232 sed
1170 1211 1230 1232 nec
1255 1210 1409 1232 revocare
1432 1199 1588 1231 valemus.

631 1251 720 1293 Ergo
745 1254 896 1283 vocatur:
922 1252 1016 1283 abest
1043 1270 1075 1274 -
1104 1251 1162 1284 sed
1186 1262 1246 1283 nec
1270 1251 1406 1283 exaudit
1429 1254 1588 1283 amantes.

549 1309 574 1327 1¹⁰
633 1302 774 1334 Pectora
797 1306 1000 1345 rumpuntur,
1024 1304 1213 1335 lacerantur
1236 1304 1362 1335 viscera
1385 1303 1475 1335 luctu
1499 1321 1538 1326 —

633 1354 693 1386 Ille
718 1365 779 1386 nec
804 1354 939 1386 exaudit
963 1356 1116 1387 lacrimas
1141 1366 1201 1388 nec
1225 1355 1341 1387 threna
1364 1354 1544 1387 dolentum.

633 1405 677 1437 Et
703 1406 778 1448 quia
802 1409 1001 1448 torquemur,
1025 1407 1209 1438 laceramur
1232 1406 1330 1439 corde
1354 1406 1496 1438 tumultu
1521 1425 1559 1429 -

630 1457 755 1489 Luctus
779 1457 873 1490 adest
896 1458 1013 1490 animis
1036 1470 1098 1491 nec
1122 1470 1210 1490 mors
1235 1458 1427 1490 surdissima
1450 1462 1552 1490 curat.

631 1509 827 1542 Pulveream
851 1521 1020 1543 servamus
1044 1511 1120 1543 111110
1143 1511 1184 1543 de
1209 1521 1346 1554 corpore
1371 1510 1503 1552 glebam
1526 1529 1567 1533 —

549 1569 572 1586 ³³³·
631 1562 747 1594 Clarus
771 1566 805 1594 at
828 1563 884 1595 ille
908 1563 1007 1595 choro
1030 1564 1173 1596 laetatur
1196 1563 1237 1596 ad
1260 1567 1349 1595 astra
1372 1563 1504 1595 relatus.

631 1614 727 1646 Unde
752 1615 867 1647 velim:
892 1616 1022 1656 virtute,
1049 1616 1110 1647 viri
1135 1616 1294 1659 puerique
1317 1616 1458 1658 puellae,

631 1666 796 1708 Plangite,
822 1667 919 1699 corde
943 1667 997 1709 pio
1021 1668 1126 1700 salsos
1150 1667 1320 1710 producite
1344 1667 1464 1706 fontes,

370 1796 402 1821 10
414 1797 556 1822 tumulsum
569 1805 636 1821 corr.
648 1797 672 1820 A
748 1797 777 1821 11
798 1798 914 1823 conferre
927 1798 975 1822 ΡΑ
1048 1797 1082 1823 12
1100 1801 1220 1824 canentes
1230 1798 1255 1822 A
1327 1797 1359 1823 13
1371 1798 1509 1823 commixta
1521 1797 1572 1822 AB
1642 1798 1674 1823 14
1686 1803 1808 1825 narraent
1823 1808 1890 1824 corr.
1900 1798 1925 1824 P

266 1839 298 1864 16
311 1844 417 1865 cunctos
430 1839 456 1864 Ρ
524 1839 555 1864 17
575 1844 664 1865 contra
684 1840 708 1864 A
780 1839 813 1865 18
830 1849 922 1866 venam
941 1842 1064 1868 famulam
1085 1842 1108 1867 A
1180 1840 1212 1866 19
1231 1843 1300 1867 senis
1319 1842 1437 1874 Mabilio,
1455 1842 1501 1867 aed
1518 1843 1567 1873 cfr.
1580 1841 1691 1867 Rffmch.
1706 1842 1777 1867 Itala
1791 1851 1819 1874 p.
1831 1843 1884 1867 413
1899 1846 1924 1867 et

270 1882 298 1907 V.
311 1883 383 1908 Galli
397 1884 440 1908 713
454 1882 522 1915 (tom.
537 1883 577 1912 II,
589 1883 660 1915 447),
677 1884 721 1908 ubi
732 1884 788 1910 cod.
801 1885 920 1911 miserere
932 1886 1010 1919 inopi,
1030 1887 1150 1912 miserere
1162 1886 1263 1911 tuimet.
1341 1884 1376 1910 20
1393 1886 1435 1918 Tu
1452 1885 1513 1918 quia
1526 1885 1551 1910 B
1619 1885 1654 1911 22
1671 1887 1703 1911 do
1717 1886 1740 1910 A
1783 1890 1889 1911 cernent
1900 1886 1926 1911 P

264 1925 298 1951 23
316 1927 416 1951 Fillidis
434 1935 464 1951 ex
482 1927 584 1958 cylo-qne
602 1927 674 1951 titulo
692 1927 810 1960 interpol.
824 1928 848 1952 P
864 1929 946 1954 Philis
960 1930 983 1953 A
1065 1928 1099 1954 24
1117 1938 1224 1962 cynares
1240 1929 1277 1960 A,
1344 1927 1378 1954 26
1395 1929 1440 1961 qui
1452 1928 1477 1953 B
1555 1927 1588 1953 27
1607 1929 1668 1954 111110
1684 1929 1736 1953 AB
1785 1930 1886 1955 facinus
1898 1929 1924 1954 P

263 1968 298 1994 28
316 1970 434 1994 Ploratus
449 1969 474 1994 B
555 1968 589 1993 29
608 1974 715 1995 vocatus
733 1970 814 2001 Mab.y
839 1971 883 1996 sed
901 1973 949 2004 cfr.
969 1972 1040 1997 Fort.
1061 1973 1078 1997 l.
1097 1981 1117 1997 c.
1136 1975 1174 2004 59,
1193 1973 1236 1997 sed
1255 1980 1325 1997 nune
1344 1971 1368 1996 B
1453 1970 1488 1997 30
1504 1973 1651 1997 lacerentur
1671 1972 1694 1997 P
1779 1971 1813 1998 32
1835 1973 1880 2006 qui
1898 1972 1924 1998 B

264 2011 298 2037 35
316 2013 324 2036 1
342 2013 440 2037 relatus
459 2012 484 2037 P

371 2098 386 2123 9
406 2097 495 2124 Sedul.
508 2098 530 2132 Ι,
550 2099 583 2125 37
603 2099 709 2125 mentes
734 2099 787 2126 huc
807 2099 908 2125 vertite
928 2099 1028 2126 cuncti.
1051 2099 1138 2126 Radb.
1157 2099 1188 2126 in
1209 2099 1304 2127 Mam».
1317 2099 1359 2133 II,
1381 2100 1428 2126 11?
1450 2099 1529 2126 Βίων-1η,
1552 2099 1625 2126 sicut
1649 2099 1762 2133 quidam
1785 2100 1922 2127 maximus

264 2151 348 2184 pocta
367 2150 518 2177 cecinerat:
540 2151 674 2178 Pacatum
688 2152 739 2178 etc.
759 2152 803 2184 (=
817 2151 875 2178 Ecl.
890 2151 941 2185 IV,
962 2152 993 2178 17
1012 2152 1085 2185 sqq),
1108 2151 1143 2178 id.
1158 2152 1188 2179 V.
1201 2152 1235 2178 A.
1248 2152 1290 2184 42,
1310 2152 1362 2179 324
1379 2152 1412 2178 ut
1430 2151 1545 2185 quidam
1564 2152 1708 2185 poetarum
1729 2152 1847 2179 eximius
1865 2153 1920 2180 ait:

267 2202 354 2234 Quam
380 2210 475 2229 secura
499 2204 550 2229 etc.
577 2204 620 2235 (=
641 2202 687 2229 Ge.
705 2203 746 2236 H,
770 2203 803 2229 64
825 2204 882 2236 sq),
908 2203 955 2236 cfr.
977 2203 1084 2230 Aleum.
1104 2203 1248 2236 LXXIV,
1276 2204 1308 2230 13
1330 2212 1367 2237 sq.
1393 2203 1429 2236 (I,
1454 2204 1524 2236 295).
1630 2204 1662 2230 10
1686 2215 1719 2226 =
1742 2204 1805 2231 Ed.
1825 2204 1854 2238 V,
1878 2205 1921 2232 42.

267 2254 299 2279 12
323 2253 398 2279 Beda
419 2253 450 2279 de
471 2253 556 2280 iudici
577 2253 619 2280 (lie
641 2254 673 2280 13
695 2263 783 2281 venae
810 2254 901 2281 fontes
929 2255 1038 2289 aperire
1060 2255 1192 2282 calentes.
1294 2257 1327 2282 14
1350 2256 1426 2282 Fort.
1441 2255 1468 2282 0.
1484 2255 1565 2289 VIII,
1582 2255 1607 2287 3,
1627 2256 1641 2281 7
1661 2255 1783 2282 Vocibus
1805 2256 1922 2283 alternis

266 2305 314 2337 (sic
332 2305 407 2331 Beda
431 2308 455 2331 et
476 2305 531 2331 cod.
551 2305 734 2339 SamyaIIensis
752 2314 772 2332 s.
792 2306 852 2340 IX)
875 2306 971 2333 divina
995 2308 1126 2341 poemata
1150 2307 1286 2342 psalluut;
1311 2308 1357 2340 cfr.
1375 2307 1405 2335 V.
1424 2307 1466 2333 W.
1479 2307 1519 2340 II,
1538 2307 1580 2338 32,
1599 2307 1650 2334 522
1673 2307 1715 2334 Ad
1735 2307 1856 2341 (Walae)
1875 2316 1922 2335 ex-

266 2357 376 2390 sequias
395 2357 469 2383 inter
487 2358 579 2383 cetera
597 2357 746 2391 hymnum:
773 2360 800 2385 te
823 2358 904 2385 deum
928 2358 1074 2385 laudamus
1093 2379 1099 2385 .
1110 2379 1116 2386 .
1127 2380 1134 2386 .
1153 2359 1269 2386 alternis
1289 2358 1403 2386 vocibus
1422 2366 1498 2385 more
1517 2357 1704 2385 ecclesiastico
1722 2358 1920 2394 decantabant.

267 2409 299 2434 1ss
318 2420 350 2430 =
370 2408 427 2435 Ecl.
447 2408 475 2442 V,
494 2409 536 2436 44.
621 2410 653 2436 18
672 2409 720 2436 Ex
734 2410 813 2436 Pont.
828 2410 879 2443 IV,
898 2411 923 2442 3,
941 2410 975 2436 23
994 2410 1035 2437 Da
1047 2410 1158 2450 veniam
1170 2411 1251 2438 fasso.
1339 2411 1371 2437 19
1391 2411 1458 2437 Aen.
1473 2409 1528 2444 XI,
1546 2410 1610 2441 365;
1631 2409 1703 2443 XII,
1722 2411 1774 2437 653
1791 2411 1921 2438 miserere

267 2462 390 2491 tuorum,
414 2461 463 2493 cfr.
484 2461 634 2488 Berowwin.
652 2465 670 2489 t.
690 2462 718 2495 I,
734 2470 762 2495 p.
774 2463 826 2489 416
843 2471 864 2489 c.
878 2462 933 2496 XI,
952 2464 976 2489 5.
1068 2463 1103 2489 20
1122 2463 1180 2490 Ecl.
1197 2463 1226 2496 V,
1243 2464 1278 2490 54
1301 2462 1409 2490 cantari
1433 2461 1547 2496 dignus;
1571 2461 1633 2488 ibid.
1651 2462 1685 2487 89
1704 2462 1806 2497 dignus
1823 2463 1920 2490 anim-i.

266 2513 299 2538 23
319 2512 394 2539 Fert.
409 2512 436 2539 C.
450 2513 507 2544 IX,
525 2514 549 2544 2,
567 2513 601 2539 43
621 2513 695 2546 Quis,
715 2522 791 2548 rogo,
810 2523 864 2540 non
884 2514 1002 2541 moritur
1021 2534 1027 2542 .
1039 2534 1046 2541 .
1137 2515 1172 2541 25
1189 2515 1257 2542 Aen.
1270 2514 1329 2548 ΙΙΙ,
1348 2515 1395 2541 121
1416 2514 1501 2540 Fama
1520 2513 1606 2540 volat.
1693 2514 1727 2540 26
1746 2514 1921 2542 Adummim

267 2563 421 2589 Bernhardi
443 2563 540 2589 Karoli
564 2564 606 2590 M.
621 2565 717 2598 patrui
739 2565 821 2598 filius.
915 2566 947 2592 27
967 2565 1046 2593 Fort.
1058 2565 1075 2592 l.
1088 2565 1105 2592 l.
1123 2566 1158 2592 53
1180 2556 1253 2600 Ergo
1274 2566 1343 2600 quid
1366 2565 1431 2593 hinc
1455 2565 1580 2592 facimus.
1678 2566 1712 2592 28
1730 2566 1805 2592 Fort.
1819 2566 1837 2592 l.
1849 2566 1868 2593 l.
1885 2567 1920 2593 fis)

267 2615 410 2641 Ploramus
428 2614 572 2649 gemimus,
591 2616 638 2642 sed
657 2624 707 2643 nec
726 2617 855 2652 prodesse
874 2618 1005 2645 valemus.
1102 2618 1136 2644 30
1153 2626 1205 2652 sqq.
1226 2618 1303 2646 Fort.
1319 2619 1336 2646 l.
1349 2619 1366 2646 l.
1384 2619 1418 2646 57
1437 2618 1550 2645 Viscera
1568 2619 1744 2652 torquentur,
1762 2619 1921 2646 lacerantur

266 2667 349 2694 corda
373 2667 506 2693 tumultu.
618 2668 651 2694 33
673 2668 810 2696 Fmtm.
828 2670 862 2697 56
888 2669 991 2697 Luctus
1015 2669 1095 2697 adest
1119 2670 1218 2702 oculis;
1247 2670 1323 2697 ΓΜ.
1337 2670 1353 2697 l.
1367 2670 1383 2696 l.
1402 2670 1435 2696 61
1460 2669 1592 2702 Quamvis
1623 2670 1791 2698 clamantem
1815 2671 1920 2706 refugit

266 2727 338 2746 mors
363 2718 446 2746 surda
469 2727 519 2746 nec
543 2719 631 2747 audit.
728 2721 761 2748 36
789 2721 833 2749 Ge.
848 2721 899 2755 IV,
917 2722 967 2750 47ss
992 2722 1072 2758 pueri
1096 2722 1290 2758 innuptaeque
1315 2722 1434 2758 puellae.
1522 2722 1555 2749 37
1579 2722 1668 2750 Raab.
1686 2722 1716 2750 V.
1732 2724 1768 2750 A.
1786 2724 1820 2750 85
1839 2724 1919 2751 salsis

266 2770 442 2798 lacrimarum
463 2771 557 2806 rigant
576 2772 708 2800 fontibus.
