2138 3106
0 2569 20 2950 γυηγῆ-ι-»ηιᾳπςννυ-ρυνηγν
0 2534 13 2561 --Ὕ
0 2502 10 2527 *r
0 2489 7 2496 *
0 2472 3 2475 ·
0 2418 3 2422 ·

435 584 459 602 35

436 843 462 861 ⁴0

838 182 988 209 MICONIS
1007 183 1047 209 IN
1066 183 1186 210 FESTA.
1773 189 1833 218 305

498 267 656 304 Quamvis
681 279 841 310 personae
865 270 984 309 variae,
1008 269 1113 302 deitas
1137 274 1247 303 tamen
1270 282 1335 303 una
1359 271 1430 304 est.’

497 319 669 351 Credimus
694 320 754 352 hoe
778 331 891 352 omnes
916 324 1064 352 sanetum
1088 324 1138 353 sat
1161 322 1285 364 pascha
1309 323 1456 354 colentes

498 370 580 402 Esse
605 372 737 411 etenim,
761 372 914 414 quoniam
937 373 1023 415 potis
1047 376 1096 404 est
1119 373 1179 405 tibi
1203 374 1259 413 sic,
1284 373 1364 405 deus
1390 374 1484 406 alme.

497 422 624 454 Idcirco
648 423 789 455 validam
812 424 906 455 nobis
930 427 966 455 tu
989 425 1119 466 porrige
1143 425 1293 456 dextram

497 473 607 516 Atque
625 475 732 506 locum
749 472 886 515 meritis,
910 475 1052 515 domine,
1077 487 1205 518 quoque
1221 479 1357 519 protege
1375 480 1523 509 sanctum

496 526 585 557 Almi
608 525 763 566 Richarii,
787 527 875 558 celsa
897 528 952 570 qui
975 531 1091 569 pausat
1114 528 1147 559 in
1170 529 1256 567 aula,

495 577 540 609 Ut
563 578 694 609 valeant
716 578 831 610 laudes
855 579 953 611 hodie
978 590 1130 611 resonare
1154 590 1301 619 canoras,

496 629 619 661 Inlaesi
642 629 802 672 posthaec
823 631 939 662 famuli
962 634 1149 663 mereantur
1170 632 1292 663 habere

495 681 687 713 Pertensam
714 692 828 724 pacem
853 682 1000 724 depulsis
1023 683 1152 724 iamque
1175 684 1339 725 malignis.

495 733 567 764 Hoc
590 733 703 772 facias,
728 737 822 776 pater
844 734 1066 774 omnitenens,
1091 735 1152 766 hoc
1177 745 1374 777 quaesumus
1399 747 1521 774 omnes,

496 784 540 816 Et
563 796 661 828 super
684 785 778 826 hane,
802 789 834 817 te
859 797 955 828 quam
978 787 1129 829 petimuS,
1153 787 1271 826 tribue,
1295 787 1388 827 deus,
1412 799 1477 827 oro,

498 836 558 868 Cui
580 837 642 868 soli
664 837 735 868 laus
759 837 862 879 gloria
885 848 1027 880 semper,
1051 838 1156 869 honor
1177 838 1248 870 sine
1272 838 1335 870 fine
1360 842 1420 870 est.

539 888 590 920 Sit
613 888 673 920 tibi
696 889 785 921 laeta
807 889 876 921 dies
898 889 1006 929 hodie,
1031 889 1217 921 venerande
1242 890 1414 932 magister;

496 939 674 972 Incolumis
698 941 810 988 vigeas
833 944 908 983 post
930 941 1015 972 hanc
1038 952 1097 983 per
1120 941 1252 973 saecula
1275 941 1382 983 longa.

285 1042 351 1074 Oro
377 1043 409 1074 in
433 1043 496 1075 fine
521 1043 616 1075 huius
640 1044 801 1076 flnctionis
820 1044 922 1076 -ita
943 1045 1067 1087 loquor,
1093 1045 1119 1076 si
1142 1044 1222 1076 libet
1246 1045 1375 1076 caritati
1398 1048 1525 1077 vestrae
1543 1065 1594 1085 —‚
1612 1050 1646 1077 ut
1670 1046 1749 1077 mihi
1773 1057 1831 1088 per

180 1104 338 1136 praesens
362 1105 459 1126 unam
484 1095 642 1127 studeatis
670 1096 799 1128 mittere
829 1097 947 1128 cullam
977 1107 1049 1128 cum
1073 1097 1211 1138 geminis
1240 1096 1382 1139 pedulis,
1417 1100 1473 1128 aut
1503 1097 1589 1130 unde
1619 1098 1688 1130 fieri
1718 1098 1829 1140 possit,

181 1155 281 1177 eausa
307 1150 437 1178 nostrae
462 1148 670 1179 necessitatis
692 1148 816 1190 absque
840 1149 907 1180 ulla
929 1148 1138 1191 calliopistia,
1163 1148 1313 1190 quoniam
1338 1149 1430 1187 satis,
1456 1149 1570 1188 fateor,
1593 1150 1724 1192 indigeo
1748 1151 1828 1182 eius.

180 1196 224 1228 Et
246 1197 289 1229 sit
311 1197 372 1237 ita,
404 1209 537 1240 precor,
570 1202 711 1231 vestrum
735 1201 835 1238 velle,
866 1201 928 1240 uti,
960 1201 1044 1240 scio,
1074 1203 1126 1231 est
1153 1200 1264 1232 facere
1287 1211 1394 1242 posse.
1440 1200 1527 1232 Exin
1552 1200 1710 1242 efflagito,
1739 1205 1774 1233 ut
1796 1201 1829 1232 hi

181 1249 301 1291 apiculi
334 1260 450 1292 presse
483 1251 651 1293 legantur,
684 1262 725 1283 ne
754 1253 854 1283 nostri
884 1255 1026 1284 nostram
1056 1251 1183 1284 rideant
1212 1252 1373 1284 inertiam.
1427 1252 1547 1284 Valete
1577 1263 1649 1284 cum
1680 1253 1829 1285 secundis

181 1300 397 1340 successibus,

431 2206 456 2225 10

430 2464 454 2483 15

535 1345 588 1384 Et,
611 1356 775 1387 germane,
801 1347 864 1378 mei
888 1347 989 1388 gratis
1012 1357 1192 1378 memorare
1217 1357 1257 1378 ne
1282 1354 1409 1383 cesses;

587 1397 702 1429 Donec
726 1397 819 1430 adest
841 1409 949 1441 posse,
975 1399 1016 1430 sit
1039 1398 1097 1429 tibi
1122 1399 1207 1430 velie
1231 1399 1310 1430 fore.

943 1604 1072 1636 XXIII.

800 1662 861 1698 DE
888 1661 1204 1698 PENTECOSTE.

494 1732 643 1775 Suscipe,
667 1743 799 1775 quaeso,
824 1736 929 1775 pater,
953 1736 1098 1765 nostrum
1122 1736 1158 1765 tu
1182 1744 1312 1765 carmen
1336 1734 1491 1776 ineptum,

492 1783 630 1823 Inscius,
653 1788 723 1817 arte
748 1796 862 1817 carens
886 1785 995 1816 studui
1020 1784 1107 1827 quod
1130 1785 1264 1827 pingere
1288 1785 1414 1825 ludens,

492 1836 599 1878 Atque
625 1836 720 1868 simul
744 1847 872 1879 parvos,
896 1836 1012 1878 rogito,
1037 1839 1109 1879 post
1133 1837 1261 1878 corrige
1284 1847 1410 1876 versus,

491 1887 581 1924 Quos
605 1888 691 1919 male
714 1888 912 1930 compositos
936 1887 993 1919 tibi
1019 1888 1163 1930 porrigo,
1188 1899 1263 1920 carc
1287 1888 1452 1930 magister.

534 1939 620 1971 Ecce
645 1939 715 1972 dies
739 1939 833 1972 hodie
856 1940 973 1982 flagrat
996 1950 1055 1982 per
1078 1940 1208 1971 climata
1232 1940 1350 1979 mundi,

492 1991 530 2023 In
554 2002 618 2034 qua
641 1991 790 2035 discipuli
814 1992 945 2024 fuerant
967 1992 1089 2034 pariter
1111 1992 1284 2034 glomerati

491 2043 566 2075 Una
590 2054 662 2076 cum
687 2045 784 2076 sociis
809 2044 907 2076 variis
931 2055 973 2076 ex
997 2044 1150 2086 gentibus
1173 2045 1263 2077 ortis.

492 2095 573 2131 Quis
596 2106 735 2139 propere
759 2097 903 2128 insonuit
927 2096 1051 2127 cunctis
1074 2096 1269 2128 mirantibus
1294 2096 1386 2135 ictus,

491 2147 559 2190 Ipsi
584 2147 642 2180 sed
666 2147 774 2180 subito
798 2148 940 2190 perculsi
964 2147 1078 2179 ardore
1103 2158 1261 2190 superno:

494 2198 634 2241 Spiritus
658 2200 691 2231 in
714 2200 832 2242 linguis
857 2200 962 2231 rutilis
987 2199 1155 2231 descendit
1178 2198 1218 2230 ab
1241 2200 1308 2231 alta

491 2250 579 2283 Arce
603 2251 670 2294 poli
694 2255 826 2283 sanctus
851 2261 949 2293 super
971 2251 1060 2294 ipsos
1085 2253 1183 2293 atque
1208 2251 1343 2288 resedit;

493 2303 580 2340 Quin
604 2304 703 2335 etiam
727 2304 829 2346 gratis
853 2303 972 2335 infudit
996 2303 1094 2336 corda
1118 2307 1253 2346 repente

491 2354 625 2386 Iliorum
649 2355 743 2387 donis
767 2366 828 2388 nec
851 2366 916 2387 non
939 2352 1132 2398 mentesque
1157 2356 1311 2388 coruscis.

491 2405 575 2437 'rum
600 2406 720 2438 Christi
744 2407 831 2439 clara
853 2407 1018 2449 magnalia
1041 2418 1120 2439 voce
1145 2408 1304 2440 resultant

490 2457 581 2489 Illius
604 2458 698 2500 igniti
721 2459 819 2490 nimio
843 2459 988 2491 caritatis
1012 2470 1134 2491 amore:

491 2509 700 2553 Quapropter
722 2510 816 2542 multi
839 2510 967 2542 domino
990 2521 1139 2543 mansere
1163 2510 1288 2543 fideles.

493 2561 558 2593 Sed
581 2562 757 2605 pluresque
780 2563 868 2605 plani
892 2563 1089 2595 resonabant
1113 2562 1208 2594 eorde
1233 2563 1374 2605 maligno

493 2612 668 2646 Sermones
693 2614 799 2645 varios
823 2617 966 2656 propter,
990 2625 1071 2656 quos
1096 2614 1156 2646 rite
1181 2614 1349 2651 tonabant,

493 2664 584 2696 ‘Illos
609 2665 755 2697 ebriacus
780 2666 914 2697 nimium
938 2669 1110 2708 mustoque
1134 2665 1294 2706 refertos,'

279 2774 314 2800 32
326 2776 437 2801 ualidaffi
455 2781 478 2802 et
495 2777 561 2802 talia
576 2777 678 2810 saepius
689 2777 714 2802 Β
786 2777 819 2804 34
835 2777 903 2810 *quo
916 2779 941 2803 B
1009 2778 1043 2804 39
1055 2779 1115 2804 bam
1133 2788 1200 2804 corr.
1214 2779 1238 2804 B
1307 2778 1341 2804 42
1359 2780 1494 2805 Incolomis
1511 2788 1577 2805 corr.
1590 2779 1616 2804 B
1684 2777 1719 2811 {12
1731 2778 1787 2804 cuii
1802 2778 1827 2803 B

282 2817 397 2852 [xxm]
418 2819 447 2845 ll
468 2821 531 2846 Arte
549 2829 616 2845 corr.
635 2820 660 2845 B
766 2821 798 2846 19
816 2826 976 2854 maestosque
995 2831 1062 2847 corr.
1081 2822 1106 2846 B

284 2864 388 2891 Poma
406 2873 489 2892 ιΛτικι
509 2874 566 2901 nim
585 2865 708 2892 Cnnomm
728 2866 776 2897 111.
789 2867 813 2892 2.
1585 2867 1619 2894 39
