2060 3074
286 140 348 170 646
907 131 1060 158 MILONIS
1079 130 1256 157 CARMINA.

655 220 782 253 Gaudia
808 220 877 262 quis
899 218 1018 250 mundo
1042 217 1184 257 veniunt,
1208 217 1273 248 iam
1297 215 1388 247 clave
1413 217 1548 257 recepta

654 273 753 304 Ducis
777 271 947 313 adoptivos
971 269 1012 300 ad
1037 269 1119 300 caeli
1142 268 1281 300 culmina
1303 269 1404 298 natos.

655 322 814 365 Quicquid
838 323 906 354 iure
931 330 1065 360 sacrum,
1091 319 1178 362 quod
1199 319 1319 359 nobile,
1344 317 1430 361 quod
1453 318 1630 360 pretiosum

586 389 611 408 20
655 376 760 407 Huius
784 373 953 417 quadrifidi
977 373 1087 404 tenuit·
1103 371 1297 403 constructio
1320 370 1442 411 mundi,

658 428 856 469 Exsuperas,
879 428 1072 467 sanctosque
1096 424 1181 456 viros
1203 423 1375 455 virtutibus
1398 422 1491 462 altos,

654 479 831 521 Angelicos
856 478 953 508 etiam
975 476 1073 508 vineit
1096 479 1152 507 tua
1175 475 1280 518 gratia
1303 477 1424 506 coetus.

657 531 729 567 Qua
752 533 784 562 te
807 540 888 561 voce
913 539 1036 569 canam,
1061 528 1177 570 quibus
1201 530 1234 559 et
1257 526 1458 559 sermonibus
1480 528 1637 568 aequem?

658 583 796 614 Garrula
819 582 930 623 lingua
954 581 1049 620 iacet,
1074 579 1185 612 mundi
1207 579 1277 610 laus
1301 579 1403 610 omnis
1425 577 1458 609 in
1480 578 1545 609 imo
1570 580 1629 609 est.

586 648 611 667 25
657 635 808 666 Pluribus
831 634 864 665 in
887 633 1005 664 sanctis
1028 633 1130 664 virtus
1152 630 1324 662 laudabilis
1346 640 1412 662 una
1434 636 1499 661 est:

657 687 695 718 In
719 689 752 717 te
775 685 930 727 largifluis
954 685 1081 726 fulgent
1104 683 1276 715 carismata
1299 681 1400 714 donis.

659 738 706 770 Te
730 741 786 769 tua
809 739 920 768 sancta
942 736 1023 768 fides
1044 735 1121 767 fidei
1144 734 1360 777 superextulit
1381 733 1504 774 Abrae,

660 790 720 822 Cui
744 789 823 821 deus
846 790 916 831 ipse
939 789 1076 830 loquens
1100 786 1298 829 gignendum
1321 785 1459 828 spondet
1481 785 1585 825 Isaac,

660 842 723 878 Qui
745 841 853 873 ridens
877 839 1013 880 dubitat,
1037 839 1113 871 dum
1136 841 1265 870 centum
1289 840 1455 880 computat
1477 847 1592 873 annos;

585 908 610 926 so
655 893 827 926 Zacharias
850 895 954 933 nutat,
978 895 1014 923 tu
1038 891 1169 923 credula
1197 890 1252 922 ‘sic
1274 889 1341 922 fiat'
1364 890 1479 932 inquis.

658 946 725 977 Sed
746 945 853 976 minus
878 950 928 976 est
951 944 1088 986 geminis
1111 942 1311 985 genitoribus
1335 941 1434 973 edere
1456 942 1592 984 prolem,

657 998 792 1039 Virgine
817 1007 914 1039 quam
939 996 1097 1038 genitrice
1119 995 1179 1026 viri
1200 995 1269 1026 sine
1293 993 1415 1025 semine
1438 993 1528 1036 gigni
1551 1005 1605 1025 -—:

659 1049 770 1081 Mente
793 1048 922 1080 humilis
945 1050 1050 1079 mater
1071 1047 1191 1089 legeris
1214 1046 1434 1088 famulamque
1457 1045 1578 1077 fateris.

659 1101 697 1133 In
720 1104 753 1132 te
778 1103 899 1143 quanta
921 1099 981 1131 fuit
1003 1099 1121 1131 mentis
1145 1098 1334 1138 constantia,
1357 1098 1468 1129 miror:

575 1166 612 1197 '³⁵
657 1152 739 1184 Cum
763 1151 919 1184 Gabrihel
942 1151 1022 1183 solio
1045 1150 1179 1182 veniens
1201 1149 1416 1191 archangelus
1437 1149 1503 1180 alto

658 1204 793 1236 Exuviis
816 1204 940 1248 rutilus,
963 1203 1055 1234 vultu
1078 1205 1112 1233 et
1134 1211 1282 1233 sermone
1306 1201 1466 1233 verendus

660 1256 770 1288 Iunxit
793 1255 921 1286 amicali
943 1257 1052 1286 tecum
1076 1263 1226 1286 sermone
1247 1253 1406 1295 loquelas,

659 1308 733 1339 Non
755 1310 865 1339 tamen
887 1306 962 1338 inde
987 1316 1120 1349 gravem
1142 1305 1257 1348 cepisti
1280 1304 1377 1336 corde
1400 1315 1565 1347 pavorem.

660 1360 719 1391 Vir
742 1359 833 1391 fortis
855 1358 998 1390 Danihel
1022 1357 1216 1390 caelestibus
1238 1357 1293 1389 ille
1317 1360 1427 1389 suetus

586 1426 612 1445 40
655 1411 816 1454 Angelico
841 1411 932 1443 vultu
955 1413 1094 1442 terretur
1118 1413 1151 1441 et
1173 1410 1289 1441 haeret
1310 1410 1343 1441 in
1364 1410 1436 1441 imis

662 1465 803 1506 Surgere
826 1473 891 1494 non
915 1473 1022 1503 ausus,
1046 1462 1134 1505 prius
1156 1462 1241 1493 hunc
1265 1472 1361 1504 quam
1384 1461 1501 1493 dextra
1522 1461 1662 1498 levaret;

661 1516 761 1548 Iacob
785 1516 850 1556 ille,
874 1515 937 1547 deo
961 1515 1036 1546 forti
1060 1514 1135 1546 dum
1160 1516 1264 1545 certat
1285 1524 1403 1556 agone,

663 1567 833 1600 Olaudicat
855 1586 896 1590 —
922 1569 964 1607 et,
987 1567 1042 1609 pia
1064 1566 1166 1608 virgo,
1188 1565 1320 1597 modum
1345 1565 1385 1597 de
1407 1566 1499 1608 prole
1523 1566 1667 1608 requiris.

661 1620 839 1662 Margarita
861 1620 993 1659 micans,
1016 1619 1219 1662 praecellens
1241 1619 1316 1651 unio
1341 1630 1497 1661 gemmas,

589 1686 614 1705 45
661 1672 741 1704 Cum
765 1675 797 1703 te
822 1671 991 1703 debuerim
1016 1674 1066 1703 ter
1090 1674 1181 1703 cocto
1206 1681 1321 1702 ornare
1343 1671 1488 1712 metallo,

662 1724 711 1756 Sit
733 1724 860 1755 veniale
883 1723 971 1763 mihi,
996 1724 1073 1765 quia
1095 1723 1196 1754 clausi
1218 1722 1378 1767 indoctior
1401 1733 1488 1755 aere.

662 1777 847 1808 Attrectare
872 1778 982 1807 tamen
1005 1778 1115 1807 tantae
1139 1775 1313 1818 praeconia
1334 1774 1440 1807 laudis

663 1828 809 1860 Sufficiat
832 1827 972 1859 voluisse
996 1828 1061 1870 pie,
1085 1830 1121 1858 tu
1144 1830 1254 1859 cetera
1275 1837 1387 1869 parce;

662 1881 713 1912 Tu
735 1880 814 1912 mihi
839 1880 1019 1922 protectrix
1043 1879 1238 1911 dominatrix
1261 1879 1446 1911 auxiliatrix

590 1947 615 1966 50
659 1933 768 1972 Adsis,
792 1928 891 1975 posco
916 1942 1042 1974 precor,
1067 1931 1165 1964 decus
1189 1932 1275 1963 altae
1298 1931 1500 1974 virginitatis.

400 2100 434 2127 38
452 2101 559 2134 coepisti
571 2100 595 2125 L
682 2097 715 2124 47
733 2096 837 2131 Attra(a
855 2106 886 2123 ex
904 2096 1000 2130 1³)ch
1012 2097 1037 2122 L
1124 2095 1159 2123 50
1176 2097 1249 2122 Aesis
1261 2096 1286 2122 L

399 2194 503 2221 27—29
523 2193 589 2220 Gen.
610 2193 650 2224 17,
666 2193 697 2219 17
717 2192 819 2219 cecidit
839 2191 980 2218 Abraham
1000 2191 1030 2217 in
1049 2190 1149 2217 faeiem
1169 2199 1247 2217 suam
1267 2191 1296 2217 et
1316 2191 1380 2218 risit
1398 2190 1494 2218 dicens
1512 2191 1542 2218 in
1554 2191 1636 2219 corde
1648 2199 1698 2219 suo
1716 2193 1844 2227 ‘putasne
1862 2193 1955 2219 cente-

298 2246 377 2273 nario
395 2246 525 2272 nascetur
543 2245 644 2271 filius?
724 2244 759 2271 30
778 2244 846 2270 Luc.
867 2245 890 2276 1,
904 2243 938 2270 18
955 2243 1029 2270 dixit
1047 2243 1209 2270 zaccharias
1228 2243 1263 2270 ad
1283 2243 1416 2278 angelum
1435 2243 1518 2271 ‘unde
1535 2244 1589 2271 hoc
1607 2243 1712 2270 sciam?
1730 2252 1782 2278 ego
1801 2243 1875 2270 enim
1893 2252 1954 2270 sum

298 2298 401 2324 senex'.
420 2312 454 2316 —
473 2296 539 2323 Luc.
559 2297 582 2330 1,
596 2296 629 2323 38
648 2295 722 2322 dixit
739 2295 829 2322 Maria
848 2297 919 2321 ‘ecce
938 2294 1040 2321 ancilla
1061 2293 1181 2321 domini:
1204 2294 1254 2321 fiat
1271 2294 1341 2321 mihi
1359 2294 1510 2322 secundum
1528 2294 1643 2321 verbum
1664 2295 1754 2321 tuum’
1776 2296 1805 2321 et
1828 2293 1956 2322 discessit

299 2350 334 2376 ab
354 2349 404 2375 illa
423 2349 546 2383 angelus.
628 2348 662 2375 33
681 2348 782 2382 legeris
799 2355 833 2374 sc.
852 2347 883 2373 in
901 2347 1056 2382 evanqeliis;
1075 2347 1226 2374 famulam-t
1245 2347 1296 2380 cfr.
1316 2347 1354 2374 ad
1371 2347 1413 2374 30.
1492 2347 1596 2374 39-43
1617 2346 1725 2381 Gregor.
1744 2346 1846 2374 Moral.
1865 2345 1956 2373 IV33

299 2402 349 2434 (M
371 2402 411 2432 76,
425 2401 495 2434 674).
584 2400 686 2426 39-41
707 2399 781 2426 Dan.
804 2399 843 2431 10,
856 2399 873 2425 8
899 2407 951 2433 ego
975 2398 1090 2425 relictus
1114 2398 1188 2425 solus
1207 2398 1265 2425 vidi
1284 2398 1419 2426 visionem
1447 2398 1583 2433 grandem
1606 2399 1679 2425 hanc
1701 2400 1731 2425 et
1748 2407 1804 2425 non
1821 2397 1957 2425 remansit

299 2453 328 2478 in
347 2461 390 2479 me
409 2452 560 2483 fortitudo,
589 2451 636 2478 sed
662 2452 690 2478 et
714 2451 818 2485 species
842 2459 906 2477 mea
931 2450 1082 2477 immutata
1107 2451 1150 2477 est
1173 2450 1202 2477 in
1226 2458 1270 2477 nie
1289 2451 1318 2477 et
1343 2450 1478 2482 emarcui,
1501 2458 1554 2477 nec
1576 2450 1663 2477 habui
1685 2450 1836 2484 quiequam
1853 2449 1955 2476 virium

301 2525 324 2531 ..
345 2505 377 2531 10
396 2506 424 2530 et
443 2512 505 2530 ecce
523 2512 622 2530 manus
640 2503 738 2538 tetigit
757 2511 800 2530 me
819 2504 848 2530 et
866 2503 955 2530 erexit
973 2511 1017 2529 me
1035 2511 1118 2537 super
1146 2511 1239 2537 genua
1263 2511 1335 2530 mea.
1423 2503 1465 2529 42.
1478 2503 1513 2530 43
1534 2502 1600 2530 Gen.
1617 2503 1659 2535 32,
1673 2502 1707 2529 24
1729 2510 1791 2529 ecce
1808 2502 1852 2529 vir
1869 2501 1956 2529 lucta-

300 2555 383 2582 batur
402 2564 463 2582 cum
488 2564 520 2582 eo
539 2563 626 2589 usque
644 2563 734 2581 mane.
771 2555 819 2589 qui
839 2564 902 2582 cum
922 2554 1038 2586 videret,
1057 2554 1131 2588 quod
1151 2563 1214 2581 eum
1233 2563 1363 2590 superare
1381 2563 1437 2582 non
1454 2555 1563 2589 posset,
1587 2554 1686 2589 tetigit
1711 2562 1826 2581 nervum
1845 2553 1957 2581 femoris

301 2607 359 2633 eius
379 2608 407 2633 et
425 2606 522 2633 statim
541 2606 682 2633 emarcuit.
714 2627 737 2633 ..
755 2607 787 2633 31
807 2606 913 2640 (Iacob)
932 2606 1111 2633 claudicabat
1140 2606 1218 2641 pede.
1243 2621 1276 2626 —
1300 2607 1367 2634 Luc.
1388 2608 1411 2639 1,
1424 2607 1459 2634 34
1480 2606 1553 2634 dixit
1570 2605 1661 2633 Maria
1684 2605 1720 2632 ad
1742 2605 1873 2640 angelum
1892 2607 1956 2640 ‘quo

302 2658 382 2684 modo
401 2658 448 2683 fiet
461 2658 545 2690 istud,
564 2658 697 2692 quoniam
710 2658 800 2685 virum
814 2667 870 2684 non
884 2658 1047 2692 cognosco?
1117 2658 1151 2685 44
1170 2658 1259 2684 Salzer
1277 2658 1293 2685 l.
1305 2666 1326 2684 c.
1340 2665 1408 2692 paq.
1421 2658 1480 2685 224.
1559 2658 1592 2684 47
1612 2658 1714 2692 Paneq.
1727 2657 1764 2684 ad
1775 2657 1892 2684 ana
1907 2657 1957 2684 177

302 2710 399 2735 tantae
426 2709 573 2743 praeconia
600 2710 705 2742 laudis;
733 2718 815 2744 quam
839 2708 990 2736 clausulam
1015 2709 1088 2736 unde
1111 2710 1182 2737 Mla
1207 2713 1347 2737 mutuatus
1372 2709 1421 2743 sit,
1446 2710 1539 2744 iynoro
1566 2709 1629 2742 (cfr.
1651 2708 1806 2743 Petscheniq
1830 2707 1953 2735 literar.

308 2759 479 2786 Centralblatt
500 2760 565 2786 1895
580 2769 642 2794 pay.
655 2761 727 2794 498).
1888 2792 1911 2814 v,

1901 2811 1910 2823 ι
