2060 3074
241 138 302 166 432
898 133 1033 159 HEIRICI
1053 132 1228 159 CARMINA.

238 222 352 262 agitur,
377 226 502 252 vestrae
528 221 752 251 nichilominus
778 219 855 250 illud
880 220 976 250 malui
1001 219 1184 250 celsitudini
1208 218 1431 250 dedicandum.
1469 217 1591 259 Accipe
1608 222 1641 249 et
1662 217 1722 248 hoc
1740 227 1880 259 eumque

241 284 318 314 erga
342 273 493 304 Germani
520 273 735 303 reverentiam
759 272 900 302 animum
925 271 1073 313 concipe,
1104 271 1157 313 qui
1189 271 1312 312 regiam
1338 280 1416 301 sanc
1441 269 1557 300 deceat
1580 269 1796 300 maiestatem.
1842 268 1885 300 Et

241 335 423 366 quanquam
457 324 556 355 astuti
594 324 634 354 sit
667 323 774 354 omnia
803 322 843 354 ad
873 333 965 353 suam
992 322 1165 354 utilitatem
1196 322 1334 359 referre,
1369 322 1401 352 in
1431 321 1492 352 hoc
1520 324 1630 352 tamen
1659 324 1692 352 et
1726 331 1782 363 pro
1813 320 1884 358 hoc,

240 378 520 418 quantusquantus
549 379 613 410 est,
647 375 758 406 labore
797 374 883 405 beati
919 374 1026 416 potius
1057 374 1211 406 Germani
1243 373 1372 405 laudem
1407 383 1503 414 quam
1539 382 1698 414 personae
1733 372 1883 414 propriae

240 428 367 469 requiro
392 427 551 457 favorem:
577 436 673 467 quem
696 426 808 468 quanti
832 426 960 465 faciam,
985 426 1087 460 facile,
1104 435 1260 467 pernosse
1284 425 1439 466 potestis,
1465 425 1491 455 si
1517 424 1619 455 nostri
1643 427 1788 455 tenorem
1812 433 1882 454 car-
1911 434 1923 453 ⁵

241 479 335 509 minis
359 478 471 509 ordine
495 478 701 520 percurratis.
741 477 846 519 Longi
864 477 973 519 itaque
991 477 1115 509 sudoris
1132 488 1262 509 usuram
1287 487 1358 508 eam
1383 479 1514 517 captare
1538 475 1704 517 percupio,
1727 478 1763 506 ut
1787 475 1884 517 glori-

240 531 355 562 ficetur
377 530 456 561 deus
481 530 512 560 in
534 529 708 566 mit-acum,
734 529 788 571 qui
813 529 913 559 voluit
937 539 1009 560 esse
1034 528 1253 560 ammirandus
1277 529 1310 559 in
1335 527 1474 562 sanctis;
1507 530 1542 558 ut
1568 526 1774 558 sanctissimo
1799 525 1883 558 Ger-

242 592 335 613 mano
359 582 391 612 in
415 581 508 612 terris
534 581 700 612 veneratio
725 584 851 611 crescat
874 584 906 611 et
926 580 1038 621 gloria,
1063 581 1116 622 qui
1133 580 1216 611 hanc
1233 580 1264 610 in
1281 578 1480 610 caelestibus
1498 578 1637 620 optinuit
1653 589 1712 620 per
1728 578 1884 610 honorum

243 643 375 675 operum
391 633 605 667 incrementa;
630 635 665 662 ut
688 631 875 673 adquiratur
892 631 1072 662 aedificatio
1097 631 1294 673 legentibus,
1317 640 1382 672 pax
1407 629 1627 666 credentibus,
1651 629 1739 661 salus
1757 629 1887 661 imitan-

242 685 345 723 tibus,
373 684 597 715 immortalitas
626 684 658 714 in
685 683 748 714 fide
773 682 1070 724 perseverantibus.
1116 681 1188 718 Qua
1211 686 1246 713 ut
1268 684 1426 724 perpetuo
1450 681 1592 723 polleas,
1625 685 1658 712 et
1682 684 1830 723 optamus
1855 684 1888 713 et
1914 692 1940 712 ιο

243 735 404 766 indefesse
428 746 567 774 oramus,
593 745 707 776 regum
731 734 882 774 maxime,
906 734 1121 776 triumphator
1144 737 1300 776 perpetue
1325 744 1363 765 ac
1388 744 1516 775 semper
1540 735 1689 775 auguste.

800 1063 1040 1108 SEQVITVR
1067 1063 1328 1102 INVOCATIO

558 1123 823 1160 FALLEVCIO
852 1123 1260 1160 ENDECASYLLABO
1286 1123 1573 1160 EXPLICATA.

662 1207 843 1239 Aeternum
867 1208 1031 1250 specimen
1056 1207 1220 1250 decusque
1245 1218 1362 1247 rerum,

662 1259 843 1291 Causarum
867 1260 980 1298 series,
1005 1260 1097 1301 origo
1122 1260 1215 1299 lucis,

661 1311 805 1343 Naturae
829 1312 980 1343 columen
1003 1315 1159 1353 paterque
1185 1311 1262 1351 veri,

660 1363 746 1394 Fons
770 1367 803 1395 et
826 1363 1020 1405 principium
1045 1363 1188 1405 bonique
1212 1373 1347 1402 summa,

661 1414 734 1446 Hac
757 1418 789 1447 te
814 1415 1004 1458 suppliciter
1028 1426 1182 1447 canemus
1207 1415 1283 1447 oda:

611 1480 623 1498 6
661 1467 811 1506 Oramus,
836 1468 944 1509 capias
968 1467 1010 1499 ab
1035 1477 1090 1498 ore
1114 1478 1240 1499 munus.

662 1562 690 1594 O
714 1563 855 1595 fecunda
881 1565 1033 1594 ΤΡΥΑΣ
1052 1564 1283 1605 ΜΟΝΑΣφιθ
1306 1563 1455 1605 simplex,

662 1615 728 1646 Seu
752 1619 784 1646 te
808 1614 1005 1646 distribuant
1028 1616 1266 1647 ΕΛΛΗΝΛΣ
1285 1617 1423 1646 ΚΑΤΑ

660 1668 836 1699 ΟΥΣΙΑΝ
857 1668 985 1698 ΜΙΛΝ
1004 1668 1079 1698 ΕΙΣ
1101 1668 1229 1698 ΤΡΕΙΣ
1254 1667 1545 1706 ΥΠΟΣΤΛΣΕΙΣ,

662 1719 728 1750 Seu
752 1718 836 1750 sicut
859 1718 972 1750 Latius
997 1718 1118 1750 fatetur
1140 1719 1228 1750 orbis

662 1772 793 1802 MIAN
820 1771 1084 1802 ΥΠΟΣΤΛΣΙΝ
1106 1772 1216 1802 TPLA
1240 1770 1478 1805 HPOEfflIA:

608 1835 632 1854 η
669 1822 761 1854 Idem
784 1832 913 1864 semper
936 1832 982 1862 es,
1006 1821 1092 1853 idem
1115 1822 1186 1864 ipse
1210 1825 1352 1854 constas.

664 1916 808 1959 Gignens
832 1917 997 1959 ingenitus
1021 1920 1116 1959 pater
1138 1917 1282 1949 vocaris:

665 1969 712 2000 Te
737 1973 848 2001 natum
872 1969 1017 2011 genitum
1042 1969 1157 2011 sophia
1178 1968 1318 2011 plaudit3

664 2021 769 2052 Vivax
793 2021 924 2063 spiritus
948 2032 991 2053 ex
1013 2024 1150 2063 utroque
1173 2031 1286 2052 manas

664 2074 880 2115 Personisque
903 2074 1007 2105 tribus
1031 2084 1199 2105 sacramus
1222 2083 1331 2113 unam,

352 2219 363 2244 1
384 2220 530 2246 dedicatum
548 2222 641 2247 Pessel.
723 2221 734 2253 {l
758 2222 815 2254 leq.
839 2221 950 2246 duorum
963 2221 1110 2254 primorum
1127 2228 1244 2246 versuum
1262 2220 1375 2253 sinquloe
1391 2221 1475 2254 pedet,
1494 2220 1558 2246 mut
1576 2221 1604 2245 in
1621 2220 1779 2252 aequant-'hm
1796 2228 1894 2252 quoquc

249 2263 329 2294 libris,
346 2263 462 2288 dsstinoeit
480 2264 505 2288 P

353 2349 459 2375 Scholia
484 2363 515 2367 -
538 2350 685 2375 Falleucius
709 2359 799 2375 versus
821 2354 921 2376 constat
947 2350 1059 2383 spondeo
1083 2349 1177 2375 daotilo
1202 2349 1286 2374 tribus
1312 2349 1421 2374 trocheis
1446 2350 1505 2382 (cfr.
1526 2350 1616 2383 Lupus
1635 2348 1677 2376 De
1701 2350 1787 2375 metri:
1804 2349 1897 2375 Boethi

251 2392 377 2418 Consului.
391 2393 430 2418 ed.
444 2393 536 2425 Peiper
544 2402 607 2426 paq.
621 2393 758 2421 XXV26:
776 2394 821 2419 sed
832 2394 888 2419 vide
906 2394 982 2419 etiam
996 2393 1176 2426 Reifferscheid
1190 2393 1218 2417 in
1232 2392 1358 2417 Bursian&
1376 2393 1516 2418 annalibus
1530 2393 1639 2418 XXIII
1647 2402 1671 2418 a.
1686 2391 1754 2418 1880
1770 2401 1831 2426 paq.
1843 2391 1897 2418 260

249 2440 273 2460 et
291 2435 426 2461 Prudencii
443 2435 560 2469 codices).
659 2437 676 2462 5
696 2438 761 2461 OJH
785 2445 861 2470 grece
879 2441 971 2462 cantus
989 2437 1091 2462 (licitur.
1194 2435 1210 2460 6
1228 2436 1326 2460 Munus
1343 2435 1376 2460 ab
1395 2444 1437 2460 ore
1456 2440 1495 2461 est
1513 2437 1570 2461 laus
1588 2437 1656 2462 sicut
1673 2444 1767 2461 munus
1784 2444 1801 2461 a.
1818 2444 1896 2461 mnu

249 2479 352 2503 donum.
457 2479 473 2504 7
492 2479 609 2513 fecunda]
630 2481 662 2505 ob
680 2485 730 2506 tres
749 2489 870 2513 personas
923 2482 946 2505 T.
968 2479 1012 2513 M.]
1033 2480 1133 2505 trinitas
1151 2479 1237 2504 unitas
1347 2477 1363 2503 8
1384 2479 1409 2502 Ε.
1431 2477 1468 2511 Κ,]
1489 2480 1583 2504 Grecos
1602 2479 1675 2504 iuxta
1779 2478 1796 2504 9
1816 2481 1841 2504 0.
1861 2480 1896 2504 Μ.

252 2523 278 2547 Ε,
299 2523 323 2547 T.
347 2521 383 2555 Y.]
403 2524 537 2548 essentiam
556 2531 634 2548 unam
659 2524 685 2548 in
707 2527 758 2548 tres
781 2524 948 2548 substantias.
970 2536 1003 2540 —
1028 2522 1202 2547 Differentiam
1232 2522 1294 2547 facit
1323 2526 1429 2547 sauctus
1448 2521 1604 2555 Dionisims)
1629 2523 1759 2558 ceterique
1781 2523 1896 2548 doctores

249 2565 324 2590 Greci
348 2566 412 2590 inter
433 2567 558 2590 ΟΥΣΙΑΝ
581 2566 604 2591 id
629 2571 667 2591 est
690 2567 828 2591 essentiam
855 2571 879 2591 et
903 2567 1091 2590 ΥΠΟΣΤΑΣΙΝ
1113 2565 1139 2590 id
1161 2569 1200 2590 est
1225 2565 1416 2596 substantiam,
1445 2567 1572 2590 ΟΥΣΙΑΝ
1595 2566 1698 2599 quidem
1720 2565 1898 2598 intellegentes

250 2608 350 2633 unicam
370 2608 438 2633 illam
457 2617 486 2633 ac
505 2609 646 2642 simplicem
665 2610 752 2635 divine
770 2610 892 2635 bonitatis
911 2614 1040 2640 naturam,
1064 2609 1252 2632 ΥΠΟΣΤΑΣΙΝ
1273 2616 1333 2633 vero
1352 2608 1512 2641 singularum
1541 2617 1706 2642 personarum
1725 2609 1854 2641 propriam
1871 2611 1898 2633 et

251 2651 406 2676 individuam
420 2652 596 2677 substantiam.
628 2653 724 2677 Dicunt
742 2653 810 2677 enim
827 2653 969 2677 secundum
988 2652 1062 2676 illurn
1080 2652 1188 2684 priorem
1207 2652 1318 2676 Greoum
1338 2652 1494 2676 versiculum
1514 2661 1593 2677 unam
1614 2652 1751 2677 essentiam
1769 2652 1796 2676 in
1813 2651 1897 2677 tribus

251 2694 408 2719 substantiis.
434 2695 543 2719 Sanctus
562 2699 649 2720 autem
664 2695 824 2728 Augustinus
843 2696 972 2728 ceterique
986 2699 1070 2728 patres
1087 2693 1218 2719 Latialiter
1237 2694 1377 2718 scribentes
1391 2695 1465 2720 fldem
1485 2699 1590 2720 sanctae
1608 2695 1731 2720 trinitatis
1749 2694 1896 2728 exprimunt

251 2737 364 2762 dicentes
383 2745 461 2762 unam
479 2738 648 2763 substantiam
667 2739 693 2763 in
711 2739 793 2763 tribus
812 2739 934 2771 personis,
973 2739 1030 2763 Una
1051 2738 1192 2769 eademque
1212 2736 1274 2761 fides
1293 2739 1332 2762 est
1350 2737 1376 2761 iu
1395 2738 1522 2769 omnibus,
1541 2738 1660 2770 quumvis
1678 2738 1895 2771 significationum

252 2781 385 2805 diversitas
404 2781 520 2806 videatur
539 2782 597 2813 (cfr.
620 2782 748 2807 Iohannes
767 2782 867 2807 Scottus
889 2782 926 2807 Dc
945 2782 1067 2807 divisione
1086 2785 1196 2806 naturae
1216 2778 1293 2805 1134
1311 2779 1350 2804 ed.
1369 2779 1451 2806 Floss
1464 2788 1527 2813 pay.
1546 2780 1616 2813 613).
