2060 3074
282 153 342 183 755
986 148 1229 175 PRAETemTA.

276 247 349 277 paq.
367 238 431 268 423
451 236 525 268 adn.
540 238 560 267 7
582 235 740 267 Karolum
782 234 913 267 C'alvum
949 245 1020 266 cum
1056 234 1209 266 Heiricus
1249 235 1286 266 in
1315 234 1520 275 praefatione
1561 235 1606 267 ad
1644 236 1798 268 Germani
1833 235 1931 268 vitam

581 287 772 328 Auyustum,
800 286 974 325 Gaesarem,
997 286 1266 327 triumphatorem,
1289 298 1389 328 reyem
1410 287 1542 328 appellet
1564 287 1764 327 imperatoris
1784 287 1931 320 vocabulo

580 341 686 379 aperte
718 339 830 378 vitato,
863 339 1008 379 sequitur
1035 339 1162 379 potius,
1200 341 1237 370 ut
1270 349 1397 371 carmen
1430 339 1519 371 intra
1551 350 1581 371 a.
1607 341 1671 371 873
1706 342 1736 372 et
1768 340 1831 372 875
1866 339 1933 380 reyi

582 390 719 423 oblatum
740 391 792 422 sit.
1084 399 1088 402 ”

366 443 429 474 425
581 443 809 474 sententiarum
831 441 966 483 sylloyen
988 442 1083 481 edidi,
1106 441 1313 474 Rheinisches
1334 442 1486 474 Museum
1503 441 1645 474 XLVII
1661 443 1776 483 (1892)
1800 441 1872 474 558.
1890 461 1930 466 -

584 494 671 526 tituli
692 494 920 526 Laudunensis
942 505 967 525 v.
987 495 1008 525 3
1030 493 1143 535 leyitur
1165 494 1243 526 foris
1265 494 1301 526 in
1323 494 1426 526 codice
1447 494 1486 526 N
1502 496 1577 526 teste
1598 494 1737 535 Lebeqio.

367 548 432 578 426
452 547 526 578 adn.
539 548 560 577 3
582 546 677 578 codex
706 546 846 586 Rcyinac
876 546 960 577 1964
995 546 1180 577 accuratius
1205 556 1227 577 a
1255 546 1450 578 Mommseno
1478 546 1666 578 describitur
1697 546 1741 578 ad
1775 545 1933 579 Chronica

583 599 660 631 min.
683 598 745 630 III
759 598 831 630 119.

367 652 433 682 427
466 662 490 682 c.
515 651 539 683 I
582 650 816 690 Nacaeensem)
839 650 940 682 denuo
963 649 1096 681 contulit
1118 649 1281 682 Henricus
1297 650 1444 691 Lebeyue.
1462 669 1498 673 —
1516 660 1544 681 υ.
1561 651 1580 680 1
1603 653 1660 681 tua
1682 660 1734 689 ere
1758 650 1828 692 quis
1842 649 1880 681 N
1890 668 1933 672 ——

581 702 600 733 5
614 713 751 745 pergere
767 702 852 734 N-
867 703 908 732 10
917 701 1120 744 praesidibus
1136 701 1174 734 P.
1188 701 1421 742 deWnterfeld
1433 721 1475 724 —
1487 701 1528 732 15
1544 702 1677 744 fugaces
1693 700 1732 732 P.
1742 698 1934 740 Miteschke,·

583 755 637 786 sed
652 753 816 785 Heiricum
840 756 951 786 contra
966 754 1153 794 prosodiam
1163 764 1308 795 peccasse
1330 756 1360 786 et
1382 754 1519 795 furaces,
1541 754 1626 794 quod
1649 754 1684 785 in
1698 753 1857 785 codicibus
1878 756 1932 792 est,

583 806 746 846 scripsisse
761 809 893 846 propter
920 806 1004 838 hunc
1027 805 1217 847 Hieronymi
1239 806 1340 838 locum
1362 805 1489 847 (Miyne
1509 807 1561 844 22,
1579 806 1656 843 960)
1679 805 1758 837 mihi
1776 806 1934 845 persuasi,

583 869 674 898 quem
705 858 795 890 Iusto
818 858 929 898 Ise'psio
957 858 1047 890 debeo
1070 858 1312 900 (Epistularum
1338 858 1465 891 Centur.
1490 858 1515 889 I
1531 859 1603 897 27),
1633 858 1862 900 extemporalis
1885 861 1935 890 est

585 910 681 942 dictio
705 913 738 942 et
767 913 858 942 tanta
888 910 930 942 ad
960 910 1070 942 lumen
1098 911 1285 942 lucernulae
1315 911 1469 942 facilitate
1498 909 1648 952 profusa,
1673 913 1709 941 ut
1735 910 1934 942 notariorum

584 972 697 993 manus
725 962 836 1004 lingua
859 965 1082 1004 praecurreret
1116 966 1149 994 et
1177 963 1269 1005 signa
1297 965 1330 994 et
1352 962 1437 994 furta
1459 963 1631 995 verborum
1653 961 1837 994 volubilitas
1865 972 1934 994 ser-

583 1025 714 1046 monum
745 1014 912 1054 obrueret,
941 1015 985 1046 ad
1013 1025 1094 1055 quae
1122 1015 1214 1046 verba
1246 1014 1379 1056 Lipsius
1409 1013 1527 1056 ‘furta,
1560 1013 1606 1046 vel
1632 1014 1710 1054 quia
1736 1013 1878 1054 eripiunt
1906 1017 1936 1047 et

576 1067 784 1106 praeripiunt
805 1066 906 1105 verba,
929 1066 976 1099 vel
997 1067 1107 1106 etiam,
1131 1067 1209 1107 quia
1231 1069 1339 1108 teyunt
1360 1069 1391 1098 et
1411 1066 1590 1107 compendio
1611 1065 1706 1106 quasi
1728 1065 1874 1105 clepunt?
1893 1085 1935 1090 —

582 1120 625 1150 23
640 1118 724 1159 (pay.
737 1119 816 1160 428)
830 1119 893 1151 hoc
909 1119 951 1151 sit
965 1119 1137 1162 tranquillo
1154 1119 1240 1151 Ν-
1251 1119 1294 1151 24
1310 1119 1453 1161 grantius
1471 1118 1509 1150 N
1523 1117 1676 1159 (voluitne
1691 1117 1881 1160 grandius&
1893 1137 1935 1142 --

583 1169 641 1202 IV
655 1170 677 1201 2
699 1169 799 1201 hense
823 1180 900 1201 corr.
927 1170 969 1201 N.
993 1189 1035 1193 —-
1052 1180 1128 1210 paq.
1144 1171 1208 1202 429
1230 1181 1256 1202 v.
1274 1170 1316 1202 25
1340 1171 1476 1213 quisque
1499 1169 1696 1202 tolerandum
1717 1172 1795 1202 erat.

370 1223 433 1252 430
584 1221 730 1253 Aunarii
767 1223 796 1252 ct
833 1221 988 1261 Stephani
1024 1221 1176 1262 epistulae
1209 1233 1231 1254 a
1267 1221 1469 1254 Gundlachio
1505 1221 1608 1254 editae
1644 1231 1732 1253 nunc
1767 1221 1864 1254 etiam
1899 1222 1937 1254 in

585 1272 745 1312 quistulis
771 1267 890 1304 nostris
910 1273 974 1305 III
988 1274 1054 1304 447
1075 1273 1269 1305 exhibentur.
1294 1293 1333 1296 —
1357 1273 1393 1306 in
1420 1276 1583 1314 apparatu
1611 1273 1673 1315 leye
1692 1275 1736 1306 20
1765 1274 1855 1306 oneri
1877 1273 1936 1306 sed

583 1325 698 1356 honori
720 1324 887 1356 Boschius.
913 1343 952 1347 —
977 1324 997 1357 l.
1017 1326 1036 1356 1
1058 1325 1098 1357 ab
1120 1325 1182 1357 imo
1205 1325 1284 1366 leye:
1306 1325 1641 1359 Autissiodorensium.

369 1380 434 1410 432
584 1377 768 1417 coepilantur
794 1377 919 1409 Heirici
947 1378 1092 1409 carmina
1122 1378 1161 1410 ab
1190 1378 1245 1416 iis,
1277 1378 1334 1418 qui
1364 1377 1483 1410 Maioli
1510 1378 1608 1409 vitam
1635 1380 1864 1416 narraverunt,
1894 1377 1935 1418 cf.

587 1429 710 1461 Traube
739 1429 780 1461 N.
804 1429 845 1460 Α.
871 1429 983 1461 XVII
999 1431 1063 1460 404
1091 1432 1120 1461 et
1151 1429 1278 1462 Sackur
1305 1429 1369 1462 Die
1396 1429 1622 1463 Gluniacenser
1644 1429 1689 1462 II
1703 1430 1785 1468 339,·
1819 1429 1892 1461 item
1915 1439 1937 1460 a

587 1481 732 1520 Dudone,
756 1481 907 1513 canonico
929 1481 964 1514 S.
983 1482 1141 1522 Quintini.

371 1537 435 1566 436
457 1545 483 1566 v.
524 1536 564 1565 11
587 1533 648 1574 leye
671 1544 763 1571 aena,
787 1543 863 1565 uam
878 1536 1004 1574 puncta
1025 1534 1224 1574 superposita
1251 1545 1299 1566 me
1324 1534 1423 1567 irwito
1445 1534 1641 1574 irrepserunt
1669 1544 1768 1574 neque
1796 1532 1894 1565 soknt
1915 1542 1938 1564 a

585 1596 632 1617 me
653 1585 790 1617 admitti.
818 1604 854 1608 —
880 1585 984 1618 Servii
1006 1587 1101 1619 codex
1123 1587 1165 1625 is,
1189 1597 1250 1627 quo
1273 1597 1352 1619 usus
1373 1589 1419 1619 est
1441 1586 1606 1624 Heiricus,
1623 1588 1728 1626 potest
1756 1596 1823 1621 esse,
1842 1585 1938 1617 code-‘c

585 1648 671 1669 nunc
693 1637 869 1669 Bernensis
894 1640 956 1669 167
978 1638 1051 1671 olim
1073 1638 1363 1671 Autissiodorensis
1383 1638 1439 1680 (cf.
1463 1637 1504 1670 E.
1528 1637 1680 1677 Thomas,
1710 1637 1862 1670 Archives
1883 1636 1938 1669 des

586 1690 733 1722 missions
755 1690 827 1723 VII
837 1692 925 1732 170).

370 1744 433 1774 439
455 1754 481 1774 v.
519 1744 562 1774 21
587 1741 693 1774 Ovidii
715 1742 793 1775 Met.
822 1743 857 1775 X
875 1743 917 1775 85
947 1744 1062 1776 aetatis
1092 1744 1192 1776 breve
1222 1754 1290 1789 ver·
1307 1747 1340 1776 et
1367 1743 1489 1787 primos
1517 1753 1650 1786 carpere
1678 1743 1776 1775 flores
1805 1740 1939 1773 contulit

586 1794 629 1826 H.
646 1794 769 1835 Hayen.

370 1848 434 1877 440
456 1857 482 1878 v.
521 1846 562 1877 51
585 1846 625 1886 cf.
654 1846 767 1879 Horat.
795 1847 837 1879 A.
859 1847 897 1880 P.
920 1848 984 1878 410
1011 1847 1143 1880 alterius
1177 1847 1222 1880 sic
1257 1848 1360 1880 altera
1388 1848 1493 1891 poscit
1521 1857 1617 1890 opem
1648 1857 1701 1879 res
1731 1848 1766 1878 ei:
1793 1845 1938 1878 coniurat

587 1898 688 1930 amice
717 1899 842 1938 (attulit
872 1899 1059 1941 Manitius).
1087 1918 1122 1923 -
1145 1911 1172 1932 v.
1190 1902 1232 1932 73
1253 1900 1297 1942 cf.
1320 1901 1429 1933 Iuven.
1453 1899 1504 1933 VI
1523 1899 1585 1931 165
1612 1898 1816 1940 (Manitius).
1841 1916 1877 1920 —
1902 1897 1938 1930 in

585 1950 713 1983 scholiis
734 1951 779 1983 ad
799 1962 826 1983 v.
843 1953 885 1983 78
905 1951 1060 1992 Haqenus
1081 1952 1314 1992 transponendo
1336 1952 1491 1984 correzit:
1513 1951 1590 1993 scia]
1613 1950 1727 1983 sciens.

372 2005 435 2034 441
457 2013 485 2035 v.
523 2004 565 2034 97
588 2013 626 2034 επ
648 2002 780 2035 Horatii
802 2003 864 2043 Ep.
888 2004 913 2035 I
929 2005 980 2043 20,
995 2005 1040 2036 27
1062 2005 1178 2045 eyreqie
1200 2004 1368 2045 explicavit
1393 2003 1432 2037 G.
1453 2003 1580 2041 Christ,
1604 2000 1886 2043 Siteunqsberichte
1906 2000 1936 2032 d.

587 2055 689 2096 bayer.
713 2055 896 2094 Akademie,
920 2057 1006 2087 1893
1024 2066 1098 2097 paq.
1115 2058 1165 2088 72.

371 2108 436 2138 442
457 2117 484 2139 v.
502 2108 564 2138 108
586 2107 626 2147 cf.
651 2107 806 2139 Prudent.
830 2108 866 2139 in
889 2107 1006 2149 Symm.
1031 2107 1075 2140 II
1084 2108 1147 2139 435
1170 2107 1374 2150 (Manitius).

371 2160 434 2189 444
457 2169 484 2191 v.
503 2160 565 2189 193
587 2159 629 2201 cf.
653 2158 768 2192 Horat.
797 2158 829 2192 0.
854 2160 876 2191 1
881 2159 913 2191 V
931 2160 960 2198 9,
979 2161 1023 2191 28
1045 2159 1248 2201 (Manitius).

372 2210 436 2241 450
457 2221 484 2242 v.
501 2211 566 2242 457
587 2210 628 2251 cf.
651 2211 757 2243 Sedul.
783 2212 825 2243 II
845 2213 909 2244 127
930 2211 1135 2254 (Manitius).

372 2263 435 2294 454
457 2273 483 2294 v.
521 2265 563 2294 31
586 2263 622 2295 in
649 2265 725 2295 nota
758 2264 913 2304 marginis
946 2263 1008 2304 leye
1042 2274 1131 2306 quos.
1162 2283 1203 2287 --
1234 2274 1259 2295 v.
1280 2265 1322 2295 44
1357 2263 1544 2295 fidelissima
1577 2263 1706 2296 Heirieo
1738 2274 1784 2295 an
1818 2263 1939 2295 scribae

588 2315 753 2355 exciderit,
781 2316 995 2348 iniudicatum
1022 2315 1174 2356 relinquo.
1204 2335 1243 2339 —
1275 2316 1311 2348 in
1338 2315 1464 2348 scholiis
1491 2315 1536 2347 ad
1556 2325 1583 2348 v.
1605 2317 1664 2347 38:
1697 2325 1769 2348 cum
1797 2314 1936 2358 pompis]

589 2367 748 2399 iaetantiis
771 2367 892 2409 Hayen.
1209 2383 1213 2385 “

376 2419 439 2450 458
461 2430 486 2451 v.
503 2421 568 2451 203
591 2419 630 2459 cf.
654 2419 770 2451 Horat.
797 2419 830 2452 G.
854 2420 879 2451 I
894 2421 946 2459 24,
967 2421 988 2451 7
1011 2419 1164 2461 (Hayen).
1189 2439 1226 2443 —
1251 2421 1316 2452 472
1337 2430 1364 2452 v.
1381 2421 1403 2452 2
1424 2419 1464 2452 ab
1487 2420 1549 2452 imo
1571 2419 1646 2460 leye:
1670 2418 1816 2451 Boschio.

374 2473 438 2502 473
459 2481 486 2503 v.
505 2472 567 2503 521
590 2471 632 2512 cf.
658 2470 779 2511 Sulpic.
804 2471 869 2504 Sev.
894 2471 928 2504 V.
953 2472 1056 2504 Mart.
1078 2474 1131 2511 26,
1148 2474 1168 2503 1
1191 2472 1395 2513 (Manitius).

375 2524 437 2554 474
591 2523 716 2554 Heirici
737 2534 845 2555 versus
868 2525 988 2555 1—44
1010 2524 1053 2566 cf.
1076 2535 1148 2556 cum
1170 2524 1301 2557 Iuvenci
1323 2523 1389 2556 III
1407 2524 1566 2555 93-124
1587 2522 1791 2565 (Manitius).

374 2576 438 2605 477
460 2585 486 2606 v.
524 2576 567 2605 43
589 2574 631 2616 cf.
654 2575 770 2608 Horat.
798 2575 830 2608 Ο.
856 2575 902 2607 ΙΙ
919 2578 970 2614 10,
988 2578 1028 2608 11
1051 2576 1254 2618 (Mamitius).
1281 2594 1319 2599 -—
1343 2586 1371 2608 v.
1389 2578 1431 2608 77
1453 2575 1514 2616 leye
1535 2577 1712 2608 nutantem.
1724 2574 1749 2617 ¹)

374 2627 438 2657 478
460 2637 486 2658 v.
525 2627 568 2658 87
590 2626 651 2667 lcye
674 2627 860 2671 castrisque.

396 2755 415 2788 ι)
434 2755 523 2782 subest
541 2758 564 2782 et
581 2756 623 2782 hic
640 2759 663 2782 et
680 2756 831 2790 ubicunque
848 2757 879 2783 in
897 2757 939 2784 his
954 2757 1114 2784 Praeteritis
1131 2757 1216 2784 verbis
1234 2756 1380 2784 emendatis
1395 2756 1465 2791 ‘leae'
1473 2755 1629 2791 praescribo
1647 2763 1720 2782 error
1731 2756 1940 2791 metimur-um,-

289 2797 410 2831 ‘corriqo’
427 2799 585 2825 coniecturis
602 2807 660 2826 sero
677 2800 751 2826 natis
765 2801 953 2834 praeponitur.
