2060 3074
730 145 777 171 DE
794 144 1022 172 SOBRIETATE
1041 146 1149 173 LIBER
1163 146 1197 173 11.
1726 149 1788 180 651

424 242 463 262 185
507 230 759 274 Purpureusque
783 232 895 264 thoros
919 235 952 264 et
974 232 1111 265 candida
1133 244 1278 276 gausapa
1299 235 1364 266 lino

508 281 672 324 Sanguine
695 284 860 326 perfimdit
882 295 983 325 russo,
1006 285 1192 318 miserabile
1215 286 1295 318 visu.

508 334 592 366 Filia
613 335 702 366 laeta
724 336 811 378 capit
834 335 954 368 donum
978 337 1110 368 exitiale
1134 347 1277 380 suaeque

506 385 586 418 Fert
608 387 703 418 matri
725 387 863 419 madidis
887 388 1027 420 stillante
1051 383 1164 420 cruore
1188 389 1323 432 capillis.

507 437 664 470 Attamen
686 439 748 471 hac
770 440 886 471 melius
909 441 989 472 vivit
1010 451 1094 473 nunc
1116 444 1220 473 morte
1243 441 1415 481 Iohannes,

426 501 464 521 ιω
508 489 636 532 Quippe
660 501 718 522 suo
743 491 894 524 occubuit
916 493 1057 534 genuino
1079 492 1232 525 Herodes
1253 493 1390 536 iniquus.

508 540 682 574 Alterutris
706 553 840 586 compar
862 544 1050 575 meritorum
1072 543 1202 576 reddita
1224 555 1292 576 sors
1316 547 1381 576 est:

507 592 572 625 Hic
593 594 728 626 moritur
750 605 885 627 nascens
907 596 1112 638 moriensque
1135 597 1314 628 renascitur
1335 597 1406 634 ille;

509 644 748 688 Gastrimargus
771 649 806 678 et
827 647 968 679 incestus
990 648 1075 690 perit
1097 648 1172 690 igne
1195 648 1376 690 gehennae,

508 696 641 728 Sobrius
664 701 826 730 et.castus
849 699 984 731 caelesti
1005 700 1039 731 in
1060 699 1180 731 lumine
1203 699 1335 742 gaudet.

426 760 463 780 ηε
506 748 650 781 Risimus
673 752 707 782 et
728 750 828 782 iubilo
852 751 958 783 cordis
981 751 1179 783 cantavimus
1201 751 1365 794 hymnum,

509 799 615 836 Quem
637 800 746 833 David
768 802 894 844 cecinit,
918 803 1038 835 teneris
1061 803 1220 836 abductus
1242 803 1283 835 ab
1307 804 1398 846 agnis

507 851 589 884 Cum
612 853 715 889 torsit,
728 857 868 886 teretem
890 855 988 887 nimio
1012 855 1150 887 stridore
1173 856 1318 898 lapillum

506 904 550 936 Et
572 905 685 937 stravit
707 906 828 938 celsum
851 907 1006 939 membris
1029 907 1208 950 animisque
1231 908 1409 950 gigantem,

509 955 596 997 (Non
618 967 712 989 secus
734 968 890 990 annosam
914 959 968 1001 qui
991 960 1106 991 sternit
1127 959 1244 991 robore
1269 959 1447 1002 quercum).

425 1019 464 1039 που
506 1007 649 1040 Risimus
671 1008 837 1042 infandum
860 1020 957 1052 quem
980 1009 1090 1042 Iudith
1113 1014 1203 1043 casta
1224 1010 1438 1043 Holoferuem

509 1059 694 1102 Truncavit,
717 1061 829 1093 vitium
853 1062 928 1104 quia
950 1063 1051 1094 virtus
1073 1066 1184 1095 saneta
1207 1063 1349 1105 subegit:

506 1111 601 1144 Nunc
624 1114 752 1155 tempus
771 1112 873 1146 *flendi
896 1114 1104 1157 lamentaque
1129 1114 1264 1147 fundere
1288 1125 1409 1156 amara,

506 1163 639 1206 Flagitii
661 1164 812 1208 impietas
835 1168 960 1198 tantum
984 1166 1072 1209 quod
1093 1166 1192 1198 robur
1213 1166 1334 1210 adepta
1356 1170 1415 1207 est,

508 1215 554 1247 Ut
576 1219 674 1258 caput
696 1217 840 1249 auferret
862 1218 1010 1250 saltatrix
1033 1218 1126 1250 simia
1147 1218 1239 1250 vatis.

424 1278 464 1298 m
506 1266 657 1310 Martyris
680 1268 791 1300 eximii
813 1271 864 1301 est
884 1269 968 1301 haec
989 1270 1097 1312 passio
1121 1272 1232 1302 sancta
1254 1269 1416 1310 Iohannis,

508 1317 603 1351 Haec
624 1319 780 1352 inlaudati
802 1321 962 1353 scelerum
983 1322 1182 1354 monimenta
1204 1322 1339 1364 tyranni.

551 1379 592 1411 V.
615 1379 680 1413 Hie
701 1381 845 1413 mulieris
867 1392 968 1422 amor,
992 1382 1045 1414 hic
1068 1385 1190 1423 cantus,
1214 1382 1326 1414 sibilus
1348 1385 1398 1414 est
1420 1382 1485 1414 hic:

508 1431 577 1463 Ista
599 1435 650 1464 est
672 1432 777 1465 forma
798 1433 942 1476 placens,
967 1444 1050 1476 quae
1073 1433 1115 1466 ad
1138 1434 1275 1466 Tartara
1297 1434 1396 1466 mittit
1418 1437 1580 1471 amantes;

508 1483 660 1516 Liliolum
683 1484 824 1517 candens
846 1485 961 1517 morbo
984 1486 1136 1518 veniente
1159 1489 1363 1528 putrescens;
1407 1508 1410 1510 v

427 1547 466 1567 ἰο
509 1534 603 1567 Haec
625 1546 699 1568 rosa
721 1537 800 1569 flore
823 1537 953 1578 rubens,
977 1537 1036 1570 sed
1059 1541 1133 1580 post
1152 1538 1257 1570 urtica
1279 1548 1451 1580 perurens;

508 1587 680 1630 Lanigeris
702 1588 817 1621 ovibus
839 1589 949 1622 tribuli
972 1590 1026 1621 isti
1048 1590 1172 1622 vellera
1194 1590 1319 1621 tollunt.

508 1638 581 1672 Hac
605 1639 762 1683 deceptus
783 1640 891 1672 Adam
914 1641 1058 1673 seclusus
1081 1641 1123 1674 ab
1146 1641 1262 1673 arbore
1285 1642 1372 1673 vitae
1396 1644 1459 1678 est:

508 1689 562 1723 Sic
583 1690 684 1724 Emor
707 1694 740 1724 et
763 1692 893 1724 Sichem
914 1692 1002 1724 Dina
1023 1693 1151 1736 periere
1175 1692 1324 1729 subacta;

509 1742 655 1775 Hebraei
677 1744 771 1776 mixti
793 1745 906 1776 scortis
927 1745 1058 1777 coluere
1080 1745 1252 1788 Priapum;

429 1806 467 1826 ns
511 1794 669 1838 Turpavit
690 1796 846 1828 meretrix
868 1795 995 1828 Sanson
1016 1806 1162 1839 saxoque
1183 1796 1298 1828 molari

509 1846 646 1879 Addixit
668 1866 710 1870 —
731 1848 884 1880 moluisse
907 1851 1017 1880 tamen
1040 1851 1183 1880 scrutare
1207 1847 1284 1890 quid
1307 1847 1370 1879 hoc
1392 1848 1434 1879 sit
1455 1860 1511 1885 —;

508 1898 583 1931 Hae
605 1898 655 1931 bis
677 1902 831 1942 septenos
853 1900 953 1932 Iacob
976 1900 1097 1932 servire
1120 1910 1181 1943 per
1203 1909 1304 1931 annos

509 1950 681 1991 Fecemt,
703 1954 882 1994 noctesque
906 1952 976 1984 dies
998 1952 1176 1984 ferventior
1198 1954 1308 1983 aestus

509 2001 638 2045 Mitigat
659 2003 828 2036 ardentem
851 2004 911 2036 sub
934 2005 1040 2036 cancri
1063 2004 1170 2036 sidere
1193 2003 1307 2043 solem,

426 2066 466 2086 m
508 2054 660 2098 Dumque
683 2055 776 2098 fugit,
800 2056 920 2099 Ioseph
942 2057 1099 2088 moechae
1123 2066 1181 2087 sua
1204 2055 1303 2098 pallia
1324 2054 1447 2096 linquit.

250 2191 299 2218 199
317 2201 354 2218 am
370 2191 445 2226 *quis
457 2193 470 2218 Y
554 2193 608 2219 200
624 2203 700 2227 quem
715 2195 746 2223 in
765 2195 820 2220 loco
838 2203 899 2220 meo
913 2193 950 2227 A]
967 2203 1026 2220 cum
1047 2194 1212 2227 Duplanque

249 2267 300 2295 190
323 2268 445 2296 Herode«
461 2272 493 2296 ut
509 2277 615 2304 serpens
631 2271 665 2303 (υ.
679 2271 742 2304 142)
763 2270 840 2298 dente
863 2279 913 2297 auo
929 2271 1026 2305 per-isse
1041 2271 1160 2305 fingitur.
1199 2270 1343 2304 Heyesipp.
1363 2269 1432 2295 Bell.
1452 2268 1557 2295 Iudaae'c.
1577 2269 1638 2295 115
1661 2269 1791 2301 Herodes,

144 2317 194 2353 qui
212 2319 364 2347 Iohannem
388 2320 448 2347 neci
473 2320 605 2353 tradidit,
631 2321 764 2356 perfidiae
787 2323 816 2348 et
839 2322 1014 2349 crudelitatis
1037 2330 1103 2348 suae
1126 2321 1247 2356 pretium
1266 2321 1321 2348 luit
1343 2320 1466 2347 deiectus
1489 2327 1575 2354 regno
1598 2321 1683 2353 atque
1708 2319 1792 2346 exilio

145 2369 236 2403 datus.
326 2371 463 2399 195—199
488 2372 545 2405 Cfr.
567 2372 605 2399 ad
627 2373 720 2406 1496;
740 2373 789 2400 hoc
812 2374 866 2400 loco
889 2374 957 2400 Milo
977 2373 1093 2407 respexit
1114 2373 1153 2399 ad
1176 2373 1311 2406 psalmum
1335 2373 1383 2398 151
1411 2371 1470 2405 (qui
1490 2371 1522 2397 in
1539 2371 1649 2398 Latinis
1669 2371 1793 2404 emernplis

145 2422 300 2451 ιἰιοονῶιῖων
317 2423 362 2451 hic
380 2424 503 2458 psalmus
527 2425 580 2452 sibi
605 2425 716 2460 proprie
741 2425 864 2460 scriptus
883 2427 925 2452 est
942 2425 1030 2452 David
1057 2426 1136 2452 extra
1155 2434 1181 2452 n.
1201 2425 1252 2456 CL,
1276 2433 1338 2451 cum
1361 2422 1500 2458 pugnavit
1521 2431 1583 2449 cum
1602 2421 1691 2455 Golia,
1709 2422 1792 2449 Saba-

145 2474 197 2502 ua·
213 2475 332 2509 11287),
350 2483 425 2510 quen·
442 2478 532 2503 tonum
548 2476 680 2503 etcertum
697 2479 733 2503 est
752 2479 843 2503 utrum
862 2477 918 2510 ipse
936 2477 966 2503 in
983 2477 1071 2503 codice
1088 2477 1177 2511 leqm't
1195 2485 1234 2502 an
1255 2475 1356 2502 noverit
1375 2483 1424 2508 per
1441 2474 1589 2508 noviorem
1606 2474 1792 2507 antiquior-m.

144 2526 197 2554 m
218 2527 288 2554 Aen.
309 2526 413 2554 V1543
437 2527 473 2554 ad
497 2527 586 2562 impia
611 2527 728 2555 Tartara
754 2527 853 2555 mittit.
943 2529 994 2555 213
1020 2528 1086 2555 Gen.
1105 2528 1147 2554 34.
1235 2527 1287 2554 214
1311 2526 1467 2560 Hieronym.
1492 2525 1584 2552 me.
1602 2533 1665 2559 pao.
1685 2525 1743 2557 101,
1758 2526 1793 2552 28

144 2577 291 2613 >Beelfegor
307 2578 403 2611 (Nm
421 2580 464 2611 25,
475 2580 512 2614 3),
537 2579 613 2614 quod
637 2580 841 2614 interpretatur
866 2580 1044 2606 simulacrum
1067 2579 1247 2614 ignominiae.
1284 2580 1327 2605 est
1349 2579 1443 2604 autem
1466 2577 1572 2604 idolum
1591 2577 1673 2603 Moab
1692 2586 1794 2611 cogno—

145 2630 240 2657 mento
258 2629 327 2656 Baal
345 2638 428 2665 super
444 2632 568 2658 montem
587 2631 685 2665 Fogor.
704 2639 787 2665 quem
806 2631 899 2658 Latini
920 2631 1051 2666 Priapum
1073 2631 1182 2658 vocant.
1261 2630 1321 2656 215.
1333 2629 1385 2656 216
1404 2628 1494 2655 Iudic.
1514 2629 1555 2659 16,
1567 2629 1600 2655 21
1620 2628 1744 2655 clausum
1762 2628 1792 2655 in

147 2689 256 2708 carcere
273 2682 377 2709 molere
395 2683 533 2709 feceruut:
551 2683 603 2710 216
622 2683 753 2710 Milonem
770 2682 809 2709 ad
820 2683 986 2717 alleqoffcam
998 2682 1240 2716 interpretationem
1262 2681 1397 2714 respicere,
1416 2680 1504 2714 qualis
1514 2682 1587 2706 extat
1599 2679 1675 2713 apud
1687 2679 1792 2713 (ἕτερον.

148 2732 249 2760 nord.
267 2733 313 2760 VI
322 2734 364 2767 18,
381 2741 440 2761 non
455 2733 619 2768 crediderim
637 2734 685 2761 sed
702 2734 808 2761 iocum
825 2734 856 2760 in
873 2734 987 2761 molendi
1008 2734 1226 2767 smificationem
1245 2732 1390 2759 obscenam.
1471 2731 1531 2759 219.
1544 2731 1597 2758 220
1613 2730 1685 2757 Erae
1702 2730 1796 2757 umoris

147 2783 280 2822 nuffar
297 2784 407 2814 lot-'aine
423 2784 454 2812 in
464 2784 521 2811 dies
533 2786 617 2824 »nqis
628 2788 766 2814 aestuante
775 2786 838 2814 solie
850 2786 972 2823 Aeyyptin‘
984 2786 1067 2812 ardor
1078 2785 1140 2820 (sub
1154 2785 1242 2812 sidere
1257 2783 1349 2812 cancri
1361 2784 1418 2811 Ed.
1432 2783 1486 2810 ΙΙΙ
1495 2783 1542 2817 68)
1559 2782 1631 2808 mitis
1646 2781 1792 2810 videbatur.
