2040 2996
548 118 595 145 DE
614 119 763 147 VEGE‘PII
781 120 918 148 comen
954 121 994 148 IN
1013 121 1148 149 'rm'rES
1166 122 1309 150 FALSOS.
1694 129 1755 160 213

468 205 646 238 Pulchrum
669 206 778 239 nitore
802 208 968 250 specimen
991 207 1159 251 decusque
1180 209 1317 248 Romae,

404 265 415 283 ⁵
468 257 582 298 Fama,
604 258 751 298 Lothari,
776 260 916 291 volitans
939 271 1000 303 per
1021 261 1109 292 orbis
1133 272 1219 301 oras,

468 309 597 352 Thylen
620 309 767 352 adusque
791 311 960 354 penitrans
984 312 1116 344 celebre
1139 323 1267 352 nomen,

467 362 575 394 David
599 373 717 395 serena
741 363 881 406 species,
905 364 1028 396 honora
1050 365 1171 408 proles-i,

465 413 562 446 Alter
584 414 739 446 Salemon
763 415 915 447 redolens
939 416 1103 448 charisma
1125 417 1226 460 pacis,

468 466 547 498 Sion
570 469 710 498 venusta
733 466 874 508 soboles,
898 468 931 500 in
954 468 1033 500 orbe
1056 469 1219 512 princepe,

385 524 410 544 ¹⁰
466 517 591 550 Vivens
614 518 724 550 valeto
748 519 879 561 cyclicis
902 530 961 562 per
983 531 1066 552 aeva
1089 521 1180 563 giris.

466 569 598 601 Christo
621 569 753 602 favente
777 570 959 611 dominans,
983 571 1092 612 beate,
1116 574 1266 615 sceptris,

467 620 599 661 Caesar,
622 632 766 664 superna
789 623 901 655 valeas
925 626 1040 656 tenere
1063 635 1185 666 regna;

466 673 576 705 Caelis
600 684 660 716 per
683 685 767 707 aeva
789 675 895 708 niteas
918 675 1017 708 beata
1039 677 1134 708 stella

465 724 624 757 Gaudens
647 725 751 758 nitore
774 726 919 759 Solimae
945 739 1006 770 per
1028 739 1124 761 omne
1149 730 1303 762 saeclum.

384 784 407 804 1⁵
469 776 586 820 [Stella
609 777 708 810 beata
730 778 837 810 niteas
859 789 919 822 per
941 790 1023 811 aeva
1046 781 1156 821 caelis,

466 829 617 861 Saeclum
641 840 701 872 per
723 840 820 863 omne
845 831 989 863 Solimae
1013 832 1116 864 nitore
1143 832 1315 875 gaudens.]

899 936 948 959 Lv.

695 989 876 1022 CONTRA
899 989 1154 1023 MENDOSOS.

461 1049 576 1082 Omnis
598 1050 776 1082 mendosus
800 1061 916 1083 corvos
938 1051 1004 1083 fert
1027 1062 1101 1084 esse
1124 1052 1293 1085 columbas
1317 1072 1359 1077 —

512 1101 632 1145 Sicque
656 1102 806 1134 columba
828 1102 883 1135 dei
906 1102 1025 1135 dicitur
1047 1114 1122 1135 esse
1146 1115 1243 1136 corax
1266 1124 1308 1128 —

458 1154 586 1197 Perque
609 1159 707 1198 caput
729 1155 824 1195 iurat,
847 1155 936 1198 quod
959 1156 1024 1188 sint
1047 1156 1218 1189 mendacia
1241 1168 1326 1196 vera,

508 1206 663 1250 Veraque
686 1210 828 1239 testatur
849 1207 985 1250 figmina
1008 1208 1092 1240 falsa
1115 1209 1196 1240 sore.

398 1265 409 1283 ⁵
461 1258 526 1290 Pro
550 1258 695 1291 tenebris
718 1259 826 1291 lucem
850 1263 991 1302 reputat,
1015 1271 1074 1303 pro
1096 1260 1170 1293 luce
1192 1261 1345 1293 tenebras

509 1310 554 1350 Is,
578 1321 692 1342 sucum
714 1311 802 1344 fellis
825 1310 958 1344 dulcida
980 1313 1079 1345 mella
1101 1313 1211 1351 refert,

458 1363 514 1395 Sic
537 1363 635 1395 mites
658 1374 762 1406 agnos
786 1363 940 1396 scabroso
963 1364 1130 1408 denteque
1154 1365 1272 1398 rodens

508 1414 600 1447 ‘Hos’
624 1416 728 1458 inquit
751 1416 892 1449 ‘rabidos
916 1417 1011 1449 valde
1035 1421 1150 1450 cavete
1174 1417 1291 1461 lupos“.

456 1467 518 1499 Ille
541 1467 631 1499 sinus
654 1467 805 1510 geminos
829 1469 924 1500 laevo
948 1469 1009 1500 sub
1036 1469 1134 1501 corde
1158 1470 1347 1502 revolvens:

381 1526 407 1545 ¹0
506 1518 571 1551 Hic
594 1520 700 1551 cernit
721 1529 846 1560 verum,
870 1520 980 1552 condit
1003 1521 1114 1564 ibique
1137 1521 1259 1555 dolum.

454 1570 542 1603 Hinc
565 1571 681 1613 piceus
705 1571 794 1604 rivus
816 1582 878 1615 per
899 1583 1037 1605 cannam
1061 1574 1202 1615 gutturis
1226 1574 1297 1606 exit

507 1622 671 1655 Bructeris
693 1623 832 1656 mendas
856 1624 1102 1667 fumigerosque
1125 1626 1253 1668 globos.

454 1674 520 1707 Ore
543 1674 637 1707 hians
661 1675 771 1718 patulo
793 1676 934 1709 blaterat
956 1677 1134 1720 linguaque
1157 1678 1308 1710 trisulca:

505 1726 627 1759 Credas
651 1731 808 1771 septenos
830 1728 934 1760 verba
957 1739 1076 1761 sonare
1100 1730 1198 1761 viros.

378 1785 402 1804 ¹⁵
456 1778 528 1810 Non
551 1779 622 1811 vult
643 1780 778 1821 agnosci
801 1780 954 1823 perfusus
978 1781 1129 1824 lampade
1153 1782 1223 1814 veri

504 1830 576 1870 Ille,
600 1841 778 1864 cavernosa
801 1831 859 1864 sed
882 1832 965 1865 latet
986 1832 1019 1865 in
1042 1833 1147 1866 fovea.

452 1882 652 1926 Aethiopum
675 1884 787 1916 tunica
810 1894 922 1917 verum
946 1885 1028 1927 tegit
1051 1888 1122 1917 arte
1146 1885 1297 1926 nefanda,

503 1934 578 1967 Oris
601 1938 635 1967 et
656 1946 700 1967 ex
722 1935 803 1968 flatu
825 1936 938 1968 nubila
961 1947 1059 1969 caeca
1082 1938 1191 1970 vomit.

451 1986 608 2019 Ambulat
631 1987 664 2019 iu
687 1987 789 2019 furvis
811 1987 997 2031 Aegyptius
1020 1988 1075 2020 illc
1098 1989 1255 2028 tenebris,

375 2045 402 2064 2⁰
503 2038 672 2075 Quomodo
695 2039 876 2072 nicticorax
899 2040 972 2072 luce
995 2040 1137 2073 micante
1160 2041 1254 2082 fugit.

887 2153 946 2176 Lw.

479 2206 651 2239 ORATIO
676 2206 853 2253 CONTRA
880 2207 1146 2241 FALSIDIOOS
1169 2207 1349 2240 TESTES.

449 2266 523 2300 Lux
546 2271 682 2301 aeterna
703 2268 786 2301 deus
809 2269 883 2301 fons
906 2269 988 2302 lucis
1012 2270 1084 2302 fons
1109 2270 1265 2310 veritatis,

499 2320 677 2362 Perspicua
700 2320 783 2353 tales
807 2331 907 2363 argue
931 2322 1004 2354 luce
1028 2322 1132 2354 viros:

187 2430 205 2456 4
223 2432 301 2457 decus
318 2440 421 2465 quoque
435 2431 458 2458 C
473 2441 540 2458 em.
552 2433 665 2459 Rremoe
743 2433 760 2459 5
772 2442 828 2459 oras
840 2434 867 2459 in
880 2434 955 2459 horas
967 2442 1034 2459 corr.
1049 2433 1072 2458 0
1147 2432 1162 2458 7
1175 2433 1270 2458 honore
1284 2432 1306 2457 0
1314 2441 1381 2457 corr.
1396 2431 1508 2457 Perenne
1586 2430 1620 2456 10
1631 2431 1704 2456 ualeo
1718 2431 1740 2456 0

85 2483 152 2500 corr.
172 2474 319 2500 Duemmzer
406 2474 439 2500 13
457 2484 506 2501 cua
521 2476 544 2501 0
626 2475 678 2502 *15
697 2475 730 2502 16
741 2476 930 2510 discrepantiae
944 2485 995 2509 pro
1015 2475 1048 2501 13
1068 2474 1100 2501 14
1185 2484 1260 2500 verm
1279 2474 1311 2500 16
1323 2475 1435 2507 sequenti
1452 2475 1469 2499 S
1482 2474 1544 2506 ,icut
1561 2473 1736 2506 018111019πο

22 2523 23 2526 ’
81 2522 141 2550 pon
157 2518 175 2543 S
192 2517 295 2549 danto)
312 2518 334 2543 0
347 2518 364 2543 ι’.
377 2527 398 2543 e.
411 2519 539 2544 Secuntur
555 2518 668 2552 (Haupt,
685 2528 721 2545 an
738 2518 853 2545 *Seduni
870 2520 937 2544 sicut
944 2519 967 2551 ἱ)
984 2523 1010 2544 et
1026 2519 1070 2544 alii
1174 2517 1234 2550 [ιν.]
1246 2518 1286 2543 ed.
1300 2517 1448 2542 Duemmler
1458 2526 1484 2550 p.
1498 2516 1532 2542 25
1601 2516 1618 2542 8
1631 2516 1700 2542 *Uos
1716 2517 1739 2542 Ο

85 2560 119 2586 12
142 2561 320 2594 fumiger-oque
341 2570 409 2587 corr.
433 2561 583 2588 Dioemmler
682 2561 713 2588 17
736 2563 821 2588 tonica
840 2563 863 2588 0
883 2571 951 2588 corr.
969 2562 1117 2586 Duemmler
1177 2559 1286 2594 *tegit-ar
1303 2569 1318 2586 e
1336 2561 1446 2586 nefanda
1459 2560 1482 2586 Ο
1608 2559 1676 2593 [nvn]
1695 2560 1735 2585 ed.

84 2602 197 2629 Pis-enne
210 2612 240 2637 p.
258 2602 293 2629 64
310 2612 346 2638 eq.

186 2670 251 2706 [ιι]
276 2672 294 2698 3
318 2672 365 2705 cfr.
394 2671 479 2706 XLI,
512 2673 553 2700 73.
643 2674 676 2700 13
702 2672 787 2700 Pmd.
817 2673 886 2699 ham.
915 2672 968 2699 202
1001 2671 1035 2698 Et
1065 2671 1180 2698 discissa
1210 2670 1281 2697 dolis
1313 2671 1425 2697 resonat
1456 2678 1582 2697 sermone
1611 2670 1734 2697 trisulco.

83 2722 118 2748 m
134 2722 302 2757 Nycticorax
322 2723 384 2758 ipsa
401 2725 444 2751 est
461 2726 577 2757 noctua,
595 2724 662 2758 quia
681 2726 790 2751 noctem
809 2725 894 2756 amat;
913 2725 955 2750 est
974 2723 1047 2750 enim
1066 2723 1126 2750 avis
1144 2722 1270 2756 lucifuga
1289 2723 1317 2748 et
1335 2722 1420 2748 solem
1440 2721 1534 2748 videre
1552 2730 1608 2749 non
1617 2722 1734 2756 patitur.

21 2770 25 2774 ’
83 2772 177 2800 Issam.
199 2773 275 2807 XII,
294 2773 318 2806 7,
335 2775 380 2802 41.
