2040 2996
233 139 295 171 218
795 137 936 165 SEDULII
955 137 1084 165 SCOTTI
1103 137 1268 166 CARMlNA
1289 137 1324 165 11.

522 232 544 250 ¹⁵
598 224 635 256 In
661 225 753 256 vobis
778 225 925 256 redolent
949 226 1041 256 cuius
1066 236 1151 257 nune
1176 228 1352 256 stemmata
1376 236 1511 265 morum,

646 276 759 308 Indole
783 277 953 318 praeclara
978 277 1089 308 matris
1113 277 1220 318 imago
1245 276 1359 312 mieat;

602 328 637 359 In
663 331 790 359 vestrae
816 329 932 360 mentis
956 329 1089 370 speculo
1114 328 1275 370 sapientia
1298 329 1410 368 claret,

646 380 766 412 Fervet
789 378 881 412 amor
905 379 1029 412 Christi
1052 380 1158 412 cordis
1182 380 1214 411 in
1233 376 1314 412 “arce
1339 380 1401 417 tui;

599 432 723 464 Norma
746 433 922 475 pudicitiae
950 444 1005 464 vos
1029 433 1107 464 estis
1131 433 1254 475 luxque
1278 444 1395 465 serena

519 492 545 511 2⁰
648 484 721 516 Non
744 484 856 527 dispar
880 485 974 516 matri
998 485 1240 526 consimilisque
1264 486 1363 527 patri:

601 536 628 567 Ο
653 547 750 578 quam
774 536 886 568 felices
910 540 1017 568 rector
1040 537 1226 578 reetrixque
1251 539 1416 578 parentes,

646 588 742 620 Hanc
765 589 976 631 margaritam
1001 589 1055 632 qui
1079 599 1223 632 genuere
1247 599 1376 621 novam.

1027 711 1098 733 LXII.

979 765 1145 798 ITEM.

600 826 659 865 Te,
684 826 780 859 beate
804 837 873 865 rex,
897 838 1068 869 precamur
1091 838 1147 859 ore
1173 827 1270 859 corde
1294 827 1468 866 mentibus,

600 879 673 915 Quo
697 889 834 910 serenus
858 882 955 920 atque
979 879 1069 910 mitis
1093 879 1149 910 des
1174 890 1291 911 serena
1314 883 1475 922 tempora:

601 930 687 962 Ecce
713 941 797 962 nunc
821 941 965 972 aquosus
990 942 1047 962 aer
1071 931 1173 963 imbre
1198 942 1274 963 rura
1297 931 1428 973 perluit,

599 982 728 1014 Uberes
751 993 858 1024 agros,
882 982 986 1021 videm
1010 986 1046 1014 ut
1069 982 1152 1014 uber
1174 983 1261 1014 unda
1284 983 1432 1026 dissipet.

535 1066 546 1084 ⁵
600 1057 817 1097 Quaesumus,
843 1069 985 1101 superne
1009 1070 1118 1091 rerum
1141 1062 1343 1102 temperator
1365 1060 1523 1092 omnium:

600 1110 763 1152 Frugibus
788 1110 831 1142 sit
854 1114 886 1142 te
911 1115 1046 1152 regente
1070 1110 1191 1143 blanda
1214 1111 1423 1154 temperatim

602 1161 684 1193 Cum
708 1173 891 1204 precamur,
916 1163 1001 1194 alme
1026 1173 1144 1202 rerum,
1168 1166 1210 1202 te,
1234 1163 1414 1206 imperator
1436 1164 1591 1204 omnium,

601 1213 733 1246 Vitibus
758 1214 800 1246 sit
822 1217 855 1247 te
879 1214 1010 1247 dicante
1034 1215 1151 1247 fertilis
1177 1215 1348 1247 serenitas.

1022 1337 1105 1359 LXIII.

750 1391 811 1424 DE
835 1391 1063 1424 PASCHALI
1087 1392 1387 1425 FESTIVITATE

804 1444 1028 1476 SEDULIUS
1054 1444 1320 1477 CONPOSUIT.

602 1504 696 1536 Haec
721 1508 771 1536 est
794 1505 880 1536 alma
903 1505 985 1544 dies,
1010 1509 1197 1537 sanctarum
1221 1509 1334 1537 sancta
1358 1506 1495 1545 dierum,

650 1555 746 1588 Veris
770 1556 907 1598 pulcher
929 1557 1031 1588 honos
1056 1557 1267 1599 signiferique
1290 1557 1406 1595 decus;

602 1607 666 1640 Hic
691 1611 741 1639 est
763 1619 904 1651 namque
929 1608 1010 1647 dies,
1033 1609 1186 1640 dominus
1211 1620 1308 1652 quem
1332 1610 1411 1642 feeit
1435 1610 1540 1643 Iesus.

648 1660 687 1691 Iu
712 1670 774 1702 quo
797 1661 939 1692 laetatur
962 1662 1127 1692 cosmicus
1151 1661 1237 1692 orbis
1261 1672 1373 1693 ovanS.
1398 1681 1440 1685 ——

537 1724 547 1737 a
602 1711 755 1743 Crinibus
779 1712 864 1744 hunc
888 1713 1004 1750 niveis,
1028 1723 1143 1744 croceo
1167 1714 1304 1745 vestitus
1329 1714 1449 1747 amictu

650 1763 735 1795 Solis
760 1764 801 1795 ab
826 1767 942 1796 exortu
964 1764 1100 1797 Lucifer
1124 1776 1202 1797 ecce
1227 1769 1346 1808 stupet,

607 1814 723 1846 Clarus
748 1819 781 1847 et
805 1815 948 1848 occiduis
971 1816 1134 1848 rutilascit
1156 1816 1285 1859 Vesper
1307 1817 1340 1848 in
1362 1817 1452 1849 horis

647 1866 755 1909 Atque
780 1867 831 1898 sui
854 1867 975 1898 domini
999 1868 1104 1899 noscit
1128 1878 1236 1899 amore
1261 1868 1357 1900 diem.
1388 1888 1422 1891 —

601 1918 728 1950 Vernat
751 1918 909 1960 stelligeri
931 1919 1129 1961 Septemtrio
1154 1919 1285 1952 cardine
1310 1921 1392 1952 caeli

522 1977 546 1995 10
649 1970 743 2002 Haec
767 1971 954 2012 septenaria
977 1971 1128 2014 lampade
1152 1972 1239 2004 festa
1263 1972 1389 2004 colens:

606 2022 750 2064 Aegypti
773 2022 925 2054 tenebras
948 2022 1092 2065 dispellit
1115 2023 1188 2055 luce
1213 2023 1366 2066 Canopos

648 2074 699 2105 Ac
723 2074 769 2105 sie
793 2074 942 2105 lucifluos
968 2075 1092 2117 spargit
1115 2075 1156 2106 ab
1181 2085 1236 2106 ore
1260 2075 1387 2117 globos.
1411 2095 1453 2099 -

603 2127 714 2157 Aurea
738 2126 899 2158 sideream
922 2127 1115 2158 transcurrit
1138 2126 1232 2158 Luna
1254 2138 1314 2170 per
1337 2131 1460 2160 aetram

651 2177 793 2210 Gestans
818 2179 1054 2221 sceptrigerum
1077 2190 1163 2211 nunc
1188 2178 1340 2211 diadema
1363 2191 1481 2212 novum

523 2238 544 2256 1³
598 2230 739 2273 Ipsaque
763 2230 951 2262 celsithroni
974 2232 1114 2263 miratur
1136 2242 1258 2263 cornua
1282 2231 1405 2263 Christi

649 2282 804 2314 Exaltata
827 2283 877 2314 sui
900 2276 1058 2325 principis
1079 2294 1117 2315 ac
1141 2283 1274 2315 domini.
1301 2303 1341 2307 -—

604 2333 701 2365 Titan
725 2335 917 2377 gemmigeri
941 2339 1088 2367 centrum
1113 2335 1302 2366 conscendit
1325 2335 1459 2378 olimpi,

649 2385 780 2417 Ardens
804 2386 1029 2418 flammivomis
1054 2386 1174 2418 emicat
1195 2396 1273 2418 ecce
1297 2387 1392 2418 rotis:

343 2531 375 2555 19
394 2532 512 2564 pudiciae
527 2532 549 2557 C
564 2540 631 2557 corr.
645 2533 756 2558 Pir-emme
880 2532 958 2566 [mn]
977 2533 1016 2559 ed.
1032 2533 1125 2559 Grec-se
1134 2542 1162 2566 p.
1174 2533 1191 2558 6
1271 2533 1288 2559 6
1306 2534 1460 2567 tempsi-acio
1474 2534 1497 2559 0
1573 2533 1590 2559 8
1608 2535 1711 2560 Vitibus
1729 2538 1754 2560 te
1772 2535 1894 2560 uincanto

237 2584 304 2599 corr.
320 2575 346 2606 0,
365 2573 471 2600 *ferulis
486 2575 512 2606 (ζ’,
531 2576 597 2600 Vitis
616 2577 649 2601 sit
666 2581 691 2602 te
707 2577 827 2602 vilieanoe
845 2577 990 2609 sphaerulis
1008 2585 1028 2602 s.
1046 2577 1138 2609 Haupt
1151 2602 1154 2604 ,
1214 2581 1274 2609 poet
1290 2578 1363 2602 LXII
1379 2577 1452 2602 nullo
1464 2577 1596 2602 interstitio
1609 2578 1722 2610 sequitur
1735 2577 1894 2603 Gaea-mune

235 2617 391 2649 epitaphium
419 2626 450 2642 ez
473 2618 579 2642 Baedae
608 2619 664 2643 Ιιίοι.
688 2620 766 2652 Αἠῃί.
789 2620 847 2644 eccl.
867 2619 894 2651 V,
917 2619 932 2644 7
956 2620 996 2644 ed.
1021 2620 1056 2644 H.
1075 2629 1105 2652 p.
1130 2619 1181 2645 236
1203 2629 1239 2652 sq.
1263 2624 1402 2652 mmptum,
1435 2629 1489 2645 mm
1512 2629 1544 2645 ex
1566 2620 1646 2645 Pauli
1669 2620 1782 2645 Dia-coni
1809 2620 1893 2653 Iamq.

237 2660 293 2684 Ιιὶει.
310 2659 356 2690 VI,
376 2659 407 2684 15
426 2660 465 2684 ed.
482 2660 517 2685 W.
533 2670 561 2693 p.
583 2660 639 2693 1159,
659 2663 709 2694 cfr.
727 2662 792 2687 Mai.
812 2666 879 2687 auct.
897 2662 929 2687 cl.
947 2662 974 2693 V,
992 2661 1043 2687 403
1062 2671 1114 2694 sqq.
1133 2666 1156 2687 ει
1173 2662 1205 2687 «le
1223 2662 1299 2687 Ros-n·
1317 2662 1390 2694 apud
1408 2661 1520 2687 Leonem
1537 2663 1577 2688 cd.
1597 2662 1670 2688 Fort-
1687 2672 1714 2695 p.
1732 2662 1846 2693 XXVL·
1863 2672 1894 2690 a

238 2702 340 2727 emm
353 2702 431 2727 edidit
444 2702 555 2728 Piremze
566 2712 592 2735 p.
606 2704 640 2729 (56
652 2714 698 2737 aq„
715 2706 759 2730 um·
770 2705 876 2737 σοντι-9.,
890 2704 921 2730 19
935 2705 999 2730 uidit
1011 2705 1055 2736 (c)
1065 2704 1099 2730 26
1111 2705 1152 2730 die
1164 2704 1282 2736 (Rasum
1295 2702 1315 2733 bs
1331 2705 1363 2736 a>
1381 2706 1431 2730 xu
1443 2709 1480 2723 m·
1494 2698 1549 2731 κῖ.
1568 2698 1702 2738 MAIAE3
1721 2705 1753 2731 1¹1
1773 2714 1894 2739 supremo

235 2749 328 2770 contra
347 2745 447 2770 Maium
470 2750 494 2770 et
511 2747 628 2772 Britanni
653 2752 743 2773 contra
761 2748 913 2773 Pirenuium
931 2752 1014 2774 tuetur
1032 2747 1151 2774 Ermold.
1164 2748 1192 2774 in
1210 2747 1268 2774 hon.
1283 2747 1382 2774 Ludov.
1397 2748 1455 2780 III,
1475 2748 1507 2774 13
1519 2749 1572 2781 (11,
1590 2748 1635 2782 41)
1752 2747 1893 2783 [131111]οά

236 2787 386 2814 Duemmler
405 2788 507 2814 Sedult'i
525 2790 643 2815 carmina
661 2799 686 2824 p.
705 2789 738 2816 27
757 2800 792 2825 eq.
1844 2819 1867 2841 Ο,
