2060 3074
0 1968 18 2121 ··-r=·’.·-==⁷>v-<
0 1924 5 1946 υ-
0 1885 3 1888 v

0 2296 9 2310 v,
0 2174 16 2287 '’³35'‘ss
0 2123 9 2162 ⁴·.'*⁴

759 148 871 175 VITAE
889 149 916 175 S.
934 149 1103 176 GERMANI
1121 150 1230 177 LIBER
1248 152 1268 178 I.
1774 155 1837 185 439

555 234 683 266 Aetatis
706 233 806 266 breve
829 245 886 266 ver
909 238 942 267 et
964 237 1059 278 primi
1083 237 1190 278 gratia
1212 238 1300 269 floris
1580 245 1621 270 De
1632 246 1729 278 peritia
1742 246 1837 271 artium

554 286 690 318 Artibus
714 286 872 318 inmaduit
894 287 981 319 facili
1005 289 1174 321 conamine
1198 292 1336 332 septem.
1654 298 1671 313 α
1685 297 1768 321 puero

554 337 703 369 Auxerat
725 337 860 369 infantis
884 338 1034 381 largitrix
1056 341 1163 382 gratia
1185 344 1300 383 pectus

554 388 744 421 Muneribus
767 390 923 431 geminis:
949 391 1099 433 quodque
1123 393 1246 424 assolet
1269 404 1342 425 esse
1366 393 1493 426 duobus

490 452 515 472 25
553 440 691 472 Gratum
715 443 748 472 et
769 441 945 481 sufficiens,
969 442 1030 474 hoc
1054 444 1358 484 praecumulaverat
1379 445 1446 477 uni.

553 490 704 534 Namque
727 494 765 523 ut
788 493 932 535 septenis
957 494 1118 536 sapientia
1141 495 1219 527 nixa
1242 496 1402 528 columnis

553 542 732 585 Aptificare
756 542 887 575 domum
912 544 1032 576 dilecto
1056 546 1089 576 in
1112 549 1246 588 pectore
1268 550 1390 589 posset,

554 594 728 637 Ingenium
750 595 850 627 vivax
873 606 1031 628 conamen
1054 597 1135 629 iuvit
1157 597 1199 629 ad
1222 609 1332 635 omne;

554 646 656 688 Inque
679 646 769 678 vices
793 647 902 679 animo
927 649 1116 689 genitaliter
1140 650 1338 691 exspatianti

491 710 516 730 τω
554 698 721 730 Sedulitas
745 699 932 742 praetendit
955 711 1050 743 opem
1074 701 1221 733 studiosa
1243 702 1401 743 magistri.

555 749 705 793 Utraque
728 761 781 783 res
805 751 998 784 moderante
1022 752 1083 784 deo
1106 753 1215 784 felicia
1239 757 1356 796 coeptu

555 802 718 845 Tempora
740 803 911 846 gliscentis
936 805 1000 836 iam
1024 808 1101 836 tunc
1124 806 1275 847 provexit
1298 806 1447 848 ephoebi.

553 854 700 886 Plurima
723 865 784 897 per
807 856 936 887 steriles
960 860 1159 898 sparguntur
1181 857 1307 888 semina
1331 857 1436 889 sulcos

552 906 719 939 Proventu
741 907 868 939 modico
893 908 956 947 vel,
978 911 1015 940 ut
1036 909 1185 949 multum,
1209 909 1377 941 mediocri:

488 970 513 990 ³5
553 958 599 990 At
621 953 710 1001 quae*
729 959 888 992 fecundas
911 960 1024 992 ineunt
1045 960 1209 993 frumenta
1232 961 1375 1002 novales,

555 1009 621 1053 Spe
644 1015 779 1043 manant
801 1011 924 1054 duplici
948 1022 1022 1043 cum
1045 1012 1184 1054 glaebae
1207 1016 1276 1044 tum
1301 1013 1447 1054 sationis,

553 1062 722 1106 Plenaque
745 1064 921 1106 conspicuo
945 1064 1123 1107 respondet
1146 1065 1240 1107 copia
1263 1075 1373 1097 cornu.

553 1113 699 1158 Cumque
722 1115 807 1148 foret
830 1116 1007 1148 vehemens
1031 1117 1197 1159 animique
1221 1116 1262 1148 ad
1287 1120 1402 1148 cuncta
1424 1118 1562 1160 rapacis,
1590 1122 1664 1153 Quod
1681 1122 1777 1147 Romae
1795 1122 1835 1147 ius

552 1166 607 1198 Nil
629 1167 870 1210 intemptatum,
893 1168 939 1200 nil
963 1168 1103 1211 denique
1128 1168 1231 1211 liquid
1253 1168 1449 1200 inhaustum.
1642 1165 1765 1190 didicerit.

486 1230 513 1250 ιο
549 1217 711 1261 Quicquid
736 1219 777 1251 ab
801 1219 963 1261 indigenis
986 1220 1095 1262 potuit
1115 1230 1249 1252 manare
1273 1220 1448 1262 magistris,

552 1269 680 1302 Cuncta
702 1270 808 1302 brevi:
832 1281 907 1303 nam
930 1282 1036 1314 paene
1059 1282 1142 1314 puer
1166 1272 1310 1314 citraque
1334 1273 1500 1304 iuventam

553 1321 671 1354 Omnia
694 1322 906 1354 combiberat.
951 1322 1044 1354 Furit
1067 1323 1198 1355 intimus
1221 1323 1351 1355 ossibus
1375 1323 1471 1356 ardor

526 1393 538 1409 .
552 1373 715 1406 Ulteriora
738 1374 831 1416 sequi
854 1378 888 1406 et
911 1374 1038 1414 studiis,
1064 1375 1098 1406 ni
1122 1375 1215 1418 copia
1238 1374 1334 1414 desit,

552 1424 628 1457 Otia
651 1428 829 1465 conterere,
852 1426 967 1458 studiis
991 1426 1180 1468 impendere
1205 1437 1278 1458 sese

485 1490 511 1509 ⁴⁵
549 1477 651 1520 Inque
675 1477 758 1509 mori
780 1477 915 1515 studiis;
937 1489 1098 1521 perparva
1120 1482 1153 1510 et
1176 1478 1254 1510 vilia
1278 1478 1371 1518 scitu,

551 1529 586 1561 Si
609 1539 674 1572 qua
696 1532 810 1572 patent
834 1530 1013 1572 (usquam);
1038 1541 1112 1562 cara
1136 1534 1169 1562 et
1191 1530 1409 1572 praegrandia
1433 1533 1554 1570 censet,

555 1581 591 1613 Si
614 1591 679 1623 qua
700 1581 814 1614 latent.
858 1580 940 1613 Erat
962 1582 1114 1624 ingenuis
1139 1585 1215 1613 tunc
1239 1581 1363 1615 artibus
1387 1586 1491 1624 usque

551 1632 670 1665 Certus
692 1632 795 1665 honos
819 1633 1000 1676 studiisque
1024 1626 1167 1666 addebat
1189 1633 1294 1676 gloria
1317 1634 1434 1666 calcar.

292 1752 399 1778 Sclwlia
417 1767 449 1771 —
468 1752 501 1780 21
522 1755 603 1780 Breve
621 1762 666 1780 ver
684 1758 791 1780 voe-tur
803 1755 922 1788 pueritia,
940 1755 1008 1786 quod
1021 1755 1072 1780 cito
1085 1756 1110 1780 in
1124 1755 1324 1780 adolescentiam
1337 1758 1457 1781 transeat.
1544 1755 1577 1781 24
1594 1755 1713 1789 geminis]
1731 1756 1834 1789 ingenio

189 1799 216 1822 et
233 1797 318 1822 studio
370 1795 482 1830 duobus]
500 1806 536 1823 sc.
555 1797 702 1823 hominibus
796 1796 831 1823 26
848 1797 971 1831 septenis]
990 1799 1007 1823 i.
1025 1807 1048 1824 e.
1066 1802 1161 1831 septem
1180 1799 1280 1824 artibus
1298 1799 1448 1824 liberalibus
1542 1798 1576 1825 28
1594 1800 1728 1831 Ingenium
1747 1798 1833 1831 vivax]

188 1840 314 1865 naturalis
326 1841 457 1873 capacitas
499 1839 634 1874 conamen]
653 1841 766 1867 studium
845 1840 879 1866 29
897 1841 1044 1874 genitaliter
1056 1840 1219 1875 exspatianti]
1239 1842 1389 1867 naturaliter
1400 1842 1566 1875 capacissimo
1643 1840 1678 1867 30
1695 1841 1832 1875 Scdulitas]

189 1883 328 1908 assiduitas
380 1882 463 1917 opem]
482 1884 633 1910 exercitium
727 1883 759 1909 31
779 1883 934 1916 moderante]
954 1885 1082 1910 tribuente
1135 1884 1235 1918 coeptu]
1254 1885 1396 1910 incoatione
1487 1884 1521 1910 32
1538 1883 1680 1917 gliscentis]
1698 1885 1834 1910 crescentis

189 1925 307 1962 {phoebi}
326 1927 494 1953 adolescentis
563 1926 597 1953 33
614 1925 722 1959 steriles]
735 1926 910 1953 infructuosos
951 1926 1117 1961 sparguntur]
1131 1929 1304 1953 immittuntur
1342 1926 1437 1960 sulcos]
1450 1928 1518 1961 rigas
1529 1932 1644 1953 araturae
1658 1929 1786 1957 (araturas
1799 1927 1833 1959 P)

187 1967 222 1995 34
238 1970 368 1996 Proventu
386 1969 494 2003 modico]
514 1971 530 1996 i.
542 1979 564 1996 e.
583 1971 760 1996 habundantia
778 1979 858 2004 parva
904 1975 933 1996 ut
944 1972 1053 1997 multum
1067 1969 1196 2003 mediocri]
1217 1980 1262 2004 pro
1280 1972 1357 1996 etiam
1375 1971 1451 1996 valde
1469 1972 1636 1996 infructuoso.
1671 1971 1834 2003 Comparatio

188 2017 228 2038 ent
244 2013 286 2039 vel
304 2014 455 2047 metaphora
472 2023 488 2039 a
505 2018 572 2040 terra
591 2014 624 2040 ad
647 2014 791 2046 hominem,
813 2022 829 2039 a
852 2015 992 2040 seminibus
1018 2015 1051 2040 ad
1073 2018 1162 2040 artem.
1199 2015 1272 2046 Quae
1294 2015 1448 2047 comparatio
1473 2023 1503 2039 eo
1526 2015 1647 2047 pertinet,
1670 2017 1700 2039 ut
1722 2014 1834 2039 sciamus

188 2055 262 2082 aliter
278 2057 400 2090 prolicere
418 2058 553 2090 magistros
570 2058 597 2083 in
615 2058 652 2083 eis
671 2058 767 2091 pueris,
785 2058 830 2090 qui
849 2058 961 2083 naturali
981 2059 1080 2083 fervent
1097 2058 1209 2090 ingenio,
1227 2062 1252 2082 et
1268 2058 1343 2083 aliter
1360 2058 1386 2082 in
1405 2058 1448 2090 eis,
1467 2058 1562 2089 quibus
1580 2061 1618 2083 est
1635 2057 1713 2082 hebes
1731 2057 1834 2082 animus

189 2099 215 2124 in
233 2100 354 2126 discendo
439 2099 474 2126 35
492 2099 625 2134 secundas]
645 2101 660 2126 i.
679 2110 702 2127 e.
720 2101 830 2134 pingues
877 2100 976 2134 ineunt]
996 2102 1096 2126 initiant
1143 2099 1280 2133 frumenta]
1300 2101 1316 2126 i.
1335 2109 1356 2126 e.
1374 2109 1484 2126 annone.
1503 2114 1535 2118 -
1554 2100 1667 2133 Speciem
1685 2100 1770 2132 posuit
1788 2108 1833 2132 pro

188 2150 282 2176 genere
386 2142 420 2170 36
439 2144 489 2177 Spe
506 2143 625 2177 manant]
643 2145 781 2170 securitate
799 2145 951 2170 adcrescunt
1000 2143 1104 2180 glaebe]
1124 2153 1148 2177 q.
1168 2143 1200 2176 (ἓ)
1219 2149 1303 2169 terrae
1356 2142 1471 2175 sationis]
1489 2143 1608 2168 sementis
1711 2142 1744 2168 37
1762 2143 1835 2176 copia

188 2185 278 2219 cornu]
297 2187 484 2212 habundantia.
520 2188 590 2213 Solet
607 2187 723 2218 evenire,
745 2191 776 2213 nt
797 2188 911 2220 agricola
929 2188 1004 2213 iactis
1027 2188 1167 2212 seminibus
1190 2187 1372 2220 multiplicatos
1397 2187 1501 2220 recipiat
1518 2186 1561 2218 (-
1581 2190 1606 2211 et
1623 2184 1657 2219 P)
1675 2186 1775 2211 fructus
1793 2186 1834 2211 vel

189 2233 291 2262 propter
308 2230 462 2256 desiderium
480 2231 564 2256 bonae
581 2234 664 2256 terrac
682 2231 723 2256 vel
741 2236 845 2264 propter
862 2231 975 2256 studium
998 2231 1058 2256 boni
1081 2231 1201 2264 agricole.
1236 2231 1299 2256 Cum
1319 2238 1380 2255 uero
1399 2230 1426 2254 in
1445 2230 1539 2254 malam
1557 2233 1650 2254 terram
1667 2229 1741 2254 labor
1758 2229 1835 2254 fuerit

188 2280 328 2306 expensus,
354 2276 399 2299 aut
423 2274 498 2305 (haut
519 2282 587 2300 corr.
611 2273 646 2307 1²)
670 2274 714 2299 vix
738 2275 853 2299 modicus
876 2278 921 2299 aut
945 2273 1021 2306 (haut
1043 2283 1108 2299 corr.
1135 2273 1169 2305 P)
1190 2277 1256 2299 certe
1279 2273 1367 2298 nullus
1391 2273 1515 2298 seminum
1540 2272 1674 2305 apparebit
1695 2275 1834 2305 proventus

188 2314 223 2340 38
239 2314 390 2349 vehemens]
410 2316 498 2349 magni
515 2317 613 2350 ingenii
701 2315 735 2343 39
754 2315 941 2350 intemptatum]
961 2321 991 2342 ut
1008 2317 1161 2352 non00mniu
1173 2317 1327 2350 adprobaret
1373 2314 1532 2348 inhaustum]
1552 2323 1587 2340 sc.
1600 2315 1668 2348 quod
1686 2323 1737 2340 non
1758 2315 1834 2340 sciret

187 2356 224 2383 40
241 2357 354 2392 mature]
373 2360 452 2385 fluere
542 2359 576 2386 41
595 2359 678 2392 brevi]
696 2369 731 2385 sc.
750 2360 838 2385 didicit
889 2361 1004 2392 citraque
1023 2358 1166 2392 iuventam]
1185 2360 1210 2384 in
1229 2357 1448 2391 adolescentiam]
1535 2356 1569 2382 42
1587 2356 1755 2390 combiberat]
1775 2358 1791 2383 i.
1811 2366 1832 2382 c.

188 2409 275 2426 omnes
293 2406 360 2427 artes
378 2402 499 2428 velociter
519 2403 642 2428 addidicit
704 2404 766 2428 furit
785 2401 812 2435 i.]
836 2403 906 2428 ardet
929 2411 1015 2428 amore
1038 2403 1151 2428 discendi
1215 2401 1325 2435 ossibus]
1350 2402 1399 2426 hoc
1421 2405 1460 2427 est
1482 2402 1508 2426 iu
1530 2401 1694 2426 interioribus
1716 2401 1833 2426 sensibus

188 2445 281 2469 mentis
332 2444 417 2478 ardor]
435 2454 507 2471 amor
610 2445 644 2471 46
669 2447 737 2478 Quia
760 2451 863 2480 propter
884 2447 994 2479 gloriam
1012 2450 1037 2471 et
1055 2446 1155 2471 laudem
1179 2450 1252 2471 crant
1276 2445 1350 2471 multi
1370 2445 1396 2469 in
1419 2445 1538 2470 exercitio
1561 2444 1706 2469 liberalium
1729 2444 1832 2469 artium.

188 2487 261 2512 Sicut
278 2487 340 2512 dicit
356 2489 459 2514 Tullius
476 2489 503 2514 in
521 2490 677 2515 Tusculanis
698 2489 762 2521 (12,
773 2491 814 2517 4);
838 2490 918 2514 bonos
942 2489 988 2514 alit
1005 2493 1073 2514 artes
1091 2493 1116 2514 et
1133 2489 1310 2515 accenduntur
1327 2496 1415 2513 omnes
1433 2488 1464 2512 ad
1483 2487 1569 2512 studia
1585 2487 1668 2520 gloria
1686 2486 1744 2520 (cfr.
1764 2487 1834 2519 Lupi

188 2529 270 2562 Epiet.
289 2530 325 2556 aa
336 2531 466 2557 Effultus-d.
480 2531 499 2557 Ι
513 2540 556 2564 ap.
576 2531 670 2558 Baluz.
690 2532 730 2558 etl.
750 2532 898 2557 Deodevines
915 2532 951 2557 du
969 2531 1062 2557 Dezcrt
1078 2535 1182 2565 pugni-4
1200 2536 1223 2557 et
1242 2531 1362 2556 Heiricm
1378 2531 1406 2556 in
1424 2530 1547 2555 Meo-ocul.
1568 2530 1652 2555 Germ.
1665 2530 1767 2563 proloq.
1787 2530 1832 2555 14

188 2572 228 2599 al.
246 2573 324 2599 Dwru
341 2574 358 2600 l.
376 2583 397 2600 c.
416 2575 453 2600 ΙΙ
470 2584 529 2608 paq.
543 2576 598 2608 116)
701 2574 736 2601 47
755 2574 884 2608 ingenuis]
904 2575 1054 2601 liberalibus
1157 2574 1190 2600 48
1207 2573 1302 2608 calcar]
1323 2574 1515 2599 incitamentum

290 2658 324 2686 34
341 2660 383 2686 uel
395 2669 408 2686 c
420 2669 487 2686 cm.
499 2660 526 2686 P
591 2660 625 2687 35
642 2662 676 2687 At
688 2659 764 2694 quae]
782 2662 865 2694 Atque
878 2669 945 2686 corr.
960 2663 976 2685 2
988 2669 1019 2685 m.
1035 2661 1060 2685 P
1126 2660 1163 2686 ad
1181 2659 1214 2686 38
1228 2669 1299 2686 roma
1316 2661 1371 2686 eius
1390 2669 1456 2685 corr.
1471 2659 1496 2684 P
1562 2658 1596 2685 46
1615 2668 1724 2692 usquam
1743 2668 1792 2684 om.
1807 2658 1833 2684 P

289 2744 324 2774 3⁹
348 2745 404 2779 Ost.
425 2745 519 2774 Horat.
538 2746 599 2773 Art.
619 2748 687 2780 ped.
705 2747 764 2773 285.
870 2746 902 2773 41
923 2745 1050 2780 citraque
1068 2744 1211 2772 iuventam
1231 2745 1296 2772 Met.
1319 2745 1349 2772 X
1359 2745 1401 2773 84.
1506 2745 1540 2771 45
1559 2743 1630 2771 Hor.
1651 2744 1712 2778 Epl.
1731 2744 1751 2771 Ι
1763 2745 1787 2776 7,
1799 2745 1833 2772 85

189 2797 347 2826 Immoritur
363 2797 471 2827 studiis.
