2060 3074
211 181 273 212 466

505 428 541 446 1ῖῦ

504 687 541 706 1⁸0

506 946 541 964 135.

504 1206 513 1223 1
518 1205 543 1223 90

503 1465 538 1483 19:⁷1

501 1726 539 1744 200

501 1986 539 2004 205

500 2247 539 2266 210

501 2506 539 2525 215.

875 170 1012 198 HEIRICI
1030 170 1206 197 CARMINA.

577 260 667 292 Cena
690 260 798 291 brevis
822 259 912 296 alios,
939 261 1089 290 sanctum
1113 257 1291 300 psalmodia
1314 257 1413 299 pavit.

575 312 648 343 Nox
673 315 742 343 erat
766 315 799 343 et
821 311 954 353 plenum
982 310 1161 352 carpebant
1185 313 1302 341 cuncta
1326 320 1485 352 soporem.

575 363 695 395 Lector
718 362 835 394 divinis
860 361 1004 393 admovit
1027 362 1177 393 acumina
1200 361 1292 393 libris
1317 379 1355 383 —

579 415 650 446 Mos
676 418 746 446 erat
770 414 832 446 iste
857 414 925 445 viro
950 426 1005 449 —;
1036 415 1206 445 cesserunt
1229 413 1316 444 fessa
1341 413 1451 455 sopori

577 466 725 498 Membra
748 470 858 498 tamen
883 466 1022 508 vicitque
1047 463 1189 496 a'nimum
1214 465 1399 496 substantia
1422 464 1549 498 fortem.

579 518 710 550 Interea
734 521 809 550 ante
833 518 942 549 oculos
968 517 1084 549 infelix
1107 517 1224 548 umbra
1247 517 1386 559 legentis

576 570 713 602 Adstitit
737 581 774 601 ac
798 580 862 601 non
886 580 1006 612 magna
1029 569 1159 611 quidem
1183 580 1259 601 mox
1283 572 1357 601 acta
1381 579 1522 610 superne

578 622 737 653 Crescere
762 622 794 653 in
818 622 1009 653 inmensum.
1056 621 1181 653 Premit
1204 621 1308 653 imber
1332 631 1451 652 saxeus
1475 620 1604 652 aedem:

579 674 760 705 Missilibus
785 674 872 705 labat
895 677 969 705 acta
992 673 1118 713 domus,
1141 673 1251 705 tremit
1275 673 1383 704 excita
1405 673 1512 704 tellus.

575 725 725 767 Frigidus
749 725 874 757 invadit
898 725 1019 768 trepidi
1042 725 1234 767 praecordia
1256 727 1372 756 terror:

575 778 686 809 Verba
710 778 847 813 abeunt:
872 788 937 809 vox
961 777 1109 809 obductis
1133 778 1166 808 in
1190 776 1340 808 faucibus
1364 777 1487 809 haeret.

576 830 713 861 Nutanti
737 840 812 871 spes
835 841 901 861 una
924 830 984 861 fuit
1008 828 1189 861 subducere
1214 839 1327 860 somno

577 881 778 912 Pontificem.
823 880 916 912 Vidit
938 881 1114 922 magnique
1138 880 1170 911 in
1194 880 1324 911 nominc
1349 879 1480 912 Christi.

580 932 660 969 Quis
686 933 727 963 sit
751 931 869 974 quidve
893 934 994 974 petat,
1019 942 1127 963 coram
1151 931 1242 963 iubet
1265 931 1319 963 ille
1342 932 1449 964 fateri.

579 984 767 1016 Terris-icam
791 984 914 1026 pressit
937 983 1102 1015 submissa
1126 994 1205 1015 voce
1228 983 1365 1025 figuram

579 1036 622 1067 Sc
647 1037 837 1078 sociumque
861 1035 972 1067 ferens
997 1035 1158 1067 scelerum
1183 1035 1337 1077 contagia
1359 1035 1451 1077 plura

578 1088 761 1120 Admisisse
786 1098 895 1125 suum;
919 1098 1042 1130 poenas
1066 1087 1219 1129 pendisse
1244 1087 1387 1118 feroces:

577 1140 714 1172 Munera
738 1141 910 1172 defunctos
934 1150 998 1171 non
1023 1140 1243 1182 promeruisse
1268 1139 1418 1181 sepulcri,

581 1192 740 1234 Quodque
768 1193 860 1234 quies
883 1192 1013 1223 miseris
1036 1202 1189 1233 umquam
1212 1201 1277 1223 non
1300 1191 1367 1222 ulla
1391 1190 1532 1227 daretur,

579 1244 742 1276 Infestare
767 1244 926 1276 homines.
973 1243 1065 1283 Orat,
1090 1244 1155 1275 sint
1178 1244 1306 1275 viscera
1329 1243 1356 1274 si
1379 1253 1453 1285 qua.

578 1297 612 1328 Si
638 1307 702 1339 qua
725 1297 794 1328 viro
818 1296 935 1339 pietas,
961 1295 1124 1337 efflagitet
1147 1295 1401 1338 omnipotentem

578 1349 641 1380 Pro
666 1359 701 1380 se
725 1359 849 1391 proque
875 1358 933 1380 suo
958 1366 999 1371 —
1022 1350 1115 1379 tanta
1138 1350 1188 1379 est
1214 1357 1253 1379 ea
1276 1357 1353 1378 cura
1377 1365 1415 1369 —
1441 1346 1555 1380 sodali.

578 1400 720 1432 Sedibus
744 1403 900 1443 exceptos
925 1403 999 1442 post
1022 1403 1071 1431 tot
1093 1400 1157 1431 iam
1181 1404 1329 1441 tempora
1352 1399 1450 1430 certis

577 1452 801 1494 Tranquillam
826 1451 955 1483 miseris
980 1451 1065 1482 sinat
1087 1451 1257 1482 inventare
1280 1449 1432 1492 quietem.

577 1504 706 1536 Indolet
731 1514 814 1546 eque
837 1503 901 1535 imo
926 1503 1067 1545 suspiria
1090 1505 1225 1545 pectore
1249 1502 1396 1537 volvens,

579 1556 651 1593 Quo
675 1557 805 1588 iaceant
828 1558 1010 1587 monstrare
1033 1554 1132 1587 iubet.
1179 1554 1257 1586 Dux
1280 1554 1410 1586 luminis
1433 1555 1547 1587 umbra

578 1609 731 1640 Praeviat
754 1612 787 1641 et
810 1611 938 1640 veteres
962 1608 1047 1639 inter
1070 1607 1225 1638 convulsa
1248 1606 1358 1638 ruinas

578 1661 686 1692 Torva
710 1661 811 1692 subit:
836 1661 927 1692 locus
952 1662 1002 1691 est
1026 1659 1186 1691 obnoxius
1210 1658 1265 1690 ille
1289 1658 1426 1690 duobus.

578 1713 687 1755 thue
711 1713 799 1744 color
821 1712 920 1744 rebus
943 1711 1045 1743 nitido
1069 1711 1129 1743 sub
1153 1710 1261 1742 sidere
1284 1710 1384 1747 fulsit,

578 1765 700 1796 Invitat
723 1764 844 1806 rigidos
869 1764 976 1807 operis
1000 1766 1195 1806 praeceptor
1218 1766 1367 1805 agrestes

578 1817 805 1859 IIortaturque
828 1817 912 1848 viros
935 1816 1047 1848 rastris
1072 1815 1147 1847 hinc
1170 1815 1245 1847 inde
1269 1815 1392 1847 coactis

579 1869 773 1911 Expurgare
798 1869 912 1900 locum.
958 1868 1074 1910 Longo
1099 1867 1164 1899 sint
1186 1872 1332 1910 tempore
1357 1877 1540 1909 quanquam

579 1921 764 1962 Oongestae
789 1920 913 1960 sordes,
938 1921 1022 1952 citus
1047 1923 1080 1952 at
1103 1920 1196 1952 labor
1218 1920 1327 1951 omnia
1351 1920 1437 1952 vicit.

578 1972 761 2004 Cernuntur
783 1973 905 2015 passim
929 1972 993 2004 duo
1017 1973 1090 2004 fusa
1114 1972 1275 2004 cadavera
1297 1972 1429 2004 tandem

578 2025 664 2057 Mole
687 2025 742 2057 diu
767 2035 956 2068 compressa
978 2024 1066 2061 rudi;
1090 2024 1146 2055 vix
1169 2023 1274 2056 lurida
1298 2024 1373 2055 sivit

577 2078 730 2120 Agnosci,
756 2077 840 2119 quod
864 2079 956 2109 erant
978 2077 1120 2108 humana
1144 2076 1316 2115 cadavera,
1339 2076 1444 2107 tabes

578 2130 729 2161 Cernitur
752 2139 887 2161 exesum
912 2129 1028 2161 scabra
1051 2129 1200 2170 rubigine
1223 2128 1356 2167 ferrum⁷

576 2182 718 2214 Vincula
741 2182 805 2213 iam
830 2181 925 2213 siccis
948 2181 1120 2213 haerentia
1142 2183 1219 2212 tunc
1243 2190 1371 2222 quoque
1394 2179 1561 2212 membris.

573 2234 718 2276 Ingemit
740 2233 915 2265 humanam
940 2233 1043 2265 sancti
1068 2232 1244 2264 clementia
1268 2235 1398 2267 sortem,

576 2286 747 2328 Quamque
771 2288 881 2328 potest
904 2285 1044 2325 miseris,
1068 2284 1164 2316 affert
1186 2284 1368 2327 compassio
1393 2294 1518 2315 curam:

577 2337 757 2369 Commoda
779 2337 947 2369 funeribus
971 2336 1120 2368 sinuatur
1141 2335 1229 2368 fossa
1252 2335 1398 2367 duobus:

577 2389 690 2421 Mollia
713 2389 867 2421 detractis
891 2387 1070 2420 succedunt
1093 2388 1194 2419 lintea
1217 2387 1348 2422 vinclis:

576 2441 724 2473 Pulveris
748 2444 888 2483 aggestu
911 2439 1014 2472 facies
1037 2439 1180 2471 obducta
1204 2439 1347 2481 sepulcri

577 2494 796 2535 Signaturque
821 2493 911 2525 locus
936 2495 1072 2524 venturo
1096 2491 1202 2523 notior
1226 2501 1316 2523 aevo.

316 2597 364 2623 173
383 2599 505 2631 carpebat
524 2606 591 2623 corr.
612 2598 636 2622 P
732 2597 782 2623 186
800 2597 954 2623 submissum
973 2605 1041 2622 corr.
1060 2596 1084 2621 P
1182 2594 1232 2621 192
1250 2604 1312 2621 uero
1330 2604 1397 2620 corr.
1417 2596 1442 2620 P
1534 2596 1583 2621 1963
1601 2597 1709 2622 volvens
1727 2596 1860 2630 Bacchius]

211 2641 300 2666 nolens
322 2641 344 2666 P
446 2640 498 2666 202
517 2642 607 2666 castris
626 2642 751 2667 Banasam
855 2640 907 2667 213
926 2641 1000 2666 uiolis
1019 2649 1086 2665 corr.
1106 2639 1131 2664 1²

315 2727 363 2753 173
383 2725 439 2758 (Ys‘r.
459 2728 526 2752 Aen.
549 2726 566 2752 Ι
571 2726 593 2751 V
602 2727 660 2753 522.
766 2726 816 2753 180
834 2725 929 2752 tremit
948 2725 1040 2752 excita
1058 2725 1141 2752 tellus
1161 2726 1229 2752 Aen.
1248 2724 1315 2750 XII
1322 2725 1380 2751 445.
1487 2725 1535 2752 191
1556 2725 1671 2759 Philipp.
1691 2725 1715 2757 2,
1731 2726 1742 2751 1
1763 2725 1787 2751 si
1805 2733 1859 2759 qua

210 2778 363 2804 consolatio
383 2778 410 2804 in
425 2778 542 2807 (filu-isto,

210 2832 290 2857 vasta
309 2831 441 2857 convulsa
460 2830 549 2857 ruina.

562 2778 584 2804 xi
598 2779 671 2812 quod
691 2778 823 2804 solacium
837 2778 971 2809 caritatis,
992 2799 998 2805 .
1013 2799 1018 2804 .
1033 2799 1038 2805 .
1057 2778 1079 2804 si
1093 2777 1160 2812 quid
1173 2777 1279 2803 viscera
1292 2778 1320 2803 et
1333 2777 1532 2804 miserationes.

655 2831 707 2857 204
726 2831 804 2857 labor
823 2831 917 2857 omnia
938 2831 1007 2858 vicit
1030 2831 1076 2858 Ge.
1095 2830 1181 2857 1145.

1605 2776 1654 2804 198
1673 2777 1738 2803 Aen.
1753 2776 1863 2802 111414
