2060 3074
728 236 775 262 DE
793 235 1022 262 SOBRIETATE
1042 235 1182 263 LIBERI.
1718 237 1780 267 627

498 322 659 364 Subiuget
680 326 716 354 ut
739 325 867 364 captam
893 322 987 353 solita
1010 323 1139 354 feritate
1163 323 1323 365 puellam;

413 386 451 405 ³⁷⁵
495 374 556 405 Illa
579 377 711 406 econtra
733 373 827 405 ardet
848 374 946 405 nimio
970 374 1096 406 virtutis
1119 385 1240 415 amore,

496 425 636 457 Auferat
658 428 694 457 ut
716 435 874 457 summum
897 425 1006 457 hostili
1029 436 1048 456 a
1071 436 1207 468 corpore
1230 426 1368 458 culmen.

496 477 625 519 Perque
649 476 719 508 dies
742 477 856 519 quinos
879 477 961 508 haec
983 477 1152 509 altercatio
1177 477 1273 509 ducta
1295 480 1358 514 est;

496 528 646 560 Ebrietas
670 522 911 560 tandem'facta
934 531 983 559 est
1006 529 1132 560 occasio
1157 529 1279 561 caedis:

497 579 549 612 Sic
573 583 623 611 est
644 580 700 611 illa
722 580 770 611 8111
793 583 950 611 nocturna
972 580 1005 611 in
1028 583 1176 622 tempora
1199 584 1306 613 eustos

381 644 452 663 seo
494 631 623 674 Aspera
645 631 820 663 sobrietas:
845 634 942 673 caput
961 642 981 662 a
1004 632 1129 663 cervice
1152 633 1277 673 recidit,

494 682 631 714 Abdidit
654 686 687 714 et
710 683 783 714 velo
808 686 953 714 truncum
977 684 1045 715 sine
1069 684 1199 715 nomine
1223 695 1348 726 corpus.

493 734 587 766 Haec
608 735 640 766 in
663 737 758 766 nocte
782 745 900 777 gerens
923 738 993 766 orto
1017 735 1082 766 iam
1105 736 1173 767 sole
1195 736 1322 767 revexit

495 786 628 818 Civibus
651 786 707 818 illa
729 787 796 818 suis
819 789 885 818 tam
909 797 1028 828 magno
1052 797 1094 818 ex
1119 787 1212 818 hoste
1237 790 1414 830 tropaeum,

497 838 759 881 Suspensumque
784 842 882 881 caput
902 849 1065 870 murorum
1088 839 1120 870 in
1144 839 1283 871 turribus
1306 839 1379 871 altis

413 903 451 923 ass
494 890 646 933 Assyrios
669 889 788 930 turbat,
810 889 973 922 Hebraeis
996 889 1115 932 gaudia
1138 893 1292 932 praestat.

497 942 550 974 Sic
573 941 675 982 Iahel,
698 952 782 973 uxor
803 941 904 982 Aber,
928 942 1070 974 Sisaram
1093 945 1167 984 post
1190 942 1278 974 bella
1300 943 1461 984 fugacem,

497 994 588 1030 Quae
611 994 697 1025 male
720 994 892 1035 nongentis
915 994 1040 1025 falcatis
1064 994 1208 1026 curribus
1232 995 1300 1036 egit
1324 1013 1363 1018 —

497 1045 559 1082 Qui
583 1045 658 1077 dum
681 1045 786 1088 poscit
807 1055 919 1086 aquas,
942 1045 994 1076 lac
1017 1045 1134 1087 accipit
1159 1064 1197 1068 —
1223 1045 1352 1088 hospita
1374 1046 1477 1077 amico

497 1096 654 1139 Asperior
676 1096 770 1128 solito
795 1097 886 1128 clavo
909 1096 1087 1128 terebravit
1109 1100 1204 1128 acuto

415 1161 454 1180 ³9⁰
498 1148 705 1180 Pei-tractans
727 1147 888 1193 invfronte
912 1148 1034 1184 locum;
1057 1159 1143 1180 mors
1166 1149 1276 1180 iuncta
1298 1149 1406 1191 sopori
1430 1152 1488 1180 est.

498 1199 666 1231 Sobrietas
689 1199 815 1232 ductrix
838 1199 889 1231 lac
912 1199 1063 1242 praebuit
1085 1203 1183 1242 atque
1207 1203 1333 1232 reatum

499 1251 656 1293 Sacrilegi
678 1261 811 1293 pugnax
834 1250 950 1282 audaci
973 1251 1110 1293 perculit
1131 1251 1208 1282 ulna

497 1302 734 1345 Femineasque
758 1313 871 1334 manus
894 1301 1059 1334 fabrorum
1082 1303 1218 1335 malleus
1241 1303 1340 1335 auxit.

542 1363 652 1395 XVII.
675 1361 798 1395 Hester
820 1363 966 1405 reginam
989 1360 1108 1395 ieiunia
1130 1364 1238 1395 sobria
1259 1364 1328 1405 regi

414 1428 452 1448 :m
496 1415 660 1447 Fecerunt
681 1418 819 1458 gratam,
843 1426 940 1458 quam
962 1426 1027 1448 non
1050 1426 1108 1447 sua
1131 1416 1235 1448 forma
1257 1417 1358 1448 suasit

497 1466 647 1498 Terribili
670 1466 800 1499 feritate
823 1477 881 1499 suo
904 1477 939 1499 se
963 1467 1081 1499 offerre
1105 1467 1234 1499 marito:

496 1519 691 1551 Lamentum
713 1519 854 1562 gemitus
876 1519 980 1551 luctus
1003 1519 1139 1562 suspiria
1161 1529 1272 1551 saccus

496 1570 673 1603 Verterunt
695 1581 808 1603 urnam
831 1574 1027 1614 cunctasque
1051 1581 1094 1603 ex
1117 1571 1229 1603 ordine
1253 1573 1365 1603 sortes.
1406 1586 1409 1588 ·

496 1623 590 1654 Haec
612 1622 741 1654 humilis
764 1622 884 1655 deiecit
905 1622 1012 1655 Aluan
1034 1623 1155 1665 regina'
1171 1623 1355 1666 superbum,

414 1686 453 1706 4⁰⁰
497 1675 564 1706 Sub
587 1685 666 1716 rege
690 1674 818 1706 Asuero
842 1675 980 1718 populus
1003 1685 1100 1717 quem
1124 1678 1256 1707 cunctus
1279 1674 1440 1706 honorans

498 1726 623 1758 Orabat
644 1725 782 1768 genibus
805 1726 929 1763 telluris
950 1727 981 1758 in
1005 1737 1146 1769 aequore
1169 1727 1272 1766 flexis,

497 1777 623 1810 Extulit
646 1780 679 1810 et
701 1778 789 1820 liguo
812 1778 876 1810 iam
899 1789 958 1820 spe
981 1778 1115 1810 meliore
1139 1779 1293 1816 levatum,

498 1829 594 1866 Quod
617 1830 852 1872 quinquagenis
875 1830 990 1862 cubitis
1013 1830 1114 1862 altum
1137 1830 1207 1872 ipse
1231 1832 1363 1872 pararat

498 1881 697 1913 Mardocheo
720 1881 849 1918 humili;
873 1881 944 1913 finis
967 1881 1027 1913 fuit
1049 1881 1111 1913 iste
1134 1881 1285 1924 superbo.

238 2027 292 2053 392
310 2028 415 2062 pertulit
427 2027 451 2053 A
538 2027 590 2054 399
607 2028 686 2054 deicit
698 2028 722 2054 A
811 2027 863 2054 402
880 2029 951 2061 ligna
964 2027 988 2052 A
1007 2036 1076 2053 cerr.
1096 2027 1159 2060 Neff

236 2103 287 2130 ⁸81
307 2103 367 2131 sine
385 2105 496 2132 1101111118
516 2114 615 2139 corpus
633 2104 703 2131 Am.
723 2103 844 2131 111557.
931 2104 983 2131 383
1003 2102 1085 2130 aad.
1104 2102 1148 2129 Pa.
1161 2102 1194 2130 64
1211 2102 1243 2129 de
1261 2101 1369 2128 Iudith:
1387 2102 1522 2130 fumosum
1542 2103 1643 2130 mulier
1665 2102 1786 2129 reserens

137 2161 171 2180 ex
188 2153 270 2182 110818
287 2156 442 2191 tropaeum.
511 2156 564 2183 384
582 2157 611 2183 et
628 2155 753 2183 turribus
770 2155 836 2182 altis
855 2155 923 2182 Aen.
937 2155 985 2181 IX
992 2155 1052 2182 468.
1121 2154 1260 2181 386-393
1278 2153 1366 2180 Iudic-
1379 2154 1404 2186 4,
1418 2155 1450 2181 13
1468 2154 1586 2188 (Sisara)
1604 2154 1787 2188 congregavit

135 2207 294 2241 nongentos
313 2207 430 2235 falcatos
449 2216 544 2234 currus
563 2228 569 2234 .
580 2228 586 2234 .
607 2207 640 2234 15
658 2206 865 2242 pei-terruimue
883 2205 1013 2233 dominus
1031 2205 1165 2237 Sisaram,
1184 2206 1217 2232 ut
1241 2226 1247 2232 .
1258 2224 1265 2232 .
1291 2198 1402 2239 §figeret
1420 2226 1426 2232 .
1437 2226 1443 2232 .
1455 2226 1461 2233 .
1482 2206 1513 2232 17
1532 2205 1642 2240 fugiens
1659 2206 1787 2240 pervenit

135 2257 171 2284 ad
196 2258 348 2285 tentorium
367 2258 443 2286 labe]
469 2258 562 2286 uxoris
586 2258 680 2286 Habet
769 2259 801 2285 19
825 2258 899 2284 dixit
922 2257 958 2284 ad
981 2265 1056 2284 eam:
1080 2256 1125 2283 ‘da
1148 2256 1217 2283 mihi
1242 2257 1388 2291 paululum
1413 2258 1511 2291 aquae'
1537 2277 1559 2284 ..
1583 2265 1654 2291 quae
1676 2257 1787 2291 aperuit

137 2310 227 2336 utrem
247 2309 329 2337 lactis
347 2311 377 2337 et
394 2310 474 2338 dedit
498 2310 524 2337 ei
543 2310 648 2337 bibere.
683 2299 727 2337 20'
741 2309 870 2344 dixitque
889 2309 983 2336 Sisara
1005 2308 1040 2335 ad
1066 2317 1139 2335 eam:
1164 2309 1217 2335 ‘sta
1239 2309 1307 2334 ante
1329 2308 1432 2334 ostium
1459 2308 1634 2335 tabernaculi
1659 2309 1700 2340 et,
1723 2317 1784 2335 cum

139 2360 247 2388 venerit
264 2361 367 2396 aliquis
385 2361 492 2389 dicens:
511 2362 648 2396 numquid
667 2361 713 2388 hic
728 2362 770 2388 est
783 2361 894 2395 aliquis,
913 2359 1106 2395 respondebis:
1125 2359 1219 2386 nullus
1237 2359 1298 2386 est:
1328 2359 1359 2385 21
1380 2359 1448 2386 tulit
1466 2359 1563 2393 itaque
1581 2359 1658 2386 Iahel
1677 2360 1785 2386 clavum

138 2411 325 2445 tabernaculi,
351 2421 494 2440 assumens
518 2413 625 2449 pariter
647 2414 677 2440 et
700 2413 832 2440 malleum
856 2415 886 2439 et
909 2412 1034 2446 ingressa
1057 2411 1220 2438 abscondite
1246 2410 1341 2445 posuit
1364 2419 1448 2445 supra
1471 2412 1583 2446 tenipus
1607 2411 1708 2446 capitis
1727 2411 1787 2438 eius

139 2462 250 2490 clavum
276 2472 492 2499 percussumque
516 2464 617 2492 malleo
639 2465 738 2491 defixit
761 2464 791 2490 in
816 2463 958 2490 cerebrum
981 2471 1070 2497 usque
1092 2462 1128 2490 ad
1152 2464 1268 2489 terram:
1297 2461 1346 2496 qui
1369 2470 1495 2496 soporem
1518 2463 1601 2490 morti
1626 2463 1786 2491 consocians

136 2514 242 2542 defecit
268 2517 298 2542 81
325 2518 452 2543 mortuus
479 2517 529 2544 881.
620 2517 672 2543 389
702 2516 757 2548 C'fr.
784 2516 853 2542 Aen.
882 2515 1002 2542 111635.
1094 2514 1234 2542 394—410
1261 2514 1367 2541 Esther.
1396 2515 1420 2546 2,
1433 2515 1450 2541 9
1476 2515 1600 2549 (Esther)
1626 2515 1735 2550 placuit
1760 2515 1786 2542 ei

137 2566 272 2607 (Aemo)
298 2588 322 2595 ..
347 2569 380 2596 15
404 2569 465 2596 81111
491 2567 565 2596 8111111
591 2568 712 2595 formosa
733 2567 815 2595 valde
904 2568 958 2599 3,2
983 2566 1076 2594 cuncti
1101 2566 1173 2593 servi
1194 2565 1269 2600 regis
1292 2565 1444 2592 flectebant
1465 2574 1559 2600 genua
1584 2567 1613 2593 et
1631 2565 1787 2593 adorabant

142 2617 232 2645 Aluan
324 2620 340 2646 ¹1
368 2619 453 2646 minsa
471 2621 514 2647 881
540 2628 598 2647 sors
625 2620 654 2646 111
681 2627 779 2646 urnam
802 2627 894 2646 coram
918 2618 1021 2650 Aman,
1049 2626 1104 2652 quo
1127 2626 1222 2644 mense
1243 2625 1312 2651 gens
1336 2617 1501 2644 Iudaeorum
1523 2617 1637 2645 deberet
1658 2617 1786 2646 interfici.

138 2689 164 2696 ..
180 2669 235 2702 4‚3
258 2669 388 2705 planctus
410 2670 510 2705 ingens
531 2672 592 2698 erat
616 2670 691 2705 apud
715 2670 844 2702 Iudaeos,
870 2669 1007 2701 ieunium,
1031 2669 1156 2695 ululatus
1180 2670 1208 2695 et
1228 2669 1327 2701 fletus,
1351 2677 1429 2695 sacco
1453 2670 1482 2695 et
1504 2669 1596 2696 8111818
1618 2669 1714 2696 multis
1737 2678 1786 2704 pro

138 2721 226 2748 nimo
244 2721 396 2749 utentibus.
422 2741 448 2749 ..
467 2722 500 2749 15
518 2721 618 2750 Esther
635 2722 704 2749 haec
722 2721 906 2748 Mardochaeo
924 2720 1009 2747 verba
1027 2719 1184 2747 mandavit:
1204 2721 1237 2747 16
1256 2741 1262 2747 .
1274 2740 1280 2747 .
1301 2719 1440 2747 ‘ieiunabo
1459 2721 1488 2747 et
1506 2721 1573 2747 tunc
1590 2720 1733 2755 ingrediar
1750 2721 1786 2748 ad

138 2772 250 2807 rogem'.
269 2793 276 2800 .
287 2793 293 2800 .
312 2773 337 2805 7,
350 2773 367 2800 9
384 2773 515 2808 dixitque
531 2782 602 2800 1111118
621 2773 655 2800 de
673 2772 820 2800 eunuchis:
844 2775 888 2799 ‘en
906 2771 1027 2806 lignum,
1045 2770 1119 2805 quod
1139 2772 1288 2806 paraverat
1307 2770 1504 2803 Mardochaeo.
1523 2791 1529 2799 .
1540 2791 1546 2798 .
1565 2770 1670 2798 habens
1688 2771 1786 2799 altitu-

138 2822 213 2851 dinis
230 2823 253 2851 L
272 2823 398 2852 cubitos.
435 2824 480 2852 cui
503 2824 577 2852 dixit
598 2833 660 2852 rex:
684 2824 846 2860 ‘appendite
868 2832 932 2851 eum
954 2823 983 2850 111
1007 2823 1056 2850 eo'.
1093 2823 1127 2850 10
1148 2831 1296 2857 suspensus
1318 2823 1361 2849 est
1378 2821 1475 2856 itaque
1495 2822 1582 2849 Aman
1601 2822 1631 2849 in
1649 2823 1787 2858 patibulo,

140 2874 215 2912 quod
234 2877 386 2910 paraverat
405 2872 596 2907 mardochaeo.
623 2896 630 2903 .
641 2896 647 2903 .
666 2877 692 2910 9,
703 2877 736 2903 12
754 2875 954 2905 interfecerunt
972 2874 1066 2903 Iudaei
1085 2874 1155 2902 alios
1168 2874 1192 2902 X
1212 2874 1282 2902 filios
1300 2874 1398 2902 Aman.
