2040 2996
389 969 426 987 ⁶55

385 1749 425 1768 670

385 2007 423 2027 67³

623 156 643 181 ⁴.
811 149 920 178 LIBER
938 151 1082 179 PRIMUS.

485 235 618 268 Visibus
640 235 683 268 ad
704 235 869 268 dominum
895 241 962 269 toto
987 248 1060 270 cum
1085 239 1182 272 corde
1207 251 1350 275 reversa.

485 287 621 319 Fribula
642 291 848 330 spernentes,
873 289 1003 331 penitus
1027 291 1165 323 meliora
1188 293 1290 324 secuti

486 338 600 371 Mortis
622 339 686 371 iter
707 340 821 377 vitant,
844 341 1003 373 caelestia
1026 353 1128 384 regna
1151 344 1328 386 requirunt.

488 390 561 423 Hos
583 389 704 423 domini
727 391 868 424 famulus
891 392 1010 433 docuit7
1034 404 1117 436 quae
1143 395 1207 426 sint
1230 396 1284 438 pia
1306 396 1410 429 iussa:

487 441 650 483 ‘Cernitis,
674 454 693 475 ο
717 443 799 475 nati:
823 444 986 476 instabilis
1007 456 1071 488 quo
1095 447 1244 479 maehina
1268 458 1375 480 rerum

483 494 644 527 Versatur
666 495 806 527 volitans
830 496 971 538 liquidas
995 508 1055 529 ceu
1079 498 1187 530 fumus
1210 500 1243 531 in
1268 511 1374 540 auras,

486 546 541 578 Sic
564 556 721 589 pomposa
745 547 809 578 ruit
832 547 979 579 florentis
1003 549 1107 591 gloria
1129 551 1250 583 mundi.

484 598 551 630 Nos
575 601 672 630 vocat
694 598 771 630 aula
793 598 845 631 dei
869 603 1004 631 cunctos
1029 601 1191 644 sedesque
1215 603 1323 644 beata,

484 650 637 693 Angelici
659 651 795 694 cupiunt
817 651 941 684 sinibus
963 654 1162 696 gremiisque
1185 655 1297 688 fovere

441 736 445 737 ⁷
485 702 717 746 Nos‘propriis
741 703 839 738 cives.
863 704 894 736 ni
918 715 1010 736 mens
1034 716 1119 738 nune
1142 707 1235 739 tarda
1257 711 1422 751 tepeseat:

485 753 710 797 Tempnentes
733 754 897 787 dominum
921 757 1031 788 miseri
1057 758 1117 790 sub
1141 758 1278 791 Tartara
1301 760 1459 794 tendunt'.

485 805 577 838 Tunc
599 806 714 838 famuli
737 806 946 850 famulaeque
971 808 1078 849 simul,
1102 810 1281 852 Rotpertus
1305 814 1337 843 et
1359 822 1452 852 uxor,

483 857 568 889 Tota
591 857 706 889 domus
730 860 839 890 vatem
863 862 954 891 casto
980 863 1176 893 venerantur
1199 872 1323 895 amore:

484 908 638 942 Errorem
662 910 770 942 cuncti
793 910 926 953 penitus
949 922 1103 954 sprevere
1127 913 1275 956 priorem,

483 962 623 994 Actibus
645 963 802 995 insistunt
825 964 948 996 sanctis
973 964 1204 1009 Christumque
1228 967 1446 1010 frequentant.

553 1014 647 1047 Haec
671 1015 794 1051 faciens
815 1020 949 1058 martyr,
974 1018 1131 1060 posthaec
1155 1029 1218 1051 non
1240 1022 1388 1062 tempore
1412 1021 1509 1062 longo

482 1066 528 1098 At
550 1070 686 1099 mortem
711 1067 824 1100 sitiens
849 1068 924 1100 iusti
948 1079 1039 1100 mens
1063 1070 1164 1102 effera
1188 1081 1318 1113 semper

483 1118 553 1151 Nec
577 1119 667 1151 furor
689 1119 824 1152 insanus
848 1119 956 1152 cordis
980 1131 1039 1153 nec
1064 1122 1112 1153 ira
1135 1122 1269 1164 quievit,

483 1170 598 1203 Donec
621 1171 770 1204 membra
792 1171 838 1215 pii
862 1172 947 1204 vatis
971 1183 1126 1206 mucrone
1149 1174 1272 1211 feriret,

482 1221 584 1255 Artus
608 1226 706 1266 atque
730 1224 803 1256 neci
826 1223 934 1256 tradat
957 1225 1137 1268 fundatque
1162 1237 1320 1259 cruorem.

482 1273 582 1306 Venit
605 1275 691 1307 enim
716 1282 871 1319 suprema
893 1275 964 1308 dies
989 1280 1022 1309 et
1045 1278 1155 1320 passio
1180 1288 1274 1310 sacra

482 1325 591 1366 Venit,
615 1337 680 1369 quo
704 1326 861 1359 famulum
885 1327 1034 1360 dominus
1059 1328 1192 1362 ditaricr
1214 1330 1309 1362 almis

483 1377 654 1421 Disposuit
676 1378 795 1421 regnis,
819 1383 968 1411 sanctum
992 1390 1122 1423 quoque
1146 1381 1246 1414 ferret
1269 1381 1310 1414 ad
1334 1385 1421 1414 astra

483 1429 623 1471 Plutum,
646 1430 833 1474 perciperet
854 1431 978 1464 meritis
1002 1432 1059 1464 ubi
1082 1434 1229 1476 praemia
1251 1427 1360 1466 sacra:>

482 1481 570 1515 Ecce
594 1482 722 1525 equites
745 1483 879 1516 mittens
903 1483 1069 1516 Ebroinus
1094 1489 1230 1528 prepete
1255 1496 1360 1525 cursu,

482 1533 548 1566 Pos
571 1537 699 1577 tergum
724 1535 840 1578 clipeis
865 1536 968 1568 sancti
993 1537 1144 1579 ferroque
1166 1537 1321 1570 minaces.

481 1585 549 1618 Dat
571 1586 711 1618 sonitum
733 1586 843 1627 tellus,
869 1588 987 1620 saltum
1012 1589 1116 1631 quatit
1139 1589 1262 1632 ungula
1284 1592 1427 1632 putrem;

481 1636 618 1670 Frendit
641 1648 744 1680 equus
768 1638 870 1671 frenis
894 1642 928 1672 et
951 1641 1094 1672 concutit
1117 1651 1174 1673 ora
1197 1645 1347 1678 cruentm

482 1689 562 1722 Exit
584 1699 726 1732 aquosus
749 1689 876 1729 humor,
898 1691 1053 1724 fervescit
1077 1695 1110 1724 et
1133 1693 1261 1729 ossibus
1284 1693 1379 1736 ignis.
1400 1701 1402 1703 ’

483 1741 596 1785 Usque
611 1741 750 1775 ’domum
773 1746 952 1786 properant
973 1743 1122 1776 Rotberti
1143 1736 1298 1787 'quattuor
1320 1745 1398 1788 apti,

482 1793 528 1827 Ut
549 1797 706 1838 caperent
728 1797 837 1828 vatem
861 1799 1025 1833 sanctum:
1049 1807 1145 1839 quem
1169 1796 1308 1840 denique
1332 1801 1461 1840 captum

479 1846 546 1879 Per
567 1857 703 1879 nemora
724 1847 792 1880 alta
815 1847 938 1880 vehunt
962 1848 1088 1880 furtivis
1113 1848 1265 1891 passibus
1289 1852 1385 1891 atque

481 1897 629 1931 callibus
651 1898 772 1942 ignotis
795 1899 955 1943 repedant
978 1899 1164 1942 ducuntque
1187 1900 1329 1933 beatum.

481 1949 567 1982 Dum
591 1949 674 1983 haec
696 1954 843 1994 agerent,
867 1954 990 1994 martyr
1013 1951 1121 1984 subito
1145 1952 1336 1995 conpescuit
1359 1953 1447 1990 illos;

481 2000 575 2033 Haec
599 2001 660 2033 sit:
684 2001 725 2034 ‘O
747 2002 815 2034 nati
839 2002 953 2046 spatiis
976 2013 1017 2036 ne
1042 2003 1157 2036 erretis
1181 2003 1213 2035 in
1236 2003 1325 2040 istis;

481 2052 569 2085 Ecce
593 2053 720 2096 fatigati
743 2054 842 2086 toties
866 2054 1016 2087 desistite
1040 2054 1185 2088 tandem:

480 2104 606 2138 Adsum
630 2105 717 2138 haud
741 2105 874 2148 ignarus
897 2107 998 2142 enim;
1022 2107 1203 2139 consumite
1226 2107 1361 2139 iussum:

481 2156 620 2189 Cursum
643 2157 696 2190 hic
719 2168 839 2202 ponam
863 2159 949 2191 vitae
972 2158 1135 2201 finemque
1158 2158 1317 2191 laborum.

478 2208 622 2252 Tempus
645 2208 754 2247 adest;
778 2209 884 2249 citius,
908 2210 987 2249 nati,
1011 2210 1056 2241 nil
1080 2210 1168 2241 iussa
1190 2209 1335 2243 morate'.

481 2260 570 2293 Ecce
592 2264 728 2304 repente
753 2265 851 2294 ruunt
873 2262 969 2301 terni,
993 2265 1169 2305 superante
1194 2262 1334 2305 superbo

480 2312 533 2345 Ad
556 2313 685 2356 plantas
709 2313 850 2346 humiles
874 2318 989 2356 quarto
1014 2314 1207 2356 veniamque
1231 2319 1419 2357 precantur:

217 2424 269 2450 655
285 2417 347 2459 x—pm
365 2433 431 2459 quae
451 2426 474 2451 G
497 2424 500 2427 ’
560 2424 611 2451 667
628 2425 725 2453 *ntum
747 2427 769 2452 o
785 2435 878 2460 agrum
897 2427 922 2452 P
1002 2420 1057 2452 '673
1075 2425 1200 2452 *collibus
1221 2427 1243 2451 G

217 2491 269 2519 642
291 2492 343 2526 cfr.
364 2493 407 2520 23.

114 2542 253 2571 machina.
340 2545 392 2572 646
411 2546 478 2572 Aen.
498 2544 527 2578 V,
550 2545 602 2572 '140
620 2545 712 2572 tenuis
730 2546 804 2581 fugit
822 2555 871 2573 ccu
891 2548 982 2573 fumus
1001 2546 1029 2573 in
1048 2555 1140 2574 auram.
1164 2546 1213 2578 cfr.
1234 2545 1297 2572 Met.
1312 2545 1382 2579 XII,
1401 2546 1453 2573 525
1471 2545 1592 2580 liquidas
1611 2565 1633 2573 ..
1645 2565 1651 2572 .

114 2594 167 2622 ⁸18
179 2595 245 2623 Aen.
258 2595 304 2630 VI,
313 2597 365 2624 639
377 2596 510 2631 sedesque
519 2596 624 2623 beatas.
695 2598 747 2624 653
761 2596 836 2624 ΓΜ.
847 2597 897 2630 IV,
911 2597 962 2624 :313
974 2597 1046 2624 'I'ota
1055 2597 1153 2624 domus
1163 2597 1272 2623 laeum.
1343 2597 1394 2623 660
1405 2597 1452 2629 cfr.
1463 2598 1521 2623 256.

685 2649 736 2675 667
750 2650 814 2675 Aen.
831 2649 894 2680 VII,
914 2650 964 2676 567
983 2649 1038 2675 Dat
1055 2648 1189 2679 sonituum
1218 2647 1304 2681 VIII,
1327 2647 1378 2675 596
1397 2647 1631 2682 Quadrupedante
1649 2648 1757 2681 putrem

673 2701 724 2727 668
745 2701 809 2727 Aen.
828 2700 873 2733 VI,
894 2701 944 2727 100
961 2709 994 2726 ea
1012 2701 1090 2726 frena
1108 2699 1211 2726 furenti
1227 2701 1231 2733 Ι
1248 2699 1374 2726 concutit
1380 2709 1387 2731 ;
1407 2699 1429 2732 I,
1448 2699 1500 2725 296
1517 2699 1616 2725 fremet
1633 2698 1758 2725 horridus

1088 2751 1139 2778 672
1162 2750 1207 2778 Ge.
1222 2750 1282 2784 III,
1303 2751 1354 2778 393
1376 2750 1409 2778 In
1432 2758 1545 2778 nemora
1566 2749 1626 2778 alta
1650 2757 1759 2778 vocans.

115 2644 141 2680 1,
158 2647 223 2678 2503
237 2647 276 2681 Π,
294 2647 347 2675 712
363 2649 497 2683 praepete
509 2657 596 2676 cursu.

114 2697 208 2726 sonitu
225 2698 321 2733 quatit
338 2699 446 2734 unguis
462 2708 599 2734 campum.

114 2756 162 2777 οη
182 2751 306 2778 cruento.
401 2752 453 2779 ΜΒ
478 2751 601 2785 Mean,
624 2751 677 2778 410
698 2751 749 2778 sub
773 2751 880 2779 ossibus
905 2751 992 2786 ignes.

1725 159 1765 190 23

511 2493 562 2520 643
584 2493 689 2520 Iuram.
711 2494 737 2527 I,
765 2496 816 2521 688
846 2495 978 2522 caeiestiu
1005 2494 1131 2528 quaerite
1156 2502 1250 2528 regnu..
1355 2494 1405 2521 645
1433 2494 1520 2521 Salat.
1535 2495 1561 2527 I,
1589 2495 1639 2521 ⁶239
1664 2503 1758 2522 rerum

114 2800 167 2829 6⁷8
184 2802 249 2829 Δοκ.
263 2801 302 2837 a
321 2803 372 2830 619
390 2803 528 2839 finemque
546 2802 658 2840 impone
677 2803 775 2832 labori.
861 2803 913 2831 679
929 2802 976 2835 cfr.
998 2803 1053 2829 131.

1670 2555 1686 2572 Β.
1689 2555 1750 2572 Ul'as
1753 2566 1759 2572 .

1591 2597 1643 2623 665
1653 2598 1759 2622 Arator.
