2060 3074
759 162 870 190 VITAE
889 163 915 190 S.
934 163 1101 191 GERMANI
1120 165 1228 192 LIBER
1241 165 1274 192 V.
1773 170 1835 200 499

557 248 723 281 Christum
747 253 864 282 cuncta
887 251 996 291 boant,
1020 250 1220 284 Germanum
1244 255 1360 284 cuncta
1383 253 1553 285 resultant.

557 299 670 332 Gloria
694 303 741 332 sic
765 302 906 342 domino,
929 303 976 334 sic
1000 303 1117 335 crescit
1139 304 1248 346 opinio
1272 315 1367 336 servo

558 351 760 394 Dispergens
785 353 938 395 lepidum,
963 365 1091 396 quaqua
1114 356 1284 398 pergebat,
1309 356 1451 388 odorem.

557 403 694 434 Innatus
718 404 840 446 subigit
863 409 1050 437 cunctorum
1074 410 1208 448 pectora
1230 408 1335 439 fervor

480 467 518 487 415
554 454 660 487 Nosse
683 456 787 487 virum
811 457 892 488 mira
915 458 1103 489 meritorum
1127 459 1198 490 luce
1223 470 1402 492 coruscum.

556 506 661 539 Multa
683 507 814 550 quidem
839 508 996 540 suberant
1020 510 1143 541 clarum
1167 511 1334 552 gignentia
1357 523 1492 544 nomen:

557 558 686 601 Dogma
709 559 803 591 labor
826 560 960 592 comitas
985 572 1093 593 mores
1118 563 1302 595 constantia
1326 563 1444 603 fervor,

556 609 714 653 Quodque
737 614 788 643 est
810 612 1033 654 praecipuum:
1058 613 1191 645 dilectio
1215 614 1353 656 plurima
1376 615 1522 650 fratrum,

556 662 639 701 Qua,
661 673 761 704 grave
785 663 938 706 quicquid
961 668 1032 696 erat
1054 667 1206 707 terraque
1230 666 1386 708 marique,
1410 667 1545 698 ferebat.

480 726 520 746 420
599 713 684 750 Quid
708 717 753 753 tu,
777 714 853 756 quid
876 726 1024 757 gressum
1049 720 1156 759 raptas
1179 728 1236 759 per
1258 717 1362 757 devia,
1393 718 1510 749 sodes?
1642 725 1771 757 Epilogus.

557 764 643 801 Quid
665 765 846 797 cancellato
869 767 974 799 flectis
999 768 1192 811 compendia
1215 769 1340 801 ductu?

556 817 608 848 Ire
632 817 723 850 brevi
747 821 890 860 poteras,
915 829 979 860 qua
1001 822 1034 851 te
1057 830 1115 862 per
1139 821 1236 862 longa
1258 821 1391 863 fatigas:

556 868 746 900 Ravennam
770 873 859 901 certe
882 870 999 902 melius
1022 870 1086 902 Via
1108 871 1212 914 Regia
1234 872 1332 904 ducit.

555 920 629 952 Non
653 921 693 952 ab
709 931 752 953 re
776 921 915 959 tulerim,
939 922 1025 964 quod
1048 922 1241 956 diverticula
1265 925 1409 967 quaeris:

480 983 518 1003 42⁵
555 971 660 1003 Immo
683 982 745 1014 ego
769 991 811 996 —
835 973 882 1004 sic
906 973 1042 1013 animus,
1066 974 1111 1006 sic
1135 975 1276 1017 denique
1299 976 1384 1007 ferre
1410 975 1536 1008 videtur
1560 995 1599 999 ——

555 1023 745 1055 Ravennam
771 1024 927 1056 subtriste
950 1025 1071 1067 aliquid
1094 1027 1291 1068 portendere
1315 1027 1423 1065 eredo,

556 1074 651 1111 Quod
673 1075 726 1107 vel
749 1076 850 1107 exitio
874 1077 925 1108 vel
947 1078 1051 1119 possit
1073 1078 1191 1110 cedere
1215 1079 1366 1122 dampno,

556 1126 726 1170 Oontiguis
750 1128 836 1170 quod
859 1131 925 1160 tam
950 1129 1126 1162 succedere
1149 1131 1317 1163 moenibus
1342 1132 1465 1165 horres.

556 1178 718 1221 Quicquid
741 1178 773 1211 id
798 1183 857 1218 est,
882 1180 1026 1213 subsiste
1050 1191 1164 1224 parum
1188 1182 1333 1225 flatuque
1357 1186 1488 1226 recepto

481 1242 522 1261 ιω
558 1230 696 1262 Obnixis
720 1231 849 1271 animis,
874 1236 1024 1275 superest
1047 1233 1283 1276 quodcumque,
1309 1235 1443 1267 subibis.

846 1293 1016 1320 EXPLICIT
1036 1294 1143 1322 LIBER
1158 1294 1189 1322 V.

716 1511 994 1549 PRAEFATIO
1022 1513 1152 1549 LIBRI
1180 1514 1318 1550 SEXTI

677 1570 855 1602 ΔΙΚΟΛΩ
879 1571 1113 1603 ΔΙΣΤΡΟΦΩ
1135 1570 1350 1603 VARIATA.

557 1637 732 1681 Expensas
756 1639 864 1682 operis
887 1639 1009 1672 claudit
1033 1640 1269 1683 pulcherrimus
1294 1640 1422 1679 ΕΞΛΣ,

600 1689 719 1722 Lector
742 1691 858 1730 amice,
883 1691 984 1724 vides.

559 1740 661 1773 Cuius
685 1742 712 1774 si
736 1752 852 1774 causas
876 1746 909 1774 et
931 1743 1068 1785 mystica
1092 1743 1240 1785 symbola
1264 1754 1413 1786 quaeras,

506 1806 518 1824 4
599 1793 743 1836 Impiger
766 1794 936 1827 ediderim.

558 1844 735 1888 Exemplar
758 1846 898 1878 solidum
922 1847 1068 1878 facturus
1093 1846 1240 1878 conditor
1263 1847 1373 1879 orbem

601 1897 674 1929 Hoc
697 1898 759 1930 sibi
784 1899 964 1941 proposuit.

557 1948 705 1991 Namque
729 1959 811 1992 opus
832 1961 926 1982 omne
948 1960 1041 1982 suum
1062 1960 1196 1982 numero
1218 1949 1372 1982 discrevit
1393 1949 1520 1985 eodem,
1544 1954 1580 1981 ut

508 2012 520 2030 s
600 2000 725 2043 Pagina
748 2012 840 2034 sacra
862 2002 973 2041 refert,

559 2050 717 2088 Quamvis
741 2056 775 2084 et
797 2053 894 2085 simul
918 2056 952 2085 et
974 2053 1075 2085 semel
1099 2053 1208 2085 omnia
1231 2051 1361 2084 condita
1383 2063 1485 2084 verax

601 2103 783 2146 Theologis
806 2108 911 2138 canat.

297 2199 403 2225 Scholia
426 2214 461 2219 —
484 2199 532 2226 411
558 2199 646 2232 boant}
666 2201 682 2225 i.
701 2208 723 2225 e.
742 2200 874 2232 predicant
926 2198 1058 2232 resultant]
1078 2199 1184 2225 laudant
1287 2199 1338 2224 412
1356 2199 1451 2232 opinio]
1473 2201 1540 2225 fama
1643 2199 1696 2225 413
1714 2198 1836 2233 lepidum]

194 2242 370 2268 delectabilem
467 2242 519 2269 414
538 2241 654 2276 Innatus]
675 2244 789 2268 [neretus
842 2241 938 2275 fervor]
959 2251 1030 2268 amor
1127 2241 1178 2268 415
1196 2241 1340 2274 coruscum]
1359 2242 1533 2275 splendentem
1631 2242 1682 2268 416
1700 2242 1835 2276 suberant]

194 2285 295 2311 insunt
345 2284 486 2319 gignentis]
505 2287 619 2312 creantis
722 2285 772 2311 417
792 2284 901 2319 Dogms]
920 2286 1035 2312 doctrina
1088 2284 1169 2318 labor]
1188 2286 1323 2311 tolerantia
1375 2285 1488 2318 comitas]
1508 2287 1623 2311 suavitas
1676 2285 1832 2319 constantia]

194 2336 229 2354 sc.
247 2329 347 2354 honesti
369 2330 490 2355 fortitudo
543 2328 636 2362 servor]
654 2330 729 2355 ardor
746 2330 828 2354 divini
845 2330 939 2355 amoris
1035 2327 1086 2354 418
1105 2328 1281 2362 praecipuum]
1300 2330 1315 2354 i.
1335 2337 1355 2354 e¹
1376 2337 1452 2362 super
1471 2329 1556 2354 omnia
1608 2327 1722 2362 dilectio]
1741 2330 1837 2354 caritas

193 2370 204 2404 ΙΙ
226 2372 298 2397 Prior
320 2372 388 2397 enim
406 2380 496 2398 versus
517 2373 629 2404 eroicus‚
654 2381 764 2406 sequens
790 2373 845 2398 eius
869 2373 1055 2406 pentimimeres
1078 2374 1100 2400 (e
1120 2372 1208 2398 Servio
1230 2372 1261 2397 de
1282 2372 1368 2397 metris
1387 2371 1492 2396 Horatii
1514 2372 1552 2397 ed.
1572 2372 1632 2397 Keil
1651 2373 1766 2397 Gramm.
1793 2373 1836 2397 lar.

196 2413 305 2446 117471,
317 2417 346 2440 15
363 2415 485 2448 supplevi,
502 2417 553 2448 que
570 2416 686 2441 timemin
699 2415 739 2445 P).
762 2429 793 2434 —
813 2415 824 2441 1
846 2413 989 2449 Expensas]
1009 2416 1025 2441 i.
1039 2423 1060 2441 e.
1074 2416 1166 2441 studia.
1184 2429 1217 2432 —
1235 2415 1389 2447 Plerumque
1407 2415 1496 2440 relicta
1515 2415 1672 2447 specialitate
1690 2423 1706 2440 a
1723 2415 1838 2448 generali

194 2457 331 2489 sumimus,
354 2461 384 2483 ut
400 2458 422 2483 si
440 2457 509 2483 dicas
527 2458 604 2484 ‘bona
622 2459 721 2484 turdus'
740 2459 871 2484 referendo
888 2459 920 2484 ad
937 2467 1024 2490 nvem,
1047 2463 1076 2484 ut
1094 2458 1219 2491 Virgilius
1237 2456 1313 2490 (Aen.
1334 2458 1353 2482 I
1358 2458 1380 2482 V
1388 2458 1463 2489 462):
1487 2457 1554 2483 ‘Sola
1572 2459 1598 2483 in
1616 2457 1736 2490 (Solaque
1755 2457 1837 2490 Vir-9.)

194 2500 350 2527 milminibtu
366 2501 440 2526 ferali
462 2502 575 2527 carmine
593 2502 671 2527 bubo'
690 2501 750 2535 (cfr.
763 2502 834 2528 Serv.
847 2502 884 2527 ad
897 2502 961 2527 Aen.
975 2502 991 2527 l.
1005 2501 1037 2533 c.)
1086 2499 1178 2534 operis]
1198 2501 1275 2526 huius
1286 2501 1344 2526 libri
1392 2499 1429 2533 E.]
1448 2501 1571 2526 senarius.
1591 2515 1627 2520 ——
1645 2501 1836 2526 Pulcherrimus

195 2543 259 2575 ideo,
277 2543 340 2576 quis.
357 2543 384 2568 in
402 2544 442 2569 sui
455 2545 604 2576 quantit-te,
622 2545 683 2570 dum
699 2545 815 2578 partibus
827 2545 969 2577 explicitur,
988 2552 1035 2570 nec
1047 2548 1170 2577 exuperat
1183 2552 1230 2569 nec
1242 2544 1367 2568 minuitur
1379 2543 1448 2575 (cum
1465 2543 1512 2568 Iwc
1529 2543 1624 2568 scholio
1642 2548 1665 2569 et
1682 2544 1838 2576 sequentibus

193 2586 243 2619 «ξίν.
254 2585 396 2612 Iohannem
411 2586 524 2612 Scooeum
538 2587 577 2613 De
592 2587 641 2613 div.
655 2592 708 2613 παι.
724 2587 809 2612 III11
821 2587 860 2613 ed.
870 2587 946 2613 Floos
957 2589 1006 2612 651
1015 2587 1062 2619 eq.)
1133 2586 1149 2612 3
1161 2585 1262 2619 causas]
1276 2587 1386 2612 rationes
1434 2585 1550 2619 mystica]
1565 2590 1661 2612 secreta
1708 2585 1834 2620 symbols]

195 2633 354 2655 sacramenta
389 2629 508 2663 quaem]
526 2631 664 2664 investiges
733 2630 750 2656 6
768 2629 910 2664 proposuit]
927 2631 988 2663 quia
1000 2631 1026 2655 in
1038 2638 1083 2656 sex
1096 2630 1186 2655 diebus
1198 2630 1319 2655 universa
1330 2629 1443 2654 condidit
1513 2628 1527 2654 7
1547 2629 1646 2663 eodem]
1666 2630 1683 2655 i.
1696 2638 1718 2655 e.
1737 2630 1838 2655 senario

194 2670 212 2696 8
230 2673 258 2697 Ρ.
271 2681 290 2697 s.
310 2671 395 2706 refu-t]
414 2674 431 2699 i.
443 2681 464 2699 e.
484 2677 513 2699 ut
530 2674 592 2699 dicit
608 2674 696 2699 divina
708 2674 842 2707 scriptura.
861 2687 894 2692 —
912 2673 1082 2699 Sinecdoche:
1100 2673 1192 2706 figura,
1211 2681 1262 2706 qun.
1279 2673 1440 2705 significatur
1452 2681 1468 2697 u
1479 2676 1552 2705 parte
1566 2676 1647 2698 totum
1717 2671 1733 2697 9
1753 2672 1835 2698 Simul

195 2718 221 2739 et
238 2715 315 2740 semel
333 2715 402 2747 dicit,
420 2716 489 2748 quis,
507 2720 644 2748 antequnm
662 2721 815 2750 apparerent
832 2721 962 2742 creaturae
974 2717 1001 2741 in
1013 2717 1120 2742 diversis
1132 2716 1269 2749 spetiebus,
1288 2719 1360 2741 erant
1372 2718 1466 2741 cuncta
1477 2715 1553 2740 simul
1571 2716 1685 2741 viventia
1703 2716 1728 2741 ln
1749 2719 1832 2740 mente

195 2757 242 2782 dei.
275 2758 367 2783 Postea
383 2763 523 2792 coeperunt
545 2759 570 2784 in
589 2760 643 2784 suis
659 2760 789 2793 spetiebus
807 2760 887 2786 videri
905 2763 992 2786 creata
1011 2768 1027 2785 a
1045 2760 1091 2785 deo
1109 2760 1215 2785 diversis
1233 2759 1324 2784 diebus
1413 2758 1446 2784 10
1462 2757 1612 2792 Theologis]
1631 2759 1734 2784 divinus
1752 2767 1834 2784 sermo

297 2825 347 2852 424
366 2827 468 2853 tulerim
486 2827 563 2860 quod]
582 2828 669 2854 tulerit
688 2838 755 2854 corr.
775 2829 799 2854 Ρ
1580 2861 1633 2887 63*
