2060 3074
737 188 887 215 CARMEN
907 189 953 215 DE
972 189 1090 216 BEATA
1110 190 1236 217 MARIA.
1748 194 1807 224 411

530 275 677 307 Antistes
702 286 856 315 summus,
880 286 950 313 rex,
976 276 1084 308 hostia
1106 276 1210 308 factus
1234 280 1267 309 et
1289 287 1346 309 ara

574 326 761 359 Ostendens
785 327 871 370 patri
894 330 1005 359 nostra
1029 328 1137 370 piacla
1159 329 1252 371 tegit.

529 378 656 422 Nempe
679 378 856 411 sacerdotis
879 390 1008 418 munus,
1032 390 1095 422 quo
1119 381 1265 422 fungitur
1288 381 1357 424 ipse

465 443 491 462 ω
573 431 611 462 In
636 431 738 469 caelo,
763 431 865 462 servis
890 441 987 473 posse
1010 434 1141 473 patrare
1166 432 1264 465 dedit.

531 481 612 514 Cum
635 482 752 524 quibus
777 485 810 513 et
833 492 892 524 per
915 492 995 524 quos
1019 482 1107 515 idem
1131 494 1190 515 sua
1213 494 1349 516 munera
1373 488 1482 516 sacrat

570 533 636 566 Per
658 544 717 565 sua
739 533 850 571 verba,
875 544 933 565 suo
957 534 1088 566 flamine
1113 545 1252 577 eumque
1277 546 1383 568 cruce.

529 586 669 630 Spiritus
693 590 725 618 et
749 589 888 625 sanctus,
913 597 976 628 quo
999 590 1095 618 natus
1120 597 1217 619 carne
1239 589 1385 631 parentis

571 639 700 678 Extitit,
723 639 751 670 is
775 638 884 670 Iesum
906 649 1043 670 munera
1066 642 1177 670 nostra
1199 640 1287 672 facit.

463 703 488 723 ³⁵
526 690 591 723 Sed
613 690 674 723 hoe
696 700 774 722 vera
795 690 878 722 fides
902 691 1014 730 cernit,
1038 701 1103 722 non
1126 691 1231 723 carnis
1255 692 1391 730 ocellus,

571 741 617 773 Ut
639 742 755 774 Petrus
778 741 942 774 hominem
967 742 1093 774 viderat
1117 753 1190 775 esse
1213 743 1319 775 deum.

529 794 591 831 Qui
614 795 678 826 iam
700 805 766 826 non
789 795 926 826 moritur
950 794 1080 826 devicta
1103 799 1208 827 morte
1232 806 1418 838 resurgens,

571 846 635 879 Pro
657 847 752 878 nobis
775 847 891 878 iterum
915 847 991 886 vita,
1017 848 1106 879 salus
1128 848 1260 890 patitur.

529 899 643 931 Passio
666 909 806 941 namque
829 899 900 931 eius
924 899 1072 941 quotiens
1096 900 1273 942 replicatur
1294 900 1335 932 ad
1359 912 1446 932 aram

463 964 489 983 ιο
569 951 717 994 Hystica,
740 961 800 982 nos
823 950 944 982 totiens
969 950 1062 983 sorde
1087 951 1200 983 lavans
1225 956 1363 994 reparat,

529 1003 671 1035 Suscitat
694 1006 728 1035 et
751 1003 816 1034 leto
838 1002 966 1044 peccati
989 1005 1091 1034 morte
1116 1004 1274 1046 sepultos,

570 1054 611 1086 Ni
635 1055 722 1087 mala
744 1057 818 1086 vota
842 1057 999 1096 premant,
1024 1064 1104 1096 quos
1127 1054 1213 1086 bona
1236 1065 1314 1087 vera
1337 1060 1486 1097 gravant.

527 1106 571 1138 Et
593 1106 647 1149 qui
671 1105 767 1138 corde
791 1107 845 1149 pio
872 1110 1002 1138 sumunt
1026 1109 1180 1150 mysteria
1204 1108 1336 1145 Christi,

571 1158 621 1190 Ex
646 1162 677 1190 te
701 1159 916 1201 progenitum,
940 1159 1031 1201 virgo
1055 1159 1168 1198 Maria,
1192 1165 1317 1202 gerunt.

463 1223 488 1242 ⁴5
526 1210 634 1253 Ipsius
658 1209 817 1242 efficimur
840 1220 954 1253 corpus
978 1211 1134 1243 libamine
1158 1222 1249 1244 sacro

571 1261 728 1304 Idemque
751 1261 783 1293 in
808 1262 901 1294 nobis
925 1266 960 1294 ut
985 1273 1059 1294 caro
1083 1266 1195 1295 nostra
1219 1267 1337 1296 manet.

528 1314 593 1346 Hic
617 1324 721 1356 agnus
745 1323 852 1351 verus,
877 1314 963 1346 tollit
989 1315 1042 1357 qui
1067 1315 1204 1347 crimina
1227 1315 1348 1354 mundi,

571 1365 694 1398 Passus
717 1366 771 1408 qui
794 1376 926 1398 mansus
951 1367 1030 1398 vivit
1053 1366 1085 1398 in
1110 1377 1185 1398 aree
1208 1367 1286 1410 poli.

530 1417 663 1460 Integer
684 1417 754 1460 ipse
778 1427 914 1449 manens
939 1418 1036 1449 satiat
1059 1429 1128 1454 nos,
1153 1418 1238 1450 unde
1263 1418 1411 1455 redemit,

464 1483 489 1501 .-,ο
568 1469 619 1501 De
643 1479 738 1501 cruce
761 1468 802 1500 de
826 1473 919 1511 petra
943 1479 1040 1501 carne
1065 1479 1177 1502 cruore
1202 1480 1272 1502 suo,

530 1521 626 1552 Petra
649 1520 768 1553 etenim
793 1520 943 1553 Christus
968 1531 1143 1564 percussus
1168 1521 1302 1553 verbere
1327 1521 1384 1553 teli

571 1572 614 1604 Et
636 1573 713 1605 bino
737 1576 796 1612 est,
820 1573 971 1615 quoniam
996 1576 1072 1605 sunt
1093 1573 1157 1605 duo
1180 1573 1268 1615 ligna
1291 1573 1406 1606 crucis.

528 1624 591 1661 Qui
616 1625 709 1666 panis
733 1625 826 1656 vivus
849 1624 939 1656 limfa
962 1635 1035 1656 cum
1059 1625 1224 1667 sanguinis
1248 1624 1345 1664 unda,

571 1676 675 1709 Fonte
699 1677 749 1708 sui
772 1676 882 1709 lateris
906 1677 951 1708 sic
974 1677 1061 1719 rigat
1084 1677 1290 1715 aecclesiam,

464 1741 488 1759 ω.
525 1727 629 1764 Quam
653 1728 795 1760 moriens
818 1727 978 1766 formavit,
1003 1727 1105 1759 Evam
1130 1728 1307 1760 recubante
1333 1738 1451 1770 sopore

571 1779 679 1812 Adam
702 1790 763 1812 ceu
785 1779 893 1812 dextri
917 1783 1010 1823 parte
1032 1780 1081 1811 sui
1107 1780 1230 1812 lateris.

530 1831 590 1864 Est
613 1842 740 1874 quoque
763 1831 982 1874 praeclarum:
1007 1831 1159 1873 quoniam
1183 1831 1264 1863 haec
1288 1831 1395 1862 hostia
1419 1833 1548 1861 constat.

571 1883 624 1916 Ex
646 1883 756 1915 multis
779 1884 899 1926 granis,
923 1883 1072 1926 pluribus
1096 1886 1194 1926 atque
1218 1883 1330 1917 acinis,

528 1935 648 1967 Oblata
671 1945 690 1966 a
712 1934 823 1966 multis
847 1945 911 1966 una
935 1938 986 1966 est
1010 1934 1132 1966 oblatio
1156 1934 1251 1973 sicut,

464 2001 490 2019 ao
569 1986 730 2018 Redditur
752 1990 786 2018 et
809 1986 934 2018 cunctis
961 1996 1025 2017 una
1047 1986 1142 2017 simul
1166 1985 1308 2028 populis,

530 2038 694 2082 Oorporea
715 2048 779 2070 non
804 2042 907 2082 parte,
931 2037 1035 2079 magis
1059 2037 1178 2069 virtute
1202 2046 1353 2080 superna,

572 2089 693 2122 Manna
715 2089 768 2122 dei
792 2090 901 2131 signat
923 2088 1009 2131 quod
1032 2089 1134 2120 veteri
1158 2089 1191 2120 in
1214 2088 1345 2131 populo.

530 2142 566 2174 In
589 2142 680 2174 caelo
705 2145 774 2174 tota
797 2145 848 2173 est
871 2151 931 2173 nec
955 2151 1018 2172 non
1042 2141 1074 2172 in
1099 2150 1233 2183 corpore
1258 2142 1379 2177 nostro,

572 2193 677 2226 Corde
702 2193 797 2225 simul
820 2196 888 2224 tota
911 2196 962 2224 est
985 2191 1026 2224 de
1050 2202 1146 2224 cruce
1170 2194 1298 2234 sumpta
1321 2191 1419 2222 salus.

465 2258 490 2277 ss
527 2245 595 2277 Nec
618 2249 744 2277 tantum
768 2245 848 2276 vivis
872 2244 1005 2287 prodest
1027 2243 1148 2275 oblatio
1172 2253 1276 2282 sacra,

573 2297 679 2330 Carne
699 2289 735 2329 >et
757 2296 928 2328 defunctos
952 2295 1059 2327 hostia
1082 2294 1158 2326 data
1181 2294 1279 2332 levat,

530 2349 640 2382 Gloria
662 2359 727 2391 qua
750 2348 881 2387 sanctis,
904 2347 1031 2389 requies
1054 2349 1241 2389 praestatur
1265 2348 1297 2377 et
1320 2345 1396 2382 illis,

573 2400 662 2438 Quos
686 2410 749 2432 non
773 2403 926 2432 excoctos
950 2409 1034 2430 mors
1057 2408 1134 2430 vera
1156 2397 1322 2440 corripuit.

267 2533 303 2560 28
319 2538 404 2559 noster
420 2532 450 2558 in
466 2535 552 2557 nostro
571 2531 625 2556 alia
643 2539 722 2555 mnu
740 2539 807 2555 corr.
821 2529 854 2554 M
936 2528 970 2554 29
988 2537 1081 2554 manus
1095 2527 1148 2553 Mc!
1214 2526 1249 2553 30
1266 2526 1362 2560 patrari
1375 2525 1515 2559 Mpatriare
1530 2526 1560 2559 Ο
1635 2525 1668 2551 33
1686 2524 1806 2558 Spiritus]

166 2578 275 2604 Sanctus
289 2578 310 2603 0
375 2576 411 2603 35
427 2577 476 2602 fide
496 2575 518 2600 C
532 2574 607 2607 (etin
624 2583 673 2606 quo
691 2583 778 2599 verme
795 2573 911 2598 dett-{tior
929 2577 964 2598 eet
983 2572 1015 2596 M
1017 2572 1040 2604 1²)
1059 2570 1235 2604 eernit]eernis
1254 2570 1308 2595 Mo
1339 2569 1426 2595 ocellis
1441 2569 1462 2593 (2¹
1478 2568 1513 2600 (et
1525 2568 1559 2594 Μ
1560 2567 1586 2601 ,9)
1656 2568 1690 2595 40
1707 2569 1809 2594 Μὶεῐίω.

165 2621 230 2646 timu
245 2622 320 2647 etiam
337 2619 449 2646 misteria
466 2626 563 2651 semper
583 2618 606 2643 Ο
705 2615 740 2642 42
758 2626 793 2641 an
811 2616 931 2641 ‘levanti
1029 2614 1064 2640 45
1081 2614 1208 2639 efficimus
1226 2612 1259 2638 Μ
1353 2611 1388 2638 46
1406 2610 1540 2645 Idemque]
1560 2612 1629 2637 Idem
1647 2612 1692 2644 qui
1712 2612 1734 2637 C'
1779 2612 1806 2636 in

166 2673 215 2691 om.
233 2664 288 2690 MC
361 2663 393 2689 51
413 2662 460 2687 teri
478 2661 540 2686 MC:
557 2670 593 2685 (m
613 2659 705 2686 *sei-ri?
783 2658 817 2684 52
835 2657 878 2692 Et]
899 2659 944 2683 Est
956 2658 979 2682 A
1024 2656 1094 2690 bino]
1114 2657 1175 2682 uino
1193 2656 1321 2689 Mgcmino
1336 2656 1356 2680 Α
1404 2659 1443 2680 ost
1460 2663 1507 2679 mn.
1522 2654 1546 2679 A
1627 2653 1661 2680 53
1679 2654 1776 2688 limpha
1790 2654 1812 2679 Ο

167 2707 270 2741 lympha
288 2707 311 2732 A
414 2706 449 2733 54
466 2707 598 2732 ecclesiam
612 2706 635 2731 A
739 2704 772 2730 57
796 2705 861 2730 ostia
882 2705 904 2729 (1
1004 2702 1038 2728 62
1056 2703 1150 2735 Magna
1171 2702 1192 2726 (2¹
1293 2701 1326 2726 ‹3ss
1345 2699 1442 2733 hostia]
1460 2700 1566 2725 uictima
1584 2699 1616 2723 M
1667 2707 1701 2724 an
1721 2697 1810 2724 *lata?

166 2749 200 2776 67
218 2752 300 2776 naneti
320 2751 342 2775 U
391 2755 518 2784 prestatur
536 2750 590 2775 MC
690 2748 724 2774 038
743 2747 814 2780 uem]
833 2756 881 2772 sua
900 2747 920 2771 Λ
942 2756 975 2771 an
996 2745 1085 2771 *fern?

267 2835 301 2860 36
321 2834 418 2861 Mauh.
439 2835 478 2866 16,
499 2835 545 2866 16,-
563 2833 618 2859 lah.
638 2834 662 2863 6,
690 2833 731 2859 70.
836 2833 868 2857 51
889 2830 1005 2856 Corinth.
1026 2830 1050 2863 1,
1073 2832 1111 2863 10,
1124 2831 1150 2862 4,

1552 2878 1604 2905 52*
