2060 3074
813 152 1051 179 PRAETERITA.
1691 156 1751 186 749

622 327 768 364 PAULI
800 328 980 364 ALBARI
1007 328 1237 365 CARMINA.

105 421 180 451 pay.
197 412 261 443 122
281 410 356 442 adn.
370 412 389 441 1
410 410 448 442 de
469 410 584 442 Autari
612 413 642 442 et
670 410 814 443 Bodom's
845 411 989 452 epistulis
1016 412 1143 453 scripsi,
1177 413 1381 446 Rheinisches
1412 414 1561 446 Museum
1591 413 1754 445 XXXIX

409 463 525 503 (1884)
547 464 621 494 477.

197 515 260 546 123
281 514 388 546 adn.1
410 524 492 554 quae
513 514 550 546 de
572 514 763 546 Famim'bus
785 514 963 555 Hispericis
985 515 1138 547 dicuntur
1160 515 1290 548 delenda
1310 519 1396 549 sunt.

281 565 301 598 l.
354 566 374 597 5
410 566 450 598 ab
471 576 592 599 summo
613 566 695 607 leye:
717 566 885 598 destitutis.

240 642 250 643 ff
282 618 304 653 l,
335 619 377 649 13
391 618 449 650 ‘'ab
471 618 533 649 imo
549 628 612 659 pro
633 618 874 650 ‘ornamentum'
896 618 958 659 leye
979 617 1156 652 ‘ornatum‘.

197 671 259 702 124
281 669 300 702 l.
331 671 374 702 20
409 669 449 701 ab
463 680 583 701 summo
598 669 659 711 leye
677 670 824 703 sufficuit.
841 689 882 693 —
898 670 917 702 l.
935 672 975 702 11
991 671 1030 702 ab
1046 671 1108 703 imo
1117 682 1180 711 pro
1194 670 1316 711 ‘supra'
1330 671 1391 712 leye
1405 671 1529 714 ‘infra',
1554 671 1573 702 i.
1586 681 1660 711 pay.
1678 670 1750 703 125.

282 721 358 754 adn.
369 723 388 752 1
411 721 449 752 de
471 721 595 753 Paulae
617 721 776 764 epitaphio
798 733 824 754 v.
841 722 910 756 Ioh.
928 722 968 754 B.
984 723 1021 755 de
1036 723 1131 755 Rossi
1145 723 1293 763 Inscript.
1313 722 1488 756 Christian.
1510 723 1554 754 II
1565 725 1583 754 1
1600 733 1675 763 pay.
1692 722 1751 753 LI.

198 774 260 805 125
411 774 449 806 de
470 774 573 807 codice
598 774 745 807 Toletano
771 785 857 806 nunc
882 775 1069 806 Matritensi
1092 777 1142 813 14,
1157 776 1214 813 22,
1246 775 1302 807 ubi
1330 776 1435 817 passio
1463 774 1592 817 Eulogii
1621 777 1751 806 auctore

410 825 533 858 Albaro
555 836 576 858 a
594 825 654 868 fol.
672 827 733 857 145
756 827 800 858 ad
822 827 904 858 1580
926 829 1041 865 exstat,
1064 827 1105 867 cf.
1130 826 1384 865 Han-tel-Loewe,
1408 826 1603 859 Bibliotheca
1619 828 1752 866 patrum

409 877 536 910 latinor.
566 878 590 910 Ι
611 879 689 916 284,
728 880 757 910 et
793 879 832 911 G.
865 878 976 919 Meyer
1007 878 1178 918 Spirensis,
1222 878 1501 919 Sitzunysberiehte
1539 878 1594 910 der
1627 888 1752 918 preuss.

409 929 582 962 Alcademie
609 940 640 963 a.
661 927 745 961 1890
769 940 840 970 pay.
863 931 892 962 9.
941 930 1038 962 subdo
1066 930 1271 970 explicat-ione
1294 933 1446 970 temptata
1468 933 1498 962 et
1524 930 1611 962 vitiis
1633 929 1753 969 aliquot

409 981 544 1013 sublatis
558 982 704 1022 aeniyma
718 981 800 1013 illud
815 982 1123 1014 trsscaidecastichon
1139 981 1212 1013 olim
1233 993 1254 1013 a
1274 992 1321 1013 me
1338 982 1494 1020 omissum,
1517 982 1572 1013 sed
1592 992 1614 1012 a
1628 981 1752 1013 Loewio

405 1036 519 1074 poetae
540 1033 764 1074 Hispaniensi,
799 1034 856 1074 qui
882 1033 1048 1075 Cypriani,
1084 1033 1252 1072 Vincentii,
1283 1034 1469 1066 Reeewindi
1497 1033 1640 1074 aequalis
1666 1036 1752 1071 esset,

409 1085 632 1118 adiudicatum
653 1088 683 1118 et
705 1085 744 1117 ab
767 1085 913 1118 Har-telio
936 1085 976 1126 (l.
1000 1096 1025 1118 c.
1042 1095 1117 1126 pay.
1135 1087 1213 1124 288)
1237 1085 1373 1117 editum:

474 1179 592 1212 Verbis
615 1178 711 1212 erede
736 1179 827 1219 meis,
851 1179 1001 1221 quoniam
1024 1190 1088 1211 non
1105 1180 1222 1212 fribula
1243 1180 1344 1223 fingo;

474 1231 606 1264 Somnia
627 1231 715 1263 nulla
738 1241 851 1263 canam
874 1241 934 1263 nee
957 1232 1097 1263 carmina
1120 1232 1201 1263 falsa
1223 1234 1350 1275 poetae.

474 1283 528 1316 Me
550 1284 687 1316 iubenes
709 1286 852 1324 cernant,
876 1283 991 1326 quibus
1015 1286 1064 1315 est
1086 1284 1245 1326 sapientia
1267 1278 1356 1316 cordi

473 1335 516 1368 Et
538 1336 662 1368 virtutis
685 1346 784 1376 amor,
808 1346 991 1378 magnaque
1015 1335 1163 1378 cupidine
1187 1336 1274 1378 eapti

417 1400 429 1420 s
472 1387 624 1420 Fen-atas
647 1388 734 1420 acies
756 1390 904 1420 metuunt
925 1398 986 1420 nee
1009 1388 1138 1430 agmina
1161 1387 1274 1424 densa:

474 1440 605 1472 Orribili
626 1440 717 1472 vultu
739 1450 814 1471 nam
837 1443 943 1472 terreo
967 1439 1065 1472 corde.
1086 1439 1236 1471 virorum.

473 1491 562 1524 Vera
583 1492 711 1535 loquar:
736 1492 805 1524 fero
830 1495 922 1524 terna
945 1495 1059 1535 quater
1081 1492 1232 1535 capitum,
1256 1502 1353 1534 super
1374 1502 1483 1532 unum,

473 1543 554 1576 Sunt
574 1544 648 1576 miei
672 1544 721 1576 bis
744 1543 885 1576 duodeni
908 1544 992 1576 oculi
1015 1547 1048 1576 et
1070 1543 1133 1576 duo
1156 1544 1277 1575 lumina
1299 1543 1422 1583 frontis,

473 1595 530 1628 Bis
553 1595 662 1628 decies
684 1606 843 1638 senosque
866 1595 968 1639 pedes
990 1596 1064 1628 miei
1085 1594 1219 1628 eontulit
1241 1598 1360 1635 auctor,

405 1661 430 1680 ιο
474 1648 644 1691 Unguibus
667 1658 743 1680 eece
768 1647 881 1680 decem
904 1648 1003 1680 vicies
1026 1651 1060 1679 et
1082 1658 1154 1679 eum
1177 1647 1285 1679 decies
1308 1657 1376 1687 sex,

472 1699 633 1732 Dentibus
655 1703 754 1743 atque
777 1703 892 1742 quater
915 1703 1053 1739 centum,
1076 1699 1126 1731 bis
1148 1709 1222 1731 nam
1245 1709 1302 1731 seu
1325 1701 1461 1741 septem,

475 1751 642 1784 Terribilis
665 1762 804 1794 propero
827 1751 987 1794 pulchros,
1010 1761 1069 1794 per
1091 1761 1174 1791 rura,
1198 1761 1256 1794 per
1278 1761 1383 1792 agros,

473 1803 616 1836 Vocibus
638 1803 711 1836 adst
732 1804 840 1835 multis
863 1804 998 1836 comitor
1019 1805 1188 1845 mestaque
1212 1803 1358 1834 tumultu.

215 1871 227 1897 l
252 1872 333 1898 fibula
358 1882 426 1899 corr.
459 1874 484 1899 T
580 1873 597 1899 3
620 1872 724 1900 'eoi-dis
752 1873 776 1898 T
874 1873 892 1898 4
916 1874 1012 1906 eaptibi
1036 1882 1103 1899 corr.
1132 1873 1156 1898 T
1254 1870 1269 1896 7
1291 1872 1369 1904 loqua
1397 1872 1422 1896 T
1519 1872 1535 1897 9
1557 1871 1703 1904 *senesque
1734 1873 1759 1897 T

110 1913 145 1940 10
155 1923 202 1941 neu
213 1915 250 1941 εἰσ
264 1915 290 1940 T
293 1924 301 1941 ε
319 1917 354 1948 cs.
370 1916 479 1948 Traube,
498 1917 635 1950 Kar-olim.
647 1917 810 1950 Diehamqen
824 1926 887 1949 paq.
901 1919 953 1942 112.
966 1931 999 1935 —
1010 1921 1071 1949 puto
1084 1916 1203 1942 tredecim
1221 1919 1388 1941 con-«mantea
1406 1914 1547 1948 siqnificari
1564 1914 1598 1946 (k
1610 1923 1626 1947 q
1639 1923 1656 1940 x
1669 1924 1683 1940 z
1700 1923 1753 1940 non

110 1963 288 1991 muneram,
306 1959 322 1984 h
340 1959 438 1985 duolnu
460 1960 576 1986 dantibus
601 1961 696 1993 carnot
719 1960 899 1993 comparanda
920 1969 977 1986 cum
999 1961 1056 1985 alia
1078 1959 1173 1985 similia
1191 1959 1337 1992 aeniqnmta
1358 1963 1410 1983 lum
1430 1958 1561 1984 Aldhelmi
1579 1959 1610 1984 de
1627 1959 1753 1985 clematis

111 2001 184 2034 opud
203 2002 274 2028 0310·
288 2011 348 2036 paq.
365 2004 428 2035 257,-
441 2007 520 2036 poeta
539 2003 636 2029 Isidori
653 2008 676 2029 ct
694 2003 804 2030 sisebuti·
822 2007 904 2029 aetate
922 2012 975 2029 non
993 2003 1125 2028 recentior.

29 2151 36 2155 ι
62 2112 67 2117 ·
103 2113 180 2145 pay.
199 2105 262 2137 129
283 2115 310 2137 υ.
349 2105 369 2137 5
411 2106 452 2146 cf.
470 2106 548 2138 Isai.
565 2106 615 2145 51,
632 2108 674 2138 13
688 2106 809 2138 domini
826 2106 955 2138 factoris
973 2106 1028 2146 tui,
1053 2106 1106 2148 qui
1122 2104 1259 2137 tetendit
1282 2105 1388 2137 caelos
1412 2108 1445 2137 et
1460 2105 1604 2138 fundavit
1623 2109 1750 2138 terram.

279 2167 308 2190 v.
324 2158 366 2188 11
408 2156 470 2199 leye
491 2158 637 2200 r(e)rum.
663 2177 700 2182 -—-
727 2160 788 2189 130
810 2169 837 2191 v.
854 2159 874 2189 5
897 2157 978 2190 male
999 2157 1112 2190 addidi
1134 2160 1192 2190 ter.

197 2210 260 2240 131
282 2219 310 2241 v.
324 2210 370 2241 22
406 2212 553 2250 fflaestat
576 2209 670 2242 devia
693 2210 811 2253 ineque
834 2210 871 2251 (i.
894 2210 1027 2252 inique).

196 2261 260 2292 132
279 2271 307 2292 v.
321 2261 366 2292 27
408 2260 451 2303 tf.
474 2261 564 2306 ade.
587 2261 655 2294 X4
671 2262 747 2302 μιῇ.
765 2263 836 2293 679.
860 2280 901 2284 -
924 2261 1014 2293 ΙΧ8
1031 2260 1077 2301 cf.
1101 2260 1222 2293 Barac.
1246 2261 1276 2298 2,
1294 2262 1343 2291 11.

197 2313 260 2344 133
281 2323 308 2344 v.
323 2314 368 2344 23
410 2312 472 2354 leye
494 2313 676 2356 oonpleetit.

196 2365 258 2396 134
279 2374 306 2396 v.
324 2365 365 2396 79
407 2364 537 2397 restitue
558 2365 660 2408 pallet
681 2366 719 2405 (i.
742 2364 921 2404 occulitur).
948 2383 985 2387 —
1009 2374 1036 2396 v.
1052 2364 1094 2394 80
1116 2363 1245 2394 restitue
1267 2363 1376 2394 storia.

197 2416 260 2447 140
281 2426 309 2448 v.
347 2417 367 2447 9
411 2415 473 2458 leue
494 2416 633 2449 bellator
655 2416 785 2456 domini,
808 2416 908 2448 verbo
931 2415 1103 2458 potentior.

201 2468 260 2498 141
282 2477 309 2500 v.
326 2469 367 2499 54
410 2478 552 2511 purpure
575 2468 689 2501 deifice
712 2479 783 2500 cum
806 2467 961 2510 sanguine
983 2477 1010 2499 v.
1027 2467 1068 2498 55
1091 2466 1292 2506 iunyendum.

522 2652 732 2689 CIPRIANI
759 2651 820 2688 ET
847 2650 1080 2688 SAMSONIS
1107 2649 1337 2686 CARMINA.

12 2740 22 2765 f'
107 2740 182 2774 paq.
198 2734 262 2765 143
282 2734 391 2766 adn.6
412 2734 474 2775 leye
497 2735 643 2774 domum,·
671 2735 751 2776 quid
781 2733 936 2777 a(b)batis
964 2734 1020 2772 sit,
1051 2733 1120 2765 vide
1147 2733 1236 2773 apud
1261 2732 1416 2774 Gwnyium
1438 2743 1462 2764 s.
1483 2742 1528 2772 v.;
1557 2732 1627 2764 iure
1653 2732 1753 2773 iqitur

43 2785 46 2786 ⁷
411 2786 540 2819 titulum
561 2787 736 2839 omiseram.

215 2844 319 2872 Pom:
336 2853 420 2874 unm
438 2854 497 2874 Αενι
515 2847 641 2874 Cunnum
660 2846 742 2879 111,2.
1513 2843 1547 2871 95
