2092 3094
599 195 826 223 PROOEMIUM.
862 197 1013 224 MICONIS
1033 197 1124 224 OPUS
1144 197 1411 226 PROSODIACUM.
1765 203 1828 234 279

178 281 287 314 Bru-v.
304 283 409 312 10470

198 333 255 373 fol.
271 335 315 364 83
353 333 492 365 CLXII.
580 333 632 364 Ad
656 337 801 365 nostrum
826 334 1028 367 didasculum
1052 336 1125 375 (cfr.
1147 345 1245 376 supra
1262 347 1297 376 11.
1320 339 1410 378 271).
1610 355 1632 374 ε,
1651 351 1715 374 ante
1734 352 1826 375 a.856.

351 384 507 416 CLXIII.
583 385 627 416 ad
650 386 760 427 quand
783 379 905 428 epyba}

197 436 256 476 fol.
271 437 324 467 83⁴
351 435 504 469 CLXIV.
586 436 628 468 ad
651 437 748 468 chore

194 486 254 529 fol.
270 489 313 518 84
349 487 483 520 CLXV.
580 487 623 520 ad
644 493 664 522 fi

195 538 256 581 fol.
271 540 324 570 84¹
350 538 503 572 CLXVI.
584 550 604 570 a
625 540 666 571 ad
690 541 800 582 quend

196 590 256 631 fol.
270 591 312 622 85
349 590 523 629 CLXVII.
583 591 625 623 ad
648 592 826 623 cobenniofi

194 637 330 684 fol.‘85“
349 642 537 675 CLXVIII.
582 642 645 674 AD
668 637 830 674 FELIOE

634 694 751 726 lacuna
773 705 918 726 versuum
939 705 963 729 c.
988 697 1051 727 546

175 736 285 769 Bruoe.
302 737 408 768 10859

197 788 254 829 fol.
272 790 291 819 1
349 788 507 821 CLXIX.
584 788 685 820 Miror
708 799 766 821 eur
788 790 920 822 minime
943 791 1138 833 promissum
1161 791 1303 823 reddidit
1325 792 1394 834 ipse
1411 794 1465 824 etc.

196 839 253 880 fol.
272 842 302 871 1¹
350 839 485 872 CLXX.
581 840 708 872 Fistula
731 844 843 873 nostra
866 842 987 874 referre
1011 846 1107 885 queat
1130 843 1208 885 quid
1231 844 1314 875 scire
1337 844 1456 886 pusilla
1472 846 1524 875 etc.

322 931 324 933 Ι
350 891 505 923 CLXXI.
526 891 554 924 I.
578 890 641 923 Hic
665 896 762 937 capu-t
785 892 919 925 indiculi
944 898 1076 925 sumunt
1100 895 1168 926 sine
1191 894 1255 926 fine
1279 895 1352 937 lege
1375 896 1500 937 peracti
1516 897 1569 928 etc.

505 943 555 976 11.
578 943 813 976 INCIPIVNT
835 944 1021 977 PARVAE
1051 946 1228 978 GLOSAE
1258 945 1319 978 DE
1342 946 1552 979 DIVERSIS
1575 947 1723 980 LIBRIS
1747 948 1826 980 ΕΧ-

624 995 830 1028 CERPTAE
854 997 884 1028 A
908 997 1204 1029 PVSILLITATE
1229 997 1415 1030 MICONIS

196 1089 255 1130 fol.
273 1090 313 1121 75
579 1090 766 1122 FINIVNT
791 1091 1029 1123 GLOSVLAE
1056 1091 1282 1133 (MICONIS).

484 1141 555 1174 III.
579 1142 650 1174 Has
675 1153 735 1184 ego
760 1154 939 1186 perparvus
963 1143 1071 1175 studui
1096 1144 1294 1186 coniungere
1317 1145 1447 1187 linguas
1471 1145 1540 1188 ipse
1565 1145 1672 1177 Micon
1687 1147 1741 1177 etc.

986 1340 1012 1373 1.

279 1407 439 1440 Omnibus
462 1408 660 1440 amatoribus
697 1410 880 1452 sapientiae
903 1409 1013 1442 Micon
1045 1410 1144 1442 levita
1173 1421 1294 1453 parvus
1321 1411 1354 1442 in
1379 1409 1508 1442 Christo
1531 1413 1635 1441 totum
1658 1410 1742 1452 quod
1766 1413 1826 1442 est.

173 1458 298 1491 Notum
323 1459 365 1491 sit
389 1459 552 1499 omnibus,
577 1460 662 1502 quia,
687 1471 759 1492 cum
783 1460 919 1503 degeret
942 1461 1114 1493 nobiscum
1131 1461 1262 1504 quidam
1287 1462 1428 1505 epibata,
1453 1461 1561 1504 coepit
1583 1461 1825 1504 reprehendere

174 1511 265 1543 iners
290 1511 392 1543 verba
416 1511 590 1543 lectionum
613 1516 796 1543 nostrarum
822 1523 887 1544 non
911 1516 1037 1544 tantum
1060 1513 1101 1545 de
1124 1513 1258 1554 litteris,
1288 1516 1445 1556 quantum
1474 1513 1514 1545 de
1546 1514 1750 1556 correptione
1774 1513 1827 1545 vel

175 1562 391 1605 productione
421 1563 622 1605 quarundam
652 1563 870 1595 bannitarum.
915 1563 988 1599 Qua
1012 1563 1052 1596 de
1075 1575 1110 1596 re
1135 1569 1317 1596 commotus
1342 1569 1375 1596 et
1399 1565 1470 1596 zelo
1494 1564 1645 1596 utilitatis
1669 1575 1826 1596 accensus

137 1630 151 1650 ι
175 1614 271 1657 coepi
295 1615 495 1657 perscrutari
518 1614 705 1657 diligentius
728 1615 930 1647 monimenta
952 1617 1140 1658 poetarum'
1157 1619 1254 1657 atque
1282 1615 1323 1648 de
1347 1616 1499 1658 singulis,
1530 1626 1613 1658 quae
1636 1616 1826 1647 varietatem

175 1665 396 1709 patiebantur,
418 1666 529 1698 verbis
553 1667 704 1709 exempla
721 1666 856 1709 affigere
872 1670 1050 1706 auctorum,
1074 1668 1120 1699 ita
1135 1671 1172 1699 ut
1187 1669 1276 1710 prius
1300 1668 1436 1700 verbum
1459 1668 1685 1710 praefigerem,
1709 1667 1826 1699 deinde

176 1718 364 1760 exemplum
387 1728 487 1750 verae
511 1718 742 1750 ostentationis
766 1719 884 1760 ipsius,
913 1719 1072 1761 posthaec
1100 1729 1219 1750 nomen
1249 1719 1392 1751 auctoris
1423 1720 1474 1750 vel
1497 1719 1583 1752 libri.
1628 1719 1722 1756 Quod
1745 1729 1826 1761 opus

175 1779 314 1812 parvum
338 1769 530 1811 cuicumque
553 1769 728 1812 placuerit,
753 1780 878 1802 memor
901 1781 975 1802 esse
1002 1770 1167 1811 (Miconi)s
1192 1770 1360 1812 dignetur,
1385 1770 1439 1812 qui
1462 1781 1527 1803 non
1550 1771 1611 1802 hoc
1635 1770 1735 1813 typho
1760 1771 1828 1802 ela-

176 1822 283 1861 tionis,
308 1821 367 1854 sed
388 1822 528 1853 utilitate
552 1826 741 1854 cunctorum
765 1832 847 1865 opus
870 1821 1046 1864 adgressus
1072 1833 1154 1855 sum.
1195 1822 1304 1854 Currit
1320 1823 1406 1854 enim
1431 1821 1598 1854 commode
1621 1832 1681 1864 per
1703 1822 1828 1854 alfabe-

123 1887 150 1907 ιο
177 1877 256 1913 tum,
282 1877 319 1905 ut
339 1873 468 1905 facilius
491 1873 686 1912 inveniatur,
710 1873 797 1915 quod
821 1873 861 1905 ab
885 1877 1015 1905 amante
1041 1875 1224 1916 requiritur.

281 2019 321 2053 [L]
345 2020 376 2046 de
399 2020 435 2046 eis
456 2028 521 2052 quae
544 2020 569 2045 iu
589 2020 614 2044 B
636 2021 750 2053 aylloqoe
770 2020 921 2052 praeposita
943 2021 988 2045 ned
1013 2021 1101 2045 aliena
1123 2021 1156 2045 ab
1178 2029 1210 2045 ea
1229 2021 1348 2052 leyuneur
1367 2018 1415 2051 cfr.
1435 2020 1586 2045 Duemmler
1605 2019 1638 2045 N.
1657 2019 1689 2044 A.
1709 2018 1828 2049 1175163

173 2062 350 2097 fraqmenlum
366 2071 446 2096 neque
464 2072 480 2087 a
498 2062 663 2088 Due‘m‘mlero
680 2072 759 2095 neque
778 2072 794 2087 a
813 2072 851 2088 me
869 2063 941 2095 apml
958 2072 1108 2095 quemquam
1127 2063 1279 2096 indayatum
1297 2063 1344 2088 hoc
1362 2067 1410 2088 est:

622 2116 673 2147 Qui
691 2116 763 2141 lavat
782 2116 841 2148 igne
860 2116 914 2148 pios
933 2116 1015 2140 laticis
1033 2119 1090 2148 post
1107 2123 1214 2140 munera
1231 2116 1292 2146 vivi,

621 2158 689 2183 Dum
707 2162 775 2183 sator
792 2166 823 2182 ac
841 2159 925 2183 socius
943 2159 1044 2191 gemino
1062 2159 1224 2191 stringuntur
1242 2166 1327 2183 amore

621 2201 790 2233 Sidereusque
808 2201 877 2226 calor
895 2202 995 2234 peccati
1014 2202 1091 2226 solvit
1109 2210 1228 2227 acervos:

621 2245 677 2269 Hoc
694 2245 740 2279 tibi
759 2249 905 2278 compenset
923 2245 1009 2270 donati
1027 2250 1094 2270 sorte
1113 2245 1223 2278 saponis,

585 2294 597 2313 5
623 2288 718 2313 Lactea
738 2288 881 2321 virgineum
901 2293 1004 2313 servent
1021 2292 1050 2313 ut
1068 2293 1172 2321 pectora
1191 2289 1287 2319 fucum,

621 2331 711 2355 l'ixide
730 2339 775 2363 pro
794 2339 876 2356 vacua
895 2331 1019 2356 virtutum
1039 2331 1130 2363 fraglet
1147 2339 1244 2355 acerra.

619 2374 669 2398 Sed
687 2374 779 2399 damus
797 2375 902 2405 interea,
922 2374 1029 2398 fluidum
1047 2374 1115 2406 quod
1134 2374 1213 2406 pellat
1232 2374 1363 2398 humorem

620 2416 760 2449 Flegmau's
778 2420 824 2442 aut
842 2425 941 2442 morsus
959 2420 1076 2442 extorum
1095 2421 1180 2450 tergat
1198 2421 1297 2444 acutos,

621 2459 702 2484 Lenia
722 2469 1249 2485 .............
1250 2459 1327 2484 tridit.

277 2509 388 2535 Miconis
403 2510 593 2544 praefationem
609 2510 745 2536 ediderunt
757 2510 894 2536 Fabricius
911 2511 938 2535 ἰη
950 2511 1019 2536 Βίὺί.
1035 2511 1091 2536 Lat.
1110 2511 1174 2536 med.
1187 2515 1211 2535 et
1222 2511 1271 2542 inf.
1285 2513 1333 2534 aet.
1346 2517 1365 2534 s.
1379 2517 1400 2532 v.
1413 2507 1510 2539 ‘.l[ico’‚
1535 2507 1654 2532 ls'aitziua
1667 2507 1695 2533 in
1709 2508 1822 2533 Archino

172 2557 260 2578 metro
286 2552 420 2579 V111656
524 2553 538 2578 1
558 2553 633 2585 inicos
651 2553 676 2578 B
693 2554 758 2579 mico
774 2562 796 2586 μ
849 2554 929 2589 ignita
946 2558 968 2579 et
986 2555 1021 2579 sic
1035 2554 1136 2586 passim
1156 2559 1170 2589 e
1186 2562 1237 2585 pro
1255 2562 1269 2578 e
1288 2552 1312 2577 B
1417 2549 1431 2575 'a‘
1450 2559 1510 2576 uere
1532 2554 1554 2576 et
1573 2551 1609 2576 sic
1622 2551 1723 2583 passim
1741 2559 1754 2575 e
1768 2559 1821 2583 pro

173 2601 189 2632 g
208 2595 234 2620 B
337 2595 355 2621 8
373 2597 480 2622 miconis
496 2604 518 2629 μ
537 2596 588 2628 ᾖῇΙῇζ]
606 2605 618 2621 s
637 2596 662 2621 B

278 2688 321 2722 [1.]
343 2688 453 2716 Prima
475 2689 621 2716 Miconis
639 2697 773 2723 operum
790 2689 894 2715 series
912 2697 929 2714 a
950 2689 971 2716 Ι.
990 2688 1030 2714 αι]
1047 2687 1190 2714 LXVII.
1210 2694 1309 2720 usque
1322 2686 1476 2720 pertinet.
