2138 3106
610 80 631 109 ’,ι

641 195 773 221 TITULI.
810 195 927 222 CODEX
949 196 1112 223 RICHARH
1132 198 1411 225 MIRACULORUM.
1768 203 1830 233 349

915 324 1101 358 CXXXVI.

551 385 614 417 Est
638 385 754 417 domus
774 385 855 417 haec
880 384 1000 418 Christi
1023 387 1204 429 peregrinis
1228 388 1409 425 adtitulata,

594 437 666 469 Illis
690 441 826 469 ostensa
848 447 912 479 qua
935 442 1045 469 manet
1069 438 1263 479 humanitas.

553 488 694 531 Hacque
717 489 802 521 melo
825 493 980 521 resonant
1003 489 1098 521 divisi
1122 490 1235 522 sedulo
1258 491 1376 523 fratres

592 540 656 572 Per
679 540 822 573 decadas
845 540 955 583 digno,
980 540 1119 579 Christe,
1142 543 1174 574 in
1199 543 1321 575 honore
1345 547 1409 576 tuo.

499 604 511 623 ⁵
548 592 618 633 Hos
640 596 697 624 tua
720 593 892 634 magnifica
915 596 1048 625 tueatur
1070 593 1209 626 dextera
1233 606 1363 638 semper

594 643 689 676 Hanc
713 643 852 677 adiendo
875 644 976 676 larem
1001 655 1038 676 ac
1061 646 1239 688 repetendo
1265 647 1359 680 viam.

906 803 1109 836 CXXXVII.

364 866 521 902 STICHI
547 865 914 902 EXHORTATORII
939 866 1005 902 AD
1033 867 1396 905 COMBENNIONES
1425 870 1654 907 NOSTROS.

551 941 704 981 Cei-uitis,
727 952 746 977 o
769 941 883 973 famuli
906 942 1008 983 gratis
1031 942 1203 975 dulcedine
1227 944 1311 986 pasti

592 993 738 1025 Pastoris
761 992 883 1025 Christi
908 993 1051 1026 Richarii
1074 995 1198 1035 eximii,

528 1044 678 1077 Virtutes
701 1044 850 1077 dominus
874 1055 955 1088 quas
979 1045 1076 1088 digne
1101 1051 1255 1089 operatur
1279 1048 1311 1079 in
1334 1049 1420 1086 aula,

592 1096 701 1139 Ipsius
726 1097 871 1129 membra
895 1108 957 1140 quo
981 1099 1140 1130 recubant
1163 1099 1268 1137 nivea,

498 1161 510 1180 5
548 1148 645 1180 Tanti
668 1159 727 1192 pro
750 1149 875 1181 meritis
898 1150 1023 1192 patroni
1047 1150 1117 1182 iure
1142 1150 1279 1191 colendi,

591 1200 749 1233 Vivorum
772 1201 903 1244 placida
927 1202 982 1244 qui
1006 1202 1140 1244 regione
1164 1203 1264 1235 micat

550 1252 699 1285 Pacifero
722 1253 884 1285 famulans
907 1254 988 1296 regi,
1013 1254 1067 1297 qui
1090 1258 1208 1297 regnat
1229 1255 1262 1287 in
1286 1255 1355 1298 ipsa

593 1303 744 1336 Zonatim
767 1308 880 1348 septus
906 1305 1036 1338 milibus
1059 1307 1232 1338 astricolis.

551 1355 639 1388 Odas
661 1355 781 1389 idcirco
804 1357 919 1389 reboet
941 1368 1004 1389 vox
1026 1362 1137 1390 vestra
1161 1358 1307 1390 canendo

486 1420 511 1439 ιο
591 1408 737 1441 Aeterno
762 1409 831 1451 regi
854 1410 1055 1452 magnificas,
1078 1410 1202 1450 famuli,

551 1461 600 1492 Ac
624 1461 721 1493 simul
744 1462 876 1504 egregio
899 1466 1038 1504 patrono
1062 1462 1188 1494 reddite
1212 1463 1336 1500 laudes,

594 1512 694 1556 Signa
715 1513 796 1546 deus
818 1525 878 1557 per
900 1525 998 1557 quem
1022 1515 1115 1558 plura
1139 1516 1255 1548 salutis
1279 1516 1357 1558 agit.

550 1563 621 1597 Nec
644 1565 743 1598 etiam
767 1566 849 1609 pigri
872 1567 1034 1599 maneatis
1058 1568 1200 1610 pectoris
1224 1571 1316 1600 antro

593 1616 700 1649 Huius
723 1617 809 1650 enim
832 1622 927 1660 gesta
950 1619 1051 1661 figere
1074 1620 1238 1653 melliflua.

486 1681 510 1700 1⁵
549 1665 672 1706 Quodsi
696 1669 767 1712 quis
790 1673 935 1702 nostrum
959 1671 1058 1703 fuerit
1081 1675 1294 1715 compunctus
1318 1683 1428 1705 amore

593 1721 726 1762 Divino,
750 1722 885 1765 cupiens
909 1723 1035 1766 hocque
1059 1727 1172 1756 notare
1196 1724 1291 1756 sciat:

549 1773 712 1816 Antiquus
735 1777 861 1817 perstet
885 1775 989 1807 codex
1013 1786 1054 1807 ne
1079 1775 1125 1807 sic
1148 1776 1324 1815 breviatus‚

593 1824 663 1858 Ceu
684 1826 806 1858 mansit
827 1830 937 1859 nostra
961 1826 1119 1859 hactenus
1141 1828 1280 1864 incuria;

550 1876 622 1914 Quo
645 1877 765 1920 partim
788 1878 947 1910 miracula
970 1879 1058 1921 picta
1081 1878 1232 1912 videntur
1254 1880 1392 1912 honeste

485 1942 512 1960 ευ
591 1928 621 1960 A
645 1928 786 1971 quodam
810 1929 931 1961 Albino
954 1930 1084 1962 nomine
1109 1930 1306 1974 doctiloquo.
1330 1950 1371 1955 —

550 1979 654 2019 Nunc,
678 1980 808 2020 fratres,
831 1981 872 2013 ad
897 1992 952 2014 vos
976 1993 1157 2015 sermonem
1182 1987 1274 2015 verto
1297 1994 1479 2026 parumper,

593 2032 631 2064 In
654 2033 767 2075 paucis
792 2034 908 2066 iterum
932 2034 1170 2077 versiculisque
1194 2035 1319 2077 loquor.

551 2083 693 2125 Gemite,
715 2085 821 2128 qualis
845 2085 896 2125 sit,
921 2086 1012 2118 caelo
1036 2087 1090 2129 qui
1114 2090 1205 2119 tanta
1227 2090 1389 2130 operatur,

594 2136 632 2168 In
656 2138 751 2169 terris
775 2137 894 2170 deinde
917 2149 1040 2181 vosque
1064 2143 1178 2171 cavete
1201 2139 1298 2175 bene,

485 2201 511 2220 25
549 2188 621 2226 Quo
645 2189 768 2232 pariter
790 2190 907 2233 vigiles
930 2191 1090 2223 maneatis
1114 2194 1209 2222 nocte
1233 2190 1349 2233 dieque

594 2240 674 2272 Eius
698 2241 731 2273 in
755 2241 928 2284 obsequio:
953 2242 1014 2275 hoc
1038 2242 1180 2274 breviter
1202 2253 1330 2282 moneo,

0 635 9 655 ,,

0 693 14 837 ἓ

0 839 7 856 t

551 2291 885 2336 Quatinuseffugere
907 2293 1037 2326 domino
1061 2294 1236 2326 miserante
1260 2294 1388 2336 queatis

534 2348 536 2350 '
593 2343 826 2388 Danorumque
850 2346 948 2386 mala⁷
972 2346 1082 2378 vivere
1106 2346 1250 2388 pacifice.

554 2395 638 2428 Nam
662 2397 880 2440 precibusque
905 2398 972 2430 suis
995 2397 1146 2430 dominus
1170 2401 1340 2429 conservet
1363 2397 1448 2428 ovile

488 2459 514 2479 ao
595 2447 751 2480 Nostrum
775 2459 833 2492 per
857 2449 957 2482 saecli
981 2450 1120 2492 plurima
1143 2450 1314 2482 curricula.

291 2575 453 2611 [cxxvaJ
471 2577 488 2603 3
505 2577 612 2604 *mmm
630 2578 655 2603 Β

291 2618 463 2653 [CXXXVII]
481 2620 498 2646 2
515 2620 648 2647 ''P-atores
667 2621 692 2646 B
807 2620 822 2646 7
841 2621 965 2647 *I'acifcri
985 2621 1009 2647 B
1126 2621 1158 2647 1⁶2
1176 2630 1252 2654 quam
1272 2622 1297 2648 B
1314 2631 1381 2647 corr.
1400 2621 1498 2647 Beelam.
1543 2616 1546 2619 ¹
1617 2619 1649 2646 14
1666 2619 1754 2653 figere]
1773 2629 1786 2645 r
1803 2629 1834 2645 ea:

187 2672 254 2689 eor-r.
274 2663 298 2688 B
400 2663 435 2690 30
453 2666 569 2692 curicula
587 2665 612 2690 B

291 2740 460 2776 [CXXXVH
479 2742 496 2767 3
512 2741 542 2768 de
560 2744 643 2768 cantu
658 2744 786 2776 perpetuo
802 2743 851 2775 cfr.
871 2742 963 2769 Rama
982 2735 1083 2769 Etmles
1099 2749 1148 2768 sur
1165 2741 1190 2769 d.
1206 2749 1328 2776 papyrus
1345 2741 1370 2768 d.
1389 2740 1437 2768 VI.
1455 2740 1527 2767 siecle
1546 2741 1602 2767 103.

291 2792 474 2828 [cxxxan
492 2794 510 2821 8
527 2794 574 2827 cfr.
591 2802 612 2821 c.
632 2794 717 2827 1V,3.
845 2796 876 2821 18
894 2794 1035 2821 breviatus
1057 2802 1090 2820 sc.
1108 2794 1139 2820 in
1162 2802 1216 2827 quo
1232 2793 1423 2820 miramtlm‘um
1441 2793 1520 2819 series
1540 2800 1597 2819 mn
1614 2791 1649 2818 sit
1667 2791 1832 2818 continuata.

188 2845 223 2870 20
239 2843 271 2871 de
290 2845 395 2872 Alce-ini
413 2845 481 2872 libro
497 2846 548 2878 cfr.
562 2854 648 2883 pupm
663 2854 690 2879 p.
710 2846 760 2872 267
778 2848 803 2872 et
819 2854 840 2873 c.
859 2846 1023 2873 LXXXII.
1129 2847 1158 2872 21
1180 2846 1228 2878 cfr.
1246 2853 1266 2871 c.
1287 2844 1393 2878 01:25.
1499 2845 1533 2871 30
1548 2845 1597 2877 cfr.
1615 2852 1636 2870 c.
1656 2843 1748 2877 0122.
