2040 2996
566 40 586 68 {a

416 158 624 186 PASSIONUM
643 159 698 187 BB.
716 158 858 186 IULIANI
876 159 922 186 ΕΤ
941 159 1125 187 SOCIORUM
1144 161 1224 188 EIUS
1244 162 1349 188 LIBER
1369 163 1415 189 IV.
1679 165 1740 194 119

455 245 698 278 Flammivomis
721 245 832 278 caveis
855 245 1063 285 cruciabitur,
1087 256 1142 278 ore
1166 247 1292 279 tonanti

457 297 502 329 Ut
522 300 627 330 testes
649 297 764 330 dixere
786 298 833 340 pii
855 300 1032 340 praesente
1055 298 1193 330 tiranno.

62 384 71 396 ι
89 356 114 377 c·
127 355 191 376 xxl-
455 347 531 380 Sole
555 351 670 380 ruente
693 347 880 380 sacerdotes
902 351 1080 391 properant
1102 349 1279 391 populique

358 406 396 425 ³³⁵
456 399 600 442 Corpora
622 399 838 432 Christicolae
862 402 1047 431 sauctorum
1070 400 1200 435 auferre
1223 401 1387 437 volentem

454 451 707 494 Impediuntque
729 451 819 494 pium
842 451 1020 483 commixta
1043 451 1204 484 cadavera
1226 456 1348 494 votum,

455 502 569 535 Donec
593 503 767 545 prostratis
789 502 909 535 obnixe
932 503 1076 535 vultibus
1100 507 1203 536 orant.

454 554 647 593 Quodmmox
668 558 706 586 ut
726 555 900 597 complent,
923 555 1053 587 animae
1077 559 1255 588 cernuntur
1278 560 1313 588 et
1335 567 1401 589 una

367 623 400 627 κ-
456 605 614 648 Quaeque
639 616 739 650 super
759 607 927 650 proprium
949 607 1100 640 residens
1123 607 1294 640 adnuntiat
1318 619 1390 641 esse

359 665 397 685 ³⁹⁰
454 657 614 700 Virginea
636 658 670 690 in
693 659 804 701 specie
829 669 956 701 corpus,
981 659 1067 701 quod
1090 660 1214 692 rexerit
1236 663 1324 692 ante.

455 709 547 742 Tunc
569 713 680 752 grates
703 710 859 750 referunt,
883 713 996 753 optata
1018 714 1052 742 et
1075 721 1210 754 corpora
1233 712 1352 743 tollunt

454 761 654 794 Praesbiteri
677 765 712 794 et
733 761 855 805 populi.
901 761 986 794 Nam
1009 762 1110 794 iussio
1133 763 1358 795 celsitonantis

454 813 605 853 Fecerat,
627 817 664 846 ut
685 814 821 856 sanguis
845 817 1030 846 sanctorm
1052 825 1142 846 more
1165 815 1297 856 gelandi

454 865 649 897 Adhaerens
671 865 828 898 membris
851 866 1020 898 minimum
1043 865 1216 898 defluxerit
1239 867 1336 906 arvis,

359 924 398 944 ³⁹5
456 916 527 949 Nec
550 916 612 949 fuit
633 927 716 949 ausa
730 918 828 960 ‘pium
853 917 951 950 tellus
974 917 1106 950 haurire
1130 928 1287 958 cruorem,

455 968 547 1006 Quae
569 969 804 1002 sceleratorum
827 969 968 1002 sudabat
991 970 1153 1012 sanguine
1176 970 1274 1002 foeta.

454 1021 648 1064 Agnoscunt
669 1025 800 1054 sanctos
823 1022 902 1054 socii
924 1032 1098 1064 superesse
1121 1022 1283 1054 valentes:

457 1074 591 1106 Illorum
613 1073 690 1106 fidei
711 1084 884 1113 memores,
907 1075 1096 1106 certaminis
1120 1085 1225 1116 aeque

455 1125 672 1168 Victoresque
695 1126 806 1162 colunt
829 1128 864 1158 et
885 1126 974 1158 clara
997 1126 1172 1169 sepulchra
1194 1129 1347 1169 parantes

359 1185 398 1204 ⁴⁰0
454 1177 628 1210 Ecclesiae
651 1178 775 1220 gremio
798 1187 890 1210 sacro
914 1177 975 1210 sub
998 1178 1111 1210 limine
1135 1179 1239 1210 sancti

454 1229 580 1262 Altaris
603 1229 745 1262 condunt
768 1233 953 1262 sanctorum
977 1241 1123 1273 corpora.
1167 1229 1272 1266 Quem
1295 1240 1372 1262 mox

454 1281 664 1324 Magnificare
688 1281 795 1314 locum
817 1281 942 1314 domini
964 1281 1099 1324 dignata
1122 1285 1269 1325 potestas

454 1333 602 1366 Ebullire
625 1333 715 1366 dedit
736 1334 829 1365 venis
851 1333 1051 1366 indeficienti

455 1385 571 1423 Fonte,
594 1385 690 1417 undis
712 1385 805 1418 cuius
829 1389 942 1418 uterus
964 1385 1170 1418 babtismatis
1193 1385 1298 1417 almus

359 1444 397 1463 ⁴⁰⁵
455 1437 594 1480 Semper
614 1437 806 1475 inundatum
831 1448 1024 1481 semperque
1047 1437 1120 1470 loco
1144 1437 1330 1470 venerando

456 1488 570 1521 Gratia
592 1488 683 1531 larga
705 1487 759 1521 dei
781 1489 839 1520 tali
862 1489 904 1521 de
927 1499 1063 1521 munere
1087 1489 1214 1531 flagrat,

457 1539 620 1573 Credulus
642 1544 678 1572 ut
700 1541 846 1583 quisquis
869 1541 980 1573 veniat
1003 1552 1039 1573 se
1062 1551 1158 1584 posse
1181 1541 1306 1574 mederi

457 1591 650 1627 Sanctorum
673 1592 810 1632 meritis,
833 1603 955 1635 pronus
979 1593 1006 1624 si
1030 1596 1106 1624 vota
1129 1602 1310 1636 precesque

455 1643 592 1676 Fuderit
614 1643 656 1676 ad
678 1643 831 1684 tumulos,
854 1644 965 1676 statim
990 1647 1125 1676 sanetur
1146 1644 1188 1676 ab
1211 1645 1309 1684 omni,

359 1702 398 1721 ⁴¹⁰
456 1694 529 1732 Quo
553 1698 694 1727 vexatus
717 1699 797 1734 erat,
821 1696 1042 1728 membrorum
1064 1696 1229 1738 animique
1253 1695 1376 1728 dolore.

455 1746 670 1790 Temporibus
693 1747 819 1780 cunctis
842 1750 933 1779 tanta
955 1748 1076 1780 virtute
1100 1751 1260 1786 coruscat,

457 1798 502 1830 Ut
524 1798 621 1830 dictis
644 1798 812 1830 hominum
834 1802 978 1841 nequeat
1001 1799 1196 1841 scriptisque
1220 1799 1334 1832 notari.

90 1853 115 1875 0·
129 1853 214 1877 xx1¹¹·
501 1850 567 1883 Sed
590 1851 684 1883 decet
707 1861 725 1883 e
748 1851 860 1883 multis
882 1861 983 1883 unum
1007 1851 1059 1883 vel
1082 1861 1239 1893 pangere,
1262 1861 1322 1892 per
1344 1850 1430 1893 quod

455 1902 609 1945 Martyris
632 1902 745 1934 invicti
767 1902 887 1934 Iuliani
909 1902 1014 1944 gloria
1037 1911 1156 1943 magna

359 1960 398 1980 ⁴¹⁵
458 1953 628 1986 Glarescat
650 1954 770 1986 mundo
793 1954 984 1996 cunctisque
1008 1953 1170 1986 fidelibus.
1214 1952 1300 1984 Illud

456 2004 539 2037 Nam
564 2005 686 2038 nemini
708 2005 854 2045 dubium,
878 2004 975 2038 terris
999 2005 1053 2047 qui
1077 2004 1166 2046 degit
1189 2004 1222 2035 in
1245 2004 1322 2042 illis,

93 2081 214 2107 collectae
231 2086 300 2107 suut.
335 2083 439 2108 Domini
457 2091 518 2108 vero
543 2083 625 2116 gratia
648 2083 684 2108 ita
705 2083 843 2115 ordinavit,
867 2087 897 2108 ut
918 2087 1023 2108 sanctus
1046 2091 1122 2107 cruor
1143 2084 1231 2107 eoi-um
1254 2082 1320 2107 sicut
1341 2082 1415 2115 panis
1439 2082 1537 2107 lacteus
1561 2083 1627 2108 circa
1651 2091 1743 2108 unum-

91 2131 219 2157 quemque
237 2132 326 2150 eorum
343 2126 534 2159 congelaretur,
557 2130 588 2151 ut
603 2133 652 2151 nec
669 2130 737 2151 terra
754 2125 859 2151 auderet
877 2134 906 2151 os
923 2133 999 2151 suum
1017 2125 1116 2159 aperire
1138 2125 1171 2150 ad
1192 2129 1309 2150 sanctum
1331 2132 1447 2150 cruorem
1472 2126 1659 2158 recipiendum,
1682 2126 1744 2158 quia

93 2166 274 2193 sceleratorum
300 2169 427 2202 sauguine
454 2170 537 2194 suerat
563 2169 664 2195 satiata.
706 2169 777 2194 Pessi
803 2173 864 2194 sunt
891 2172 977 2194 autem
1003 2168 1109 2201 gloriosi
1134 2171 1261 2200 martyres
1287 2167 1404 2192 Iulianus
1431 2171 1456 2193 et
1482 2176 1570 2193 omnes
1597 2168 1659 2193 socii
1686 2168 1742 2193 eius

93 2209 163 2234 vm.
181 2210 218 2235 Id.
237 2211 291 2236 Ian.
333 2212 448 2243 Quorum
471 2216 560 2238 sancta
581 2219 690 2246 corpora
711 2213 857 2238 auferentes
874 2212 1017 2238 sacerdotes
1034 2211 1191 2244 sepelierunt
1207 2211 1234 2235 in
1252 2214 1339 2235 sancta
1356 2214 1436 2236 matre
1455 2211 1579 2236 aecclesia
1599 2212 1648 2237 sub
1669 2220 1741 2237 sacro

92 2251 221 2279 velamine
237 2253 332 2280 altaris.
696 2268 700 2272 ·

195 2295 238 2321 64.
259 2297 333 2322 Unde
357 2297 454 2322 domini
478 2298 559 2331 pietas
580 2299 767 2324 indeficientem
790 2299 886 2324 fontem
909 2298 1009 2331 prodire
1032 2297 1119 2328 iussit,
1146 2297 1221 2321 cuius
1248 2295 1324 2321 undis
1348 2301 1541 2322 sacrosanctum
1565 2297 1742 2330 baptisterium

91 2338 239 2364 inundatur.
274 2339 305 2364 In
323 2348 374 2372 quo
391 2339 447 2365 loco
466 2344 536 2366 tanta
554 2341 641 2366 divina
664 2341 783 2367 benificia
807 2342 943 2366 affluenter
961 2340 1124 2365 credentibus
1142 2339 1303 2368 tribuuntur,
1329 2342 1371 2371 ut,
1395 2339 1416 2363 si
1434 2339 1493 2371 quis
1511 2339 1675 2370 †adveniens
1693 2340 1742 2365 fide

91 2384 119 2407 et
135 2381 285 2408 credulitate
302 2382 402 2415 plenus,
420 2383 505 2408 statim
522 2388 695 2417 consequatur
711 2384 872 2414 medicinam,
890 2391 1053 2417 quacumque
1072 2382 1149 2407 fuerit
1166 2381 1315 2407 infirmitate
1333 2390 1478 2415 oppressus.

195 2425 249 2450 Nec
266 2425 315 2450 hoe
331 2425 413 2452 silebo
430 2427 596 2458 miraculum,
623 2427 691 2460 quod
715 2427 751 2452 ibi
774 2427 893 2453 dominus
915 2427 947 2452 ad
969 2426 1083 2452 fidelium
1106 2425 1183 2450 fidem
1205 2424 1417 2449 corroborandam
1439 2424 1538 2457 operari
1556 2424 1676 2457 dig-natus
1694 2428 1741 2455 est,

93 2467 162 2500 quod
185 2475 267 2500 usque
288 2468 315 2494 in
340 2468 491 2494 hodiernum
512 2469 579 2495 diem
601 2469 690 2496 nullus
710 2470 826 2504 ambigit.
861 2471 956 2496 Decem
980 2469 1072 2502 leprosi
1094 2468 1144 2492 iam
1166 2467 1285 2492 decoctae
1305 2470 1332 2493 et
1349 2467 1466 2500 putridae
1483 2468 1567 2493 carnis
1584 2467 1656 2493 allati
1673 2471 1742 2498 sunt,

94 2514 124 2536 ut
141 2510 182 2536 die
199 2511 324 2545 passionis
342 2520 438 2544 eorum,
457 2512 506 2538 boc
522 2517 562 2539 est
579 2513 789 2547 Epiphaniorum,
807 2514 926 2547 baptismi
943 2513 1050 2546 gratiam
1068 2513 1292 2542 consequerentur.
1327 2510 1459 2544 Completo
1476 2511 1502 2535 in
1521 2511 1559 2536 eis
1575 2514 1742 2539 sacramento.

95 2553 157 2579 dum
178 2561 223 2579 eos
244 2553 271 2579 in
289 2554 392 2580 „banis
409 2554 563 2586 boiol-rent,
586 2557 647 2589 quia
669 2557 788 2582 manibus
811 2557 882 2590 tangi
903 2565 954 2581 nou
980 2558 1109 2588 poterant:
1134 2554 1169 2578 ita
1191 2554 1382 2586 unusquisque,
1405 2557 1435 2579 ut
1451 2554 1575 2579 intinctus
1593 2558 1643 2584 est,
1665 2553 1742 2579 talem

196 2665 247 2692 38¹1
266 2667 386 2700 prostatis
404 2675 471 2692 corr.
485 2666 516 2692 1²¹
619 2666 668 2693 411
689 2668 825 2694 choruscat
837 2667 867 2693 Ρ

200 2741 252 2768 384
270 2742 336 2768 Am.
355 2741 412 2775 ΙΙΙ,
425 2742 477 2770 508
493 2742 541 2770 Sol
559 2743 624 2770 ruit.
729 2743 780 2771 387
798 2751 818 2770 e.
834 2751 859 2777 9.
880 2743 941 2777 Req.
962 2743 984 2776 I,
999 2743 1041 2773 20,
1054 2742 1088 2768 28
1106 2741 1217 2776 rogavit
1234 2749 1278 2767 me
1301 2741 1411 2768 obnixe.
1448 2741 1501 2774 Csr.
1522 2741 1587 2774 prol.
1608 2749 1680 2774 pass.
1701 2741 1740 2766 14.

37 2802 39 2807 ·
93 2791 145 2820 395
157 2792 221 2820 Met.
239 2793 306 2827 VII,
316 2794 368 2821 338
379 2793 491 2821 haurite
503 2803 638 2822 cruorem.
736 2796 788 2823 396
799 2795 866 2822 Aen.
880 2795 919 2828 Π,
930 2795 980 2822 582
999 2793 1107 2820 sudarit
1119 2793 1256 2827 sanguine
1275 2792 1350 2820 litus.
1437 2793 1488 2822 398
1499 2800 1535 2826 sq.
1549 2792 1598 2825 cfr.
1611 2800 1633 2818 v.
1645 2794 1694 2819 283
1705 2799 1741 2830 sq.
