2060 3074
279 193 341 223 396

909 189 1109 216 BERTHARH
1130 188 1297 215 CARMINA

642 276 726 308 ·Non
752 276 859 307 carnis
885 286 1003 315 eseam,
1028 286 1091 307 non
1115 275 1197 306 sacri
1222 275 1344 306 ordinis
1367 285 1519 317 umquam

576 341 602 360 ⁹0
682 328 838 370 Excipias
864 331 1045 370 quaestum,
1071 327 1201 359 clerice:
1227 327 1336 358 salvus
1361 325 1447 358 eris?

644 380 780 411 Fraudis
805 380 930 411 amicus
954 379 1059 419 adest,
1083 379 1202 421 repetit
1225 389 1281 410 vas
1305 378 1451 420 perditus
1476 378 1562 411 olim.

685 432 731 463 Ut
754 432 836 463 vatis
860 434 992 463 sanctus
1016 431 1144 462 dixerat
1168 440 1223 461 ore
1246 430 1348 472 prius.

644 484 811 526 ‘Quaeque
836 484 897 526 piis
920 483 1087 515 monachis
1112 483 1261 524 congessi
1286 492 1421 514 munere
1446 481 1575 515 Christi.

691 536 816 568 Iudicio
841 536 961 567 domini
985 534 1113 577 perdita
1137 538 1253 566 cuneta
1276 537 1419 567 manent.

575 601 600 620 92⁷.
640 588 705 619 Vix
732 589 822 630 potui
846 588 998 631 precibus
1021 587 1186 619 dominum
1210 587 1341 629 pulsare
1365 587 1480 622 beatis.

685 640 729 671 Ut
753 641 878 672 animas
904 640 1039 671 fratrum
1064 639 1198 670 abderet
1220 639 1291 680 ipse
1315 637 1417 670 deus?

643 692 726 723 Nam
749 703 831 734 gens
856 691 1034 724 adveniens
1059 691 1241 723 Bardorum
1265 694 1413 732 tempore
1437 691 1552 722 noetis.

686 744 804 776 Omnia
828 747 996 776 vastantes
1021 747 1138 775 cuncta
1162 743 1267 775 tulere
1291 742 1395 774 simul.

642 797 778 828 Aeterni
803 797 892 838 regis
916 797 1031 828 salvati
1054 806 1188 827 munere
1213 795 1342 828 fratres.

569 861 604 879 ιου
685 847 836 880 Perstitit
859 848 976 880 illaesa
1000 847 1113 879 concio
1138 850 1250 879 sancta
1275 847 1379 878 simul.

642 900 710 932 Vas
734 901 878 932 retinens
904 911 1038 943 serpens
1062 900 1289 932 transmissum
1313 909 1447 931 munere
1471 899 1589 938 fratris,

685 953 870 992 Ammonet,
895 955 931 984 ut
955 953 1068 984 sollers
1093 963 1151 983 vas
1174 952 1315 983 retinere
1340 955 1446 993 queat.

641 1004 810 1047 *Mappula
833 1005 927 1037 testis
951 1004 1055 1041 adest,
1081 1004 1202 1036 retines
1227 1014 1323 1046 quam
1346 1006 1488 1045 pectore*
1512 1003 1625 1035 frater:

686 1056 813 1088 Cuncta
836 1057 950 1099 procul
974 1057 1090 1088 sistant
1113 1056 1223 1095 noxia,
1248 1066 1352 1093 cessa,
1375 1051 1488 1086 tibi.’'‘

566 1120 604 1138 105
643 1108 726 1140 ‘Non
751 1109 830 1140 mihi
854 1109 937 1140 clam
962 1109 1091 1142 sistunt,
1115 1108 1236 1139 retines
1261 1118 1345 1149 quae
1369 1110 1479 1138 mente
1503 1106 1642 1148 superba

685 1160 792 1192 Corda
817 1161 960 1202 maligna
983 1171 1117 1203 gerens:
1141 1160 1268 1191 concite
1292 1160 1371 1190 siste
1393 1158 1526 1200 procuL’

641 1211 811 1244 Fratribus
836 1224 876 1245 en
901 1213 1008 1244 nullus
1031 1212 1182 1244 consistit
1205 1212 1298 1254 panis
1323 1212 1355 1243 in
1379 1212 1495 1243 antris:

684 1264 765 1296 Cras
789 1265 910 1307 pietate
935 1264 988 1296 dei
1012 1265 1129 1296 horrea
1151 1264 1249 1306 plena
1273 1267 1414 1295 manent.

641 1316 743 1348 Sacra
766 1317 997 1348 monacharum
1022 1320 1176 1358 satagens
1200 1317 1275 1348 duni
1300 1315 1440 1348 condere
1464 1318 1567 1357 septa.

567 1382 605 1400 no
686 1369 750 1400 Per
773 1370 933 1401 somnium
958 1369 1083 1400 instans
1108 1368 1249 1400 condere
1273 1371 1432 1400 monstrat
1455 1378 1546 1410 opus.

641 1420 836 1453 Redduntur
858 1421 1003 1455 tumulis,
1029 1431 1158 1463 semper
1181 1431 1265 1462 quae
1289 1430 1379 1452 more
1405 1430 1533 1452 sorores

686 1472 722 1504 In
746 1473 885 1505 famulos
910 1473 1033 1505 Christi
1057 1473 1156 1505 noxia
1180 1473 1280 1504 verba
1304 1472 1436 1504 dabant.

640 1526 800 1557 Pal-vulus
824 1536 963 1568 namque
988 1536 1069 1567 puer
1091 1525 1168 1557 dum
1191 1528 1279 1557 tecta
1302 1525 1438 1567 requirit

683 1578 830 1609 Iniussus
854 1588 1005 1619 pergens,
1029 1578 1137 1619 lapsus
1161 1577 1201 1608 ad
1225 1577 1289 1609 ima
1313 1578 1386 1608 ruit.

566 1643 602 1661 115
641 1629 741 1661 Cuius
765 1640 830 1661 non
854 1630 960 1671 potuit
984 1640 1100 1671 corpus
1124 1629 1266 1661 retinere
1291 1630 1487 1671 sepulcrum.

682 1682 779 1713 Hunc
803 1681 924 1713 domini
949 1692 1064 1723 eorpus
1089 1685 1163 1724 post
1187 1682 1322 1713 sociavit
1344 1681 1452 1712 humo.

640 1734 705 1766 Ore
730 1737 846 1776 patens
870 1734 986 1775 anguis
1010 1733 1117 1765 medio
1142 1736 1207 1765 stat
1230 1733 1312 1765 calle
1335 1733 1507 1775 malignus,

681 1785 787 1822 Quem
812 1796 950 1817 cernens
974 1785 1076 1817 frater
1098 1785 1138 1816 ad
1161 1786 1213 1827 pia
1237 1788 1331 1827 septa
1353 1784 1450 1817 redit:

639 1838 681 1870 Et
705 1842 858 1880 repetens
883 1838 1003 1870 cursim
1027 1837 1199 1870 Benedicti
1224 1837 1265 1869 ad
1289 1837 1431 1869 culmina
1455 1836 1558 1869 sancti

566 1904 602 1922 1²0
682 1890 867 1922 Promeruit
891 1900 1021 1932 semper
1044 1890 1153 1922 vivere
1177 1893 1286 1921 mente
1310 1889 1381 1921 deo,

637 1943 793 1974 Rusticus
818 1953 895 1974 ecce
919 1942 1009 1974 venit
1033 1942 1155 1974 variato
1180 1953 1314 1984 corpore
1338 1944 1506 1984 perstans:

680 1994 853 2026 Abscessit
876 2000 988 2036 sospes
1012 1993 1222 2035 glorificando
1246 1993 1353 2025 deum.

636 2046 749 2078 Aurea
772 2045 859 2078 dona
882 2045 942 2077 tibi
966 2045 1144 2077 funduntur
1169 2045 1306 2077 caelitus
1331 2056 1418 2083 eece,

679 2098 724 2130 Ut
748 2098 869 2130 habeat
891 2109 1031 2140 poscens
1055 2108 1191 2130 munera
1215 2101 1327 2130 sancta
1350 2101 1415 2129 tua.

560 2163 597 2182 125
635 2150 704 2182 Vas
727 2150 867 2182 vitreum
890 2150 984 2181 iussit
1008 2150 1127 2182 montis
1150 2161 1209 2192 per
1232 2160 1375 2182 concava
1398 2149 1516 2192 mergi;

678 2202 746 2234 Vas
771 2202 921 2245 precibus
944 2202 1083 2244 implens
1106 2202 1193 2234 iutus
1217 2202 1258 2234 ab
1282 2202 1373 2234 ethre
1397 2205 1500 2245 pater.

635 2254 718 2290 ‘Quo
743 2265 898 2297 properas
923 2254 1042 2286 cursim
1066 2254 1264 2286 medicorum
1287 2264 1387 2294 more,
1412 2253 1577 2286 satelles?5

678 2306 887 2338 ‘Pestiferum
911 2306 1049 2338 mixtum
1073 2306 1227 2338 fratribus
1251 2305 1334 2338 addo
1357 2305 1445 2338 tuis)

633 2358 788 2390 Rusticus
813 2369 890 2390 ecce
914 2358 1004 2390 venit
1028 2359 1223 2390 constrictus
1246 2358 1374 2390 vinculo
1397 2358 1527 2390 Zallae:

558 2423 595 2442 ιω
676 2410 800 2442 Intuitu
824 2414 938 2442 sancto
962 2413 1028 2442 stat
1051 2411 1213 2442 resolutus
1235 2410 1344 2443 homo.

634 2462 782 2494 Dextera
806 2465 920 2494 saneta
943 2473 1056 2495 senem
1079 2463 1267 2505 perculsum
1290 2462 1459 2495 daemonis
1482 2463 1557 2499 ictu,

678 2513 825 2546 Salvavit
847 2514 981 2547 fratrem
1006 2525 1082 2546 mox
1104 2514 1229 2557 pietate
1253 2514 1316 2547 dei.

370 2669 403 2695 89
426 2669 487 2703 non]
514 2671 557 2696 sed
581 2680 627 2696 nec
653 2672 679 2696 K
788 2672 818 2697 91
845 2681 890 2698 vas
914 2671 1037 2706 perditus]
1062 2681 1139 2705 quem
1162 2673 1273 2706 liquerat
1299 2673 1329 2698 K
1439 2672 1473 2698 92
1495 2678 1568 2699 vates
1590 2673 1620 2698 K

269 2712 326 2746 piis]
354 2714 439 2738 onmia
464 2720 515 2750 que
535 2714 564 2738 K
666 2713 698 2740 9⁴3
724 2714 832 2748 animas]
857 2716 919 2741 deus
938 2715 986 2747 (an
1008 2717 1126 2742 dominus
1151 2716 1174 2749 1²)
1193 2716 1223 2741 K
1272 2714 1344 2749 deus]
1369 2717 1467 2742 animas
1487 2717 1515 2741 K
1624 2715 1673 2742 106
1697 2718 1812 2743 concitus
1836 2719 1871 2744 ito
1889 2718 1920 2743 K

271 2755 319 2781 109
347 2757 494 2781 monasterii
517 2756 545 2780 K

613 2757 672 2782 dum
697 2757 816 2790 condere]
840 2759 974 2792 disponere
998 2759 1027 2784 K
1148 2758 1198 2784 110
1226 2760 1328 2785 Instans
1351 2767 1397 2792 per
1424 2768 1542 2785 somnum
1567 2759 1597 2784 K

1711 1123 1730 1137 (⁸.

1710 1226 1729 1242 (3.

1709 1330 1728 1346 c.

1709 1434 1728 1450 0.

1709 1537 1727 1552 C.

1707 1746 1727 1762 c·

1724 298 1729 304 .
1747 287 1770 305 1¹⁷»

1725 492 1769 511 ,Π

1744 1119 1770 1139 20

1744 1223 1767 1243 21

1743 1328 1769 1347 22

1743 1431 1767 1450 23

1742 1533 1768 1553 24

1741 1743 1766 1762 25

1708 1955 1727 1972 e.
1742 1953 1767 1972 26

1707 2060 1726 2077 C.

1705 2163 1717 2177 0

1706 2215 1724 2231 0.

1741 2057 1765 2076 2¹1

1720 2160 1764 2180 ,28

1738 2212 1764 2232 29

1701 2267 1720 2282 c.
1736 2264 1762 2283 30

1704 2370 1723 2385 C.

1738 2366 1760 2386 31

1729 2673 1763 2700 93
1785 2675 1844 2711 Que
1866 2683 1917 2707 quo

1717 2760 1765 2785 111
1793 2769 1844 2794 que
1869 2761 1919 2786 GK

268 2798 319 2824 113
345 2800 431 2824 Patria
459 2808 570 2831 namque
595 2800 622 2823 K
691 2802 796 2833 requirit
823 2802 915 2827 anhele
940 2802 970 2827 K
1090 2801 1139 2828 116
1166 2811 1201 2827 αἰ
1227 2801 1363 2836 *composi
1495 2802 1543 2827 129
1572 2803 1674 2828 vinculo
1703 2802 1780 2840 zallgl
1810 2804 1915 2829 brachia

268 2842 328 2866 loris
348 2842 376 2866 K

1912 2863 1933 2894 ,ἦ
