2060 3074
465 452 502 471 ³85

293 640 440 678 AGIUS.

466 710 504 729 :1⁹0

466 969 503 989 ³⁹5

467 1228 506 1246 400

467 1745 506 1765 410

469 2003 507 2022 415

469 2261 508 2280 ⁴20

471 2519 509 2539 ⁴25

756 145 953 174 EPICEDIUM
973 148 1237 176 HATHUMODAE.

540 234 608 265 Aut
630 233 832 266 errabundas
855 234 906 266 lac
929 239 1123 277 quaerentes
1147 237 1288 269 alienum

581 284 746 317 Dentibus
769 286 874 317 insani
897 297 1015 329 nempe
1039 291 1152 330 patere
1177 289 1258 331 lupi;

540 334 631 368 Sicut
654 337 740 368 enim
764 337 925 380 scriptura
948 339 1065 370 refert:
1091 339 1236 372 ‘Pastore
1259 344 1430 383 perempto

581 388 707 420 Passim
730 388 899 431 dispersae
923 389 1119 432 diripiuntur
1141 391 1241 424 oves’.

540 439 635 476 Quod
659 440 700 471 de
724 439 890 483 discipulis
915 441 1037 473 domini
1062 441 1182 474 dictum
1206 454 1265 475 seu
1288 444 1408 476 factum

584 490 653 523 Scit
675 491 770 525 bene.
795 493 849 534 qui
873 496 1020 525 sanctum
1044 494 1132 526 novit
1155 496 1373 537 evangelium.

540 542 691 584 Denique
715 553 799 585 quae
823 544 950 575 miseris
974 545 1087 576 ovibus
1112 556 1186 588 spes
1210 557 1284 578 esse
1307 547 1440 587 valebit,

585 594 619 626 Si
642 598 719 627 tunc
742 595 804 627 hoc
827 597 928 627 tantis
952 597 1134 639 contigerat
1157 598 1313 630 ducibus?

543 645 617 678 Hoc
640 647 780 689 primum
805 658 863 679 vos
887 658 984 679 nosse
1008 649 1096 680 volo:
1121 649 1285 691 geminum
1308 651 1377 682 fore
1400 650 1494 681 nobis

583 697 776 730 Nostrorum
800 699 953 731 affectum
977 700 1114 731 caelitus
1138 701 1328 742 ingenitum.

541 749 689 782 Carneus
713 754 765 782 est
787 761 880 790 unus,
904 751 988 783 alter
1011 751 1138 783 divinus
1162 752 1318 786 habetur:

585 801 677 834 Unus
701 802 862 842 caelestis,
885 809 1012 836 terreus
1036 807 1087 836 est
1109 804 1202 837 alius.

541 853 608 886 Sed
631 854 770 886 carnalis
794 865 884 886 amor
906 865 999 886 caros
1023 866 1082 887 nos
1105 856 1260 898 plangere
1284 860 1421 890 nostros.

583 905 764 938 Defunctos
787 906 866 939 flere
889 917 949 938 nos
972 907 1050 939 facit
1074 911 1107 939 et
1129 918 1270 950 gemere,

542 956 634 989 Sicut
657 961 691 990 et
707 953 846 990 *econtra
869 958 996 990 divinus
1020 969 1118 991 ovare
1142 959 1267 997 suadet,

585 1008 667 1041 Cum
689 1009 741 1041 his
765 1009 930 1042 salvandis
954 1021 1014 1042 nos
1038 1021 1148 1042 sumus
1171 1011 1305 1043 indubii.

542 1059 750 1104 Quapropter
771 1061 867 1093 modo
891 1072 946 1094 vos
971 1063 1152 1104 iterumque
1176 1063 1358 1106 iterumque
1383 1064 1532 1096 monebo.

585 1111 630 1144 Ut
652 1112 822 1145 dimittatis
846 1113 904 1146 has
928 1114 1044 1146 nimias
1068 1114 1228 1146 lacrimas.

543 1163 634 1196 Sicut
656 1165 743 1197 enim
767 1165 905 1197 carnalis
929 1176 1020 1197 amor
1043 1169 1154 1208 gratus
1178 1165 1377 1206 moderatus,

587 1215 640 1248 Sic
663 1217 720 1249 fiet
743 1227 877 1256 nocuus,
902 1218 930 1249 si
953 1218 1052 1250 fuerit
1075 1218 1200 1250 nimius.

543 1267 654 1304 Quare
678 1268 705 1300 si
728 1269 839 1301 fletum
864 1269 956 1301 vobis
979 1269 1030 1300 hic
1054 1269 1138 1301 forte
1163 1269 1290 1308 suadet,

586 1319 655 1351 Vos
678 1320 779 1353 faciat
802 1321 905 1353 laetas
930 1321 1108 1363 tripudiare
1131 1321 1223 1354 fides.

543 1371 626 1404 Nam
650 1372 757 1415 pietas
782 1373 863 1405 haec
886 1373 1039 1416 impietas
1064 1374 1167 1416 magis
1192 1383 1265 1405 esse
1290 1373 1455 1416 probatur.

585 1422 724 1460 Quando
748 1423 887 1457 adversa
910 1425 964 1467 pio
987 1424 1152 1467 diligimus
1177 1425 1316 1457 domino.

544 1475 610 1508 Sed
633 1476 708 1518 quia
731 1476 866 1508 lenitum
891 1477 955 1508 iam
980 1476 1144 1508 credimus
1169 1487 1243 1509 esse
1267 1476 1423 1515 dolorem,

586 1527 757 1560 Credimus
781 1528 831 1560 his
856 1532 997 1560 vestrum
1022 1528 1198 1560 cohibitum
1221 1529 1389 1571 gemitum,

546 1577 610 1615 Qui
633 1579 674 1612 de
697 1583 802 1612 morte
826 1580 900 1623 piae
924 1584 1055 1612 vestrae
1079 1584 1279 1623 sanctaeque
1303 1580 1423 1612 sororis

587 1630 775 1674 Torquebat
798 1635 941 1664 vestrum
966 1627 1158 1663 omnimodis
1181 1632 1341 1664 animum:

545 1681 597 1714 Ad
620 1682 712 1722 haec,
735 1693 818 1726 quae
843 1687 977 1721 restant,
1000 1684 1063 1715 iam
1088 1683 1287 1726 respondere
1312 1683 1460 1717 studebo-

585 1733 681 1770 Quod
703 1738 814 1767 tamen
838 1739 889 1767 est
912 1738 1001 1767 certe
1024 1739 1074 1767 sat
1097 1735 1176 1767 mihi
1199 1735 1343 1768 difficile.

545 1784 655 1817 Iustus
677 1786 763 1818 enim
789 1787 867 1818 satis
890 1787 952 1818 iste
976 1786 1067 1818 dolor
1089 1787 1279 1829 cuicumque
1303 1786 1441 1825 videtur,

587 1835 660 1872 Quo
683 1847 741 1879 pro
764 1848 800 1869 se
824 1842 959 1877 maeret,
983 1849 1047 1880 quo
1071 1838 1133 1870 sibi
1155 1839 1289 1880 quisque
1313 1838 1410 1870 dolet.

545 1887 588 1919 Et
611 1898 691 1920 sane
714 1899 844 1932 possem
868 1890 964 1922 modo
987 1889 1108 1924 dicere.
1133 1889 1218 1932 quod
1241 1890 1425 1933 sapientum

587 1939 680 1972 Haec
704 1940 784 1972 satis
808 1945 857 1972 est
881 1951 959 1972 vera
984 1944 1017 1972 et
1039 1941 1092 1983 pia
1117 1940 1261 1972 traditio:

545 1990 676 2024 Fortem
700 2002 861 2034 quemque
884 1993 986 2024 virum
1010 1993 1144 2034 quaevis
1169 1991 1374 2024 incommoda
1398 1991 1507 2023 mundi

589 2042 680 2075 Forti
704 2044 848 2086 perferre
872 2047 1003 2086 pectore
1027 2046 1224 2086 competere.

545 2093 608 2126 Ast
630 2094 691 2127 hoc
714 2095 855 2127 femellis
879 2095 999 2126 teneris
1023 2105 1123 2136 grave
1147 2095 1230 2127 forte
1254 2094 1390 2133 videtur⁷

586 2145 656 2178 Nec
680 2145 759 2178 haec
783 2157 836 2178 res
861 2146 953 2178 vobis
977 2149 1027 2177 est
1050 2145 1133 2178 adeo
1157 2146 1274 2178 facilis.

546 2197 611 2230 Sed
634 2198 711 2240 quid
735 2209 828 2240 agam
839 2203 852 2229 ζ’
877 2209 917 2230 an
942 2202 1142 2240 postremum
1166 2198 1250 2229 inter
1273 2198 1391 2230 solatia
1413 2197 1528 2236 dicam,

588 2249 771 2290 Quodhiam
795 2251 897 2282 ferme
921 2260 1033 2282 omnes
1057 2249 1167 2282 dicere
1192 2260 1292 2292 saepe
1315 2250 1435 2282 solent:

546 2300 642 2338 Quod
664 2301 797 2334 minime
821 2302 950 2344 penitus
975 2312 1032 2333 nos
1056 2301 1231 2333 emendare
1256 2301 1410 2341 valemus,

589 2352 675 2384 Illud
699 2352 821 2385 debere
844 2363 903 2384 nos
927 2353 1064 2385 tolerare
1088 2353 1196 2385 bene?

547 2403 622 2436 Non
644 2404 742 2447 igitur
764 2405 835 2436 volo
858 2404 930 2439 hoc.
954 2414 1017 2436 non
1041 2404 1102 2436 hoc
1127 2404 1199 2436 volo
1224 2403 1331 2436 dicere
1354 2403 1455 2441 vobis,

589 2455 655 2487 Sed
677 2455 763 2498 quod
788 2456 884 2488 solari
908 2466 966 2487 vos
989 2456 1099 2488 valeat
1122 2456 1251 2488 merito:

547 2507 620 2539 Non
643 2507 712 2539 fore
737 2518 794 2539 vos
818 2508 993 2540 desolatas.
1018 2518 1080 2539 non
1102 2518 1158 2539 vos
1181 2507 1329 2539 viduatas

590 2559 701 2592 Affore
725 2570 810 2590 nunc
833 2563 936 2591 matre
960 2570 1090 2602 prorsus
1114 2559 1299 2591 honorifica.

284 2661 335 2688 401
354 2663 402 2689 hoc
419 2662 444 2688 B
461 2671 528 2689 corr.
548 2660 662 2689 Harster

284 2739 336 2766 383
359 2747 396 2773 aq.
423 2738 521 2767 matth.
545 2740 587 2773 26,
605 2740 654 2772 31,·
679 2739 763 2766 Marc.
790 2739 829 2770 14.
850 2739 892 2766 27.

183 2790 235 2816 415
252 2798 288 2824 aq.
309 2790 376 2818 Hor.
394 2791 421 2818 S.
440 2791 480 2824 H,
492 2791 517 2825 2,
531 2791 581 2819 136
600 2791 750 2825 Fortiaque
767 2792 889 2820 adversis
909 2790 1045 2827 opponite
1064 2792 1178 2824 pectora.
1196 2790 1277 2818 rebus
1282 2798 1292 2823 ‚¹
1311 2791 1378 2818 Aen.
1398 2791 1419 2817 Ι
1421 2791 1450 2824 V,
1463 2792 1504 2818 11.

1758 153 1818 184 381

1030 2738 1081 2765 397
1104 2738 1171 2765 Aen.
1195 2738 1250 2771 III,
1270 2739 1321 2765 436
1343 2738 1499 2773 iterumque
1524 2739 1679 2773 iterumque
1702 2738 1828 2766 monebo.
