2040 2996
205 139 244 170 80
781 136 945 163 AUDRADI
962 134 1089 162 MODICI
1108 133 1284 161 OARMINA.

571 224 667 256 Unde
690 224 762 255 fluit
784 226 888 255 totum
911 223 1005 254 morti
1032 221 1242 262 tenebrisque
1266 222 1423 262 pererrat.

571 277 678 315 Illum,
703 276 757 318 qui
780 276 855 314 feci,
878 285 1036 317 praesens
1060 283 1145 304 nunc
1169 273 1240 315 ipse
1263 272 1409 313 requiro:

474 335 512 354 2⁵⁰
570 328 665 370 Elige
687 338 827 369 namque
853 326 1015 358 hominem
1040 325 1178 356 moriens
1203 323 1372 355 absolvere
1394 323 1490 354 loeto.

570 380 720 422 Namque
743 390 803 422 per
827 389 999 411 excessum
1024 378 1124 409 vitam
1147 387 1206 420 pro
1230 380 1335 408 morte
1360 376 1498 419 reliquid

570 432 699 474 Proque
724 432 790 463 suis
815 431 939 463 meritis
962 429 1105 472 paradisi
1129 429 1268 472 perdidit
1292 429 1418 465 aulam;

572 483 765 525 Cognitione
789 483 842 514 dei
866 493 989 514 vacuus
1014 481 1211 513 simulachra
1235 480 1380 522 deosque

571 535 727 576 Effigiare
751 535 812 566 sibi
837 534 959 566 studuit
983 533 1197 575 dominosque
1222 532 1364 575 precari:

475 593 512 612 2⁵⁵
570 586 669 618 Hunc
693 597 755 628 ego
779 586 910 617 decrevi
934 586 993 617 soli
1017 584 1095 616 mihi
1119 584 1261 616 subdere
1286 584 1381 616 colla.

572 638 657 674 Quid
681 638 778 669 facit?
802 637 844 669 ah
867 655 908 660 —
931 637 1010 668 suris
1035 636 1160 678 rapitur
1183 635 1341 678 deceptus
1366 646 1476 666 amore

571 690 680 732 thue
704 689 801 721 deum
825 691 999 720 veneratur
1021 699 1105 726 eum,
1130 687 1182 719 cui
1206 688 1348 719 claustra
1372 687 1554 729 gehennae,

573 742 701 773 Inferus
726 744 759 773 et
781 742 929 773 flammae
953 740 1166 782 tenebrisque
1190 739 1333 771 obducta
1356 749 1477 781 vorago

573 793 655 825 Atra
677 796 789 825 manet
812 793 909 825 sedes
933 791 1132 834 spirantibus
1155 791 1299 833 undique
1323 791 1472 822 flammis.

477 853 515 872 2⁷6⁰
574 846 601 877 O
625 845 753 877 factura
777 845 850 884 mei,
874 844 960 876 tristi
984 844 1044 875 sub
1069 847 1156 875 sorte
1179 843 1324 878 laboras;

574 897 679 933 Quam
701 897 764 928 feci
787 897 937 928 manibus
962 896 1079 927 faciem
1102 896 1233 937 vitaque
1258 895 1391 937 replevi,

574 949 627 980 Ad
650 960 702 981 me
725 949 895 980 deflectas:
921 959 1007 985 nam,
1031 948 1085 990 qui
1109 957 1201 985 voco,
1226 957 1360 989 corpore
1383 950 1512 989 sumpto

574 1001 621 1033 Te
644 1012 796 1033 revocare
818 1001 932 1032 volens
956 1000 1032 1032 veni
1055 1000 1230 1031 moriturus
1254 999 1287 1030 in
1311 998 1456 1031 orbem’'.

575 1053 718 1095 Signifer
742 1053 797 1084 ille
821 1052 952 1094 quidem
975 1052 1053 1083 loeti
1077 1051 1254 1093 mortisque
1277 1053 1425 1093 repertor

479 1112 516 1131 2¹6⁵
575 1104 710 1136 Talibus
734 1103 854 1135 auditis
878 1104 971 1135 furiis
996 1114 1155 1135 accensus
1180 1106 1214 1134 et
1236 1103 1284 1133 ira

575 1156 712 1187 Artibus
736 1156 872 1187 insultat
894 1155 980 1186 fidis:
1006 1154 1086 1186 “Sat
1109 1153 1336 1196 possumus?‚”
1361 1154 1466 1195 inquit

576 1208 680 1239 “Cum
703 1211 808 1239 mater
831 1207 998 1238 hominum
1021 1209 1133 1238 nostro
1157 1206 1228 1238 sine
1252 1206 1383 1238 numine
1406 1209 1533 1238 tantum

575 1259 723 1291 Ediderit
745 1259 840 1291 terris
862 1258 987 1301 culpati
1009 1259 1122 1290 nescia
1145 1261 1269 1301 partus,

576 1311 734 1342 Conditor
756 1311 811 1342 ille
836 1314 963 1353 potem,
988 1310 1071 1342 caeli
1095 1310 1149 1352 qui
1171 1309 1319 1353 possidet
1342 1320 1461 1349 arcem,

480 1370 518 1389 ατο
575 1364 613 1394 In
638 1363 732 1395 terris
757 1363 919 1394 hominem
942 1363 1083 1404 primum
1108 1373 1205 1404 quem
1229 1362 1317 1402 fecit,
1341 1361 1428 1393 adivi

575 1415 756 1456 Deieoique
780 1415 858 1454 suis,
883 1414 1030 1445 clausum
1054 1414 1125 1456 quis
1150 1417 1309 1456 sepserat,
1333 1413 1429 1453 aulis,

575 1466 618 1498 Et
643 1466 720 1497 mihi
745 1466 869 1498 subieci
893 1469 925 1497 et
948 1469 1043 1497 natos
1068 1466 1253 1508 vulgusque
1275 1468 1442 1507 nepotum,

576 1518 716 1560 Insuper
740 1521 773 1549 et
795 1518 928 1560 proprio
952 1518 1114 1560 complevi
1140 1517 1293 1559 dogmate
1319 1517 1490 1555 mundum;

577 1570 631 1602 Me
657 1571 725 1601 sine
749 1580 809 1601 nec
833 1570 958 1612 prolem
981 1573 1102 1601 matres
1125 1580 1271 1611 genuere
1295 1569 1430 1610 maritis,

482 1629 519 1648 2¹⁷⁵
577 1622 630 1654 Ex
653 1633 716 1664 quo
739 1626 852 1653 nostra
876 1622 989 1653 volens
1012 1621 1120 1653 Adam
1143 1625 1322 1664 praecepta
1346 1624 1479 1654 secutus

579 1674 687 1716 Seque
712 1684 854 1715 suosque
879 1673 969 1705 dedit
992 1673 1084 1705 nobis
1109 1673 1232 1705 servire
1256 1675 1411 1715 parentes
1436 1692 1477 1696 —

578 1725 724 1767 Legibus
748 1725 800 1756 hic
823 1725 939 1764 donce,
963 1728 1059 1767 pacto
1085 1735 1148 1767 quo
1172 1725 1294 1763 nescio,
1318 1725 1432 1756 fractis

578 1777 702 1809 Tantus
725 1777 758 1808 in
783 1777 861 1808 orbe
885 1787 966 1819 puer
989 1777 1109 1808 nullius
1134 1776 1278 1808 criminis
1302 1776 1399 1808 heres

579 1830 684 1861 Intrat
708 1832 740 1860 et
764 1829 916 1870 antiquas
939 1829 1120 1870 praesumit
1142 1828 1295 1869 frangere
1320 1828 1421 1870 leges,

483 1888 521 1907 280
578 1881 665 1912 Dum
689 1880 768 1912 mihi
791 1883 990 1922 prostratum
1015 1879 1144 1922 quaerit
1168 1879 1230 1911 sibi
1257 1890 1392 1921 surgere
1415 1879 1583 1912 mundum.

578 1934 676 1965 Hunc
701 1943 761 1974 ego
786 1936 835 1964 ter
859 1935 1024 1974 temptans
1050 1932 1215 1963 hominem
1241 1942 1442 1973 cognoscere
1466 1943 1583 1974 purum

580 1986 661 2016 Arte
686 1994 758 2015 mea
781 1984 887 2015 volui:
912 1984 988 2015 hem
1015 2001 1052 2006 -—
1077 1984 1191 2026 pulsus
1215 1983 1400 2025 dubiusque
1424 1984 1552 2016 recessi.

580 2036 668 2078 Ergo
693 2036 789 2068 decet
812 2036 934 2067 maiora
956 2035 1060 2067 virum
1086 2035 1205 2067 sentire
1230 2035 1368 2077 pericla:

582 2088 680 2127 Mors,
705 2087 783 2118 mihi
806 2090 838 2119 te
863 2087 985 2119 sociam
1009 2087 1106 2118 solito
1130 2097 1203 2118 cum
1228 2086 1361 2118 foedere
1384 2087 1527 2129 iungam.

486 2148 523 2166 2⁸⁵
582 2140 646 2177 Qui
670 2139 731 2170 nisi
754 2142 941 2181 cognoscat,
966 2149 1095 2182 semper
1118 2138 1195 2181 quid
1217 2139 1321 2181 possit
1344 2139 1458 2178 amica,

583 2192 666 2223 Esse
690 2194 813 2234 potest:
837 2194 941 2222 totum
964 2194 1098 2223 revocet
1120 2201 1179 2233 per
1202 2190 1346 2222 earmina
1369 2190 1558 2224 mundum''.

582 2243 670 2275 Mors
694 2242 784 2275 dedit
806 2246 941 2274 econtra
964 2243 1047 2275 tales
1071 2243 1111 2285 de
1134 2245 1269 2285 pectore
1292 2253 1405 2274 voces:

320 2374 371 2400 248
390 2375 438 2399 fuit
460 2375 481 2399 0
566 2372 617 2399 249
636 2374 684 2398 feci
702 2374 752 2398 iam
771 2382 808 2406 pr.
827 2374 843 2398 i.
863 2382 883 2398 r.
906 2374 927 2398 ί)
1013 2372 1064 2398 256
1083 2373 1116 2398 ab
1139 2373 1160 2397 0
1191 2392 1194 2394 -
1281 2372 1333 2398 260
1350 2374 1469 2399 laborans
1491 2376 1512 2398 0
1598 2373 1648 2399 261
1668 2376 1749 2406 Quem
1769 2384 1836 2400 corr.
1850 2374 1875 2399 B

217 2418 269 2443 262
286 2423 379 2450 sumpt.
394 2417 417 2441 R
497 2416 549 2442 266
566 2417 698 2442 insimulat
713 2416 734 2441 0
814 2415 866 2441 268
884 2417 962 2449 partis
975 2416 1000 2441 R
1081 2415 1131 2440 271
1150 2416 1297 2448 Disiecique
1313 2416 1335 2441 Ο
1349 2425 1417 2441 corr.
1431 2416 1463 2448 R,
1481 2425 1558 2449 quein
1574 2417 1596 2442 Ο
1683 2417 1735 2443 276
1753 2419 1837 2451 Seque
1849 2417 1875 2450 ΙΙΙ

218 2469 279 2486 suos
299 2461 322 2485 d.
341 2460 365 2484 R
452 2459 502 2485 277
522 2460 608 2485 nescia
629 2460 650 2484 O
735 2459 787 2485 282
806 2460 858 2485 heu
879 2460 900 2484 0

322 2528 372 2553 251
392 2527 438 2559 cfr.
458 2528 516 2554 186.
608 2528 660 2554 253
677 2535 714 2560 sq.
732 2527 780 2560 cfr.
798 2527 858 2554 220.
950 2527 1001 2553 ‘256
1019 2526 1079 2553 Ecl.
1098 2526 1177 2559 VIII,
1199 2526 1232 2553 18
1250 2526 1383 2561 deeeptus
1402 2536 1503 2555 amore.
1595 2528 1647 2555 257
1667 2527 1754 2555 δαῖτα.
1774 2528 1804 2562 V,
1823 2528 1876 2555 230

220 2581 341 2607 claustra
353 2580 505 2614 gehennae.
593 2581 644 2606 260
661 2580 707 2612 cfr.
725 2580 781 2606 192.
871 2581 920 2607 261
941 2580 990 2611 cfr.
1005 2579 1062 2606 166.
1149 2579 1199 2605 264
1218 2578 1264 2610 cfr.
1279 2579 1345 2604 Aen.
1360 2578 1430 2612 XII,
1445 2579 1504 2605 819.
1590 2580 1642 2606 265
1660 2579 1727 2606 Am.
1743 2579 1812 2614 XII,
1824 2580 1876 2607 946

220 2632 300 2659 furiis
318 2640 447 2658 accensus
467 2633 495 2657 et
514 2631 563 2657 ira.
667 2632 718 2658 266
736 2632 805 2658 Am't.
819 2632 860 2666 II,
874 2633 922 2659 411
944 2631 1040 2658 Acrior
1058 2630 1177 2657 insultat
1196 2630 1278 2656 victis
1297 2630 1355 2662 (cfr.
1374 2638 1457 2664 supra
1475 2630 1511 2656 ad
1529 2639 1550 2656 v.
1563 2631 1634 2663 218).
1738 2631 1788 2658 267
1806 2631 1874 2658 Aen.

222 2685 244 2717 I,
265 2685 314 2710 133
336 2691 398 2710 meo
423 2683 483 2709 sine
507 2683 630 2710 numine.
733 2684 785 2710 270
802 2684 851 2716 cfr.
875 2683 964 2710 Sedul.
987 2683 1026 2716 IL
1047 2683 1096 2709 177
1121 2682 1234 2708 Insidiis
1259 2683 1415 2716 temptator
1438 2682 1507 2709 adit.
1611 2683 1663 2709 275
1689 2683 1734 2709 Ge.
1753 2682 1806 2716 IV,
1824 2683 1876 2710 448

221 2736 302 2762 deum
325 2736 475 2770 praecepta
499 2735 599 2766 secuti,
627 2735 700 2762 unde
722 2735 828 2769 saepius
851 2735 926 2769 apud
944 2737 1036 2769 poetas
1062 2734 1236 2761 Ohsristwms.
1342 2734 1393 2760 276
1417 2735 1547 2768 parentes
1569 2734 1587 2761 i.
1606 2742 1625 2761 e.
1644 2733 1876 2770 consanguineos.

221 2788 271 2814 287
291 2788 359 2814 Aen.
380 2787 433 2820 XI,
452 2788 503 2814 840
521 2787 655 2822 deditque
674 2787 724 2814 has
742 2787 799 2814 imo
819 2788 931 2822 pectore
950 2795 1039 2819 voces,
