2060 3074
730 171 821 198 VITA
839 171 866 198 S.
879 172 1032 199 AMANDI.
1064 172 1172 200 LIBER
1193 173 1241 201 111.
1747 177 1807 207 597

523 257 665 290 Proterit
686 259 819 291 inclinat
840 259 945 302 rigida
967 260 1092 292 cervice
1116 260 1255 292 rebelles

522 310 712 352 Evertitque
736 310 864 342 domos:
887 321 995 342 mores
1018 311 1173 343 cecidisse
1196 313 1287 344 ruina

525 361 678 393 Testatur
699 362 806 394 souitu
827 362 942 394 labens
965 365 999 394 et
1021 363 1166 406 pondere
1189 364 1314 406 grandi,

523 414 572 445 Ac
595 413 744 445 viduatus
767 425 847 456 ager
869 417 982 457 segete
1007 418 1041 447 et
1062 415 1200 448 nudatus
1226 417 1324 448 arista

440 477 478 496 aas
522 465 583 496 His
606 466 755 497 meritum
779 466 891 507 spinae
914 467 1086 508 pungentis
1109 467 1216 499 reddit
1235 478 1372 500 acumen

523 517 604 548 Cum
626 517 765 548 tribulis:
789 517 932 549 referunt
955 519 1148 550 commercia
1170 519 1249 551 talia
1271 523 1388 561 terrae,

523 569 615 606 Quae
639 571 729 600 tanto
754 569 878 600 cultore
902 573 1022 610 carent,
1046 580 1106 602 nec
1129 572 1269 603 vescitur
1290 572 1353 603 illis

521 621 641 660 Incola,
666 621 750 652 ferre
773 620 880 652 cibum
904 622 980 663 quia
1002 622 1118 653 mentis
1141 623 1173 654 in
1197 623 1297 655 ubere
1321 624 1462 666 tempsit.

565 681 655 712 XIV.
679 681 729 712 Tu
752 691 892 723 quoque,
915 681 1019 724 plebs,
1042 682 1143 714 libeat
1165 683 1191 714 si
1214 684 1330 715 cursim
1354 686 1487 725 tangere
1510 683 1625 726 prisca,

439 745 478 765 ³⁹0
521 733 670 775 Antiquis
694 732 819 764 damnis
841 734 986 775 praelata
1008 734 1091 765 haec
1113 734 1246 766 vulnera
1269 735 1383 766 sentis:

523 785 680 817 Cladibus
703 785 855 817 inmensis
877 796 942 816 non
966 785 1097 817 obstant
1119 787 1248 818 moenia
1271 787 1373 827 firma,

522 837 589 869 Sed
611 840 797 869 sternuntur
819 837 907 868 humi
931 848 990 869 ceu
1013 838 1117 880 pulvis
1139 838 1268 870 flamine
1292 839 1380 870 venti

520 889 763 931 Labunturque,
788 887 841 920 dei
864 899 947 931 quae
971 900 1035 920 non
1058 889 1206 921 custodia
1228 890 1327 921 fulcit.

521 940 591 973 Nec
614 940 740 981 mirum,
764 951 924 984 compago
948 945 1021 973 ruat
1043 942 1069 973 si
1092 941 1232 973 turribus
1256 942 1330 974 altis

440 1005 478 1024 ³2⁵
521 992 680 1024 Funditus
703 993 825 1031 evulsa,
849 993 973 1025 stabilis
997 1003 1093 1035 quam
1118 993 1232 1036 linquit
1256 993 1434 1033 Amandus,

521 1044 688 1076 Ecclesiae
712 1047 841 1076 nostrae
865 1044 1022 1086 defensio,
1046 1045 1134 1077 celsa
1157 1045 1315 1085 columna,

521 1095 692 1128 Tabiferos
715 1098 827 1128 contra
849 1096 995 1128 fremitus
1017 1097 1176 1138 protectio
1200 1099 1356 1139 perstans.

521 1147 594 1185 Quo
617 1148 740 1180 offenso
764 1147 823 1180 tibi
845 1158 942 1188 mors,
964 1147 1058 1180 nobis
1080 1148 1216 1180 salvatio
1239 1149 1337 1188 venit,

521 1199 669 1232 Servatio
692 1203 821 1232 servata
844 1203 910 1240 tuo,
935 1199 1011 1231 dum
1034 1200 1173 1236 viveret;
1197 1199 1283 1239 inde,

437 1265 477 1284 wo
518 1251 646 1284 Flebile
669 1262 711 1284 ne
734 1251 830 1283 funus
853 1262 912 1284 seu
934 1254 1096 1284 maestum
1119 1251 1216 1284 corde
1241 1251 1387 1284 dolorem

521 1303 673 1336 Sumeret
695 1307 859 1336 extremas
882 1303 916 1335 in
939 1306 972 1335 te
996 1303 1158 1335 cernendo
1181 1303 1317 1342 favillas,

521 1356 661 1388 Transiit
683 1355 726 1387 ad
748 1355 913 1387 dominum
934 1354 1055 1387 nudam
1077 1358 1110 1387 te
1133 1355 1167 1387 in
1189 1358 1294 1387 morte
1318 1356 1512 1398 relinquens.

522 1407 586 1444 Qui
608 1407 667 1439 tibi
689 1410 763 1450 post
784 1410 929 1439 nostrum
951 1407 1124 1439 miseratus
1147 1407 1234 1438 misit
1256 1406 1442 1439 Amandum

520 1459 566 1491 Ut
587 1459 690 1491 solem
712 1458 810 1491 radiis
833 1469 969 1503 operum
992 1459 1118 1501 fulgore
1141 1459 1329 1496 micantem;

437 1523 476 1543 ωε
521 1511 598 1551 Sed,
622 1514 657 1543 tu
679 1511 778 1554 lippa,
802 1514 874 1543 tuos
897 1510 1008 1543 oculos
1031 1509 1108 1542 dum
1131 1511 1230 1542 vertis
1253 1510 1294 1542 ab
1317 1511 1372 1542 illo

519 1562 563 1594 Et
585 1562 702 1594 densas
724 1562 846 1605 repetis
868 1562 971 1594 noctis
994 1562 1128 1594 horrore
1153 1562 1316 1603 tenebras,

519 1614 558 1646 In
579 1613 793 1656 manibusque
815 1613 918 1646 lutum
942 1613 1072 1654 retines,
1097 1613 1173 1645 duni
1197 1613 1318 1646 lumina
1341 1615 1441 1656 tergis

518 1666 570 1699 Ac
591 1666 655 1698 luci
677 1665 837 1706 assei-ibis,
861 1665 948 1709 quod
971 1669 1006 1698 tu
1028 1666 1133 1698 minus
1155 1665 1230 1698 inde
1254 1666 1368 1698 tueris:

519 1718 574 1750 Sic
596 1718 680 1750 votis
703 1717 836 1750 dimissa
858 1718 920 1749 tuis
942 1718 976 1749 in
999 1727 1128 1750 carcere
1153 1727 1251 1749 caeco
1275 1728 1320 1756 es,

435 1782 475 1802 uo
518 1769 560 1802 Ni
582 1773 694 1802 tamen
715 1769 778 1802 huc
801 1769 918 1802 redeas
941 1772 975 1801 et
997 1769 1107 1801 lumen
1131 1769 1270 1801 amando
1293 1771 1448 1812 requiras,

519 1821 614 1859 Quod
637 1821 695 1853 tibi
718 1821 886 1864 depellens
909 1820 1003 1852 nobis
1026 1820 1208 1852 miserando
1232 1820 1359 1853 dedisti.

517 1873 592 1906 Non
613 1873 688 1906 hinc
710 1873 829 1916 probra
852 1873 911 1904 tibi
934 1883 995 1904 nec
1017 1872 1122 1914 iurgia
1144 1871 1309 1904 reddimus
1332 1873 1407 1913 ulla,

518 1925 608 1958 nlius
631 1925 739 1958 reditu
762 1924 820 1957 sed
844 1923 1086 1967 congaudemus
1110 1927 1254 1956 ovantes.

517 1977 610 2009 Nunc
632 1987 717 2009 nunc
740 1986 818 2018 ergo
842 1979 931 2008 tuam
955 1975 1127 2018 detergant
1151 1976 1292 2008 carmina
1315 1976 1459 2018 culpam:

435 2042 473 2062 ιιι
517 2028 684 2062 Laudibus
707 2028 846 2060 eiectum
870 2027 974 2070 dignis
997 2037 1152 2059 revocare
1168 2030 1347 2064 memento;

517 2081 692 2113 Poeniteat
714 2083 747 2112 te
770 2080 834 2112 iam
858 2079 1005 2111 sceleris:
1029 2078 1243 2111 medicamina
1266 2082 1340 2111 sunt
1362 2079 1453 2112 hacc.

516 2132 567 2165 Ac
588 2133 626 2173 si,
648 2135 684 2164 ut
707 2131 815 2172 credo,
838 2134 927 2163 tuam
950 2131 1119 2173 placarunt
1141 2131 1278 2163 vulnera
1300 2142 1420 2163 noxam

516 2184 560 2216 Et
581 2185 683 2216 sancti
705 2184 811 2227 pietas
834 2183 954 2215 crimen
977 2183 1135 2214 concessit
1159 2193 1301 2223 enorme,

516 2236 832 2280 Asstipulare-meis,
856 2235 930 2278 quia
953 2245 1017 2266 non
1039 2237 1112 2266 sunt
1134 2235 1286 2276 carmina,
1308 2235 1440 2268 rithmis.

434 2301 474 2321 ιω
516 2288 567 2320 Tu
589 2291 719 2320 cantare
742 2287 842 2327 vales,
866 2290 902 2318 tu
925 2286 1021 2318 docta
1038 2296 1079 2318 ‘es
1102 2286 1259 2329 plaudere
1283 2297 1388 2327 versu,

515 2340 567 2372 Tu
588 2340 672 2372 nosti
694 2340 784 2372 lirico
808 2338 922 2371 cordas
945 2338 1133 2380 contingere
1156 2338 1280 2380 plectro

517 2392 632 2435 Tuque
655 2394 750 2434 potes
772 2393 910 2423 metrum
935 2393 1064 2422 centum
1087 2389 1223 2422 reboare
1247 2389 1408 2430 Camenis,

517 2443 615 2476 Retia
638 2453 698 2475 ceu
719 2442 791 2483 filis,
815 2442 860 2474 sic
883 2441 982 2473 libros
1005 2444 1120 2473 texere
1144 2441 1265 2478 verbis;

516 2495 579 2527 Ast
599 2494 677 2527 mihi
700 2495 754 2526 vix
777 2493 882 2525 tenuis
905 2492 1046 2525 decurrit
1067 2493 1109 2524 ab
1133 2503 1189 2524 ore
1213 2503 1368 2524 susurrus.

431 2559 471 2579 ωε
514 2546 601 2579 Dum
623 2550 734 2578 tamen
759 2546 845 2577 alma
867 2545 930 2577 tuis
953 2547 1083 2588 aptatur
1105 2544 1197 2576 Musa
1220 2544 1356 2583 labellis,

515 2597 567 2631 Ne
590 2601 728 2639 taceam,
751 2597 884 2629 laudare
908 2596 1005 2628 deum
1029 2606 1101 2628 cum
1125 2595 1252 2628 debitor
1275 2599 1396 2637 extem,

253 2726 306 2754 382
323 2729 414 2755 domus
433 2728 458 2753 V
503 2737 590 2755 muros
609 2727 722 2754 Harum
791 2727 842 2753 386
860 2728 1008 2753 commertia
1028 2727 1052 2751 V
1116 2725 1168 2752 399
1186 2727 1303 2753 seruacio
1321 2727 1368 2760 (K,
1386 2727 1493 2753 seruitio
1510 2727 1539 2752 ἐπ
1556 2728 1670 2754 seruatio
1688 2737 1754 2754 corr.
1765 2728 1798 2760 B,

150 2774 254 2798 seruato
266 2770 314 2804 A)]
337 2771 366 2797 in
389 2780 472 2804 mary.
489 2772 534 2805 qui
556 2772 583 2797 in
605 2779 638 2797 ea
659 2771 719 2797 olim
741 2771 791 2796 fuit
811 2771 946 2804 episcopus
969 2774 1081 2803 tempore
1104 2770 1233 2796 hunorum
1247 2770 1277 2795 K
1359 2769 1410 2796 411
1436 2770 1579 2796 miseranda
1601 2779 1632 2796 ex
1655 2771 1800 2797 miserando

152 2821 220 2840 corr.
239 2813 263 2839 V
346 2813 398 2840 418
416 2815 515 2840 inorme
527 2814 565 2851 K,
641 2813 692 2839 425
710 2814 805 2839 libellis
818 2813 847 2839 K
863 2814 932 2845 (mue
950 2812 1014 2845 ras.)
1027 2813 1051 2838 B

254 2863 361 2891 Porus
379 2872 462 2892 unm
481 2872 540 2892 uvi
558 2864 685 2892 cineum
702 2863 787 2896 111‚2.
1559 2863 1593 2890 76
