2138 3106
492 802 515 820 10

489 1061 512 1080 15

484 2311 509 2330 10

843 179 993 207 MICONIS
1012 180 1052 206 IN
1071 181 1192 208 FESTA.

946 266 1081 301 MVSA.

555 318 624 349 Iam
649 320 734 360 quia,
758 320 853 352 Musa
876 322 930 360 ait,
954 322 1016 354 hoc
1041 323 1099 355 tibi
1123 327 1195 363 stat,
1222 329 1347 357 certare
1372 326 1511 359 studeto.

555 370 685 408 Annuo,
709 382 772 413 quo
797 374 902 414 possis
926 373 1110 406 discurrere
1134 380 1227 417 prata
1251 378 1436 419 sophorum.

787 449 936 482 POETA
959 450 1136 499 RESPQN
1138 451 1239 486 DET.

553 502 626 534 Hoc
650 504 723 535 volo
748 504 874 547 hocque
898 506 999 547 iuvat,
1024 508 1174 549 quoniam
1199 509 1245 540 sie
1269 510 1329 542 rite
1354 511 1495 550 videtur;

552 554 624 586 Hoc
647 556 775 588 animus
799 560 912 589 noster
934 559 1036 600 gestit
1058 570 1174 601 parere
1199 561 1349 594 libenter.

945 636 1078 669 MVSA.

551 688 613 720 Eia
629 700 701 731 age,
726 693 875 732 coeptum
893 692 1015 723 etenim
1031 703 1231 734 peraremus7
1254 695 1373 736 fistula,
1391 709 1532 731 carmen.

550 741 639 774 Ecce
664 742 734 774 dies
758 742 855 774 hodie
879 744 1004 775 cunctis
1028 746 1212 788 praefulget
1235 747 1267 778 in
1290 748 1376 788 orbe,

552 794 591 826 In
615 805 678 836 qua
702 794 878 827 deferimus
903 796 1104 837 frondentes,
1129 809 1157 837 ο,
1182 799 1249 839 tibi,
1275 799 1414 841 Christe,

552 846 672 878 Ramos
696 847 877 888 palmarum
902 848 989 880 celse
1014 848 1194 891 laudesque
1218 850 1355 883 boantes

550 898 600 929 Ac
625 898 720 930 simul
743 898 863 930 inflexo
889 903 1079 932 resonantes
1103 893 1254 944 corpore:
1279 903 1433 943 ‘Osannaq

551 949 614 986 Qui
638 960 776 991 regnare
800 951 892 982 venis
917 952 1001 984 caeli
1026 952 1216 984 benedictus
1241 954 1281 986 ab
1307 965 1382 987 aree

548 1001 687 1033 Nomine
712 1002 875 1044 gignentis
898 1014 959 1035 nec
983 1014 1047 1035 non
1071 1005 1182 1036 laxare
1206 1006 1332 1047 piacla.'

548 1054 618 1086 Nec
644 1054 749 1085 solum
773 1055 878 1086 clerus
902 1059 1040 1095 tantum,
1065 1057 1124 1089 sed
1148 1067 1246 1090 sexus
1270 1062 1408 1102 uterque

551 1106 696 1138 Vocibus
720 1107 848 1138 extollit
871 1107 1008 1140 diversis
1032 1109 1174 1151 undique
1198 1111 1328 1149 laudes;

550 1157 711 1200 Expargit
734 1169 843 1191 ramos
867 1160 1049 1202 fraglantes
1074 1172 1228 1204 magnum
1251 1163 1292 1195 ob
1317 1175 1469 1205 amorem,

550 1210 690 1250 Christe,
715 1211 773 1249 tui',
797 1215 1015 1244 memorantes
1038 1213 1101 1244 iam
1126 1213 1184 1246 tibi
1209 1215 1318 1247 taliter
1341 1220 1460 1249 actum.

942 1290 1076 1324 MVSA.

550 1344 612 1382 Sis,
637 1347 742 1386 pater⁷
766 1354 832 1384 oro,
856 1344 912 1376 diu
936 1355 1051 1388 sospes
1076 1357 1114 1378 ac
1138 1347 1243 1380 laetus
1268 1349 1410 1384 abunde.

548 1396 577 1427 A
601 1396 715 1438 genesi
738 1396 859 1428 domini
883 1398 976 1440 coepi
999 1397 1057 1429 tibi
1081 1399 1204 1442 fingere
1230 1411 1359 1434 carmen

548 1447 695 1479 Actenus
719 1448 899 1483 incassum
924 1449 982 1481 sed
1007 1450 1070 1481 iam
1094 1455 1170 1493 peto
1194 1452 1294 1494 figere
1317 1465 1476 1496 gressum‚

548 1499 599 1531 Ne
624 1503 766 1532 nostram
790 1501 924 1532 valeant
947 1502 1078 1534 neniam
1102 1503 1208 1536 ridere
1233 1515 1372 1539 sorores,

959 1698 1051 1731 XXI.

795 1761 856 1797 DE
883 1761 1008 1798 CENA
1036 1763 1215 1801 DOMINI.

547 1836 700 1868 Carmina
724 1837 786 1868 iam
812 1837 932 1869 dudum
957 1838 1051 1880 coepi
1075 1839 1262 1882 confingere
1286 1851 1395 1882 parva,

589 1888 731 1924 Fistula:
756 1899 838 1931 quae
863 1892 998 1927 restant,
1022 1901 1107 1922 nunc
1132 1902 1284 1933 perarate
1309 1892 1401 1924 sedet
1425 1913 1463 1916 —

547 1940 581 1972 Si
605 1940 754 1972 dominus
777 1940 875 1972 hodie
899 1941 1028 1973 dederit
1051 1942 1238 1985 contingere
1263 1955 1359 1986 posse
1385 1957 1440 1976 —-:

590 1991 759 2028 Quomodo
783 1995 857 2034 post
881 2002 1017 2024 coenam
1041 1993 1202 2036 disposuit
1226 1995 1378 2035 tunicam,

545 2043 696 2076 Linteolo
721 2044 886 2076 accinctus
909 2045 1038 2087 pelvem
1063 2046 1211 2078 manibus
1235 2057 1363 2089 quoque
1389 2049 1536 2091 sumpsit,

587 2095 794 2138 Discipulum
818 2097 958 2139 supplex
982 2097 1085 2129 abluit
1106 2098 1176 2140 ipse
1200 2098 1311 2141 pedes

545 2148 584 2179 In
607 2158 671 2190 quo
695 2148 807 2179 humili
831 2148 917 2180 facto
942 2149 1091 2180 latitabat
1114 2150 1196 2181 mira
1219 2150 1332 2192 figura,

589 2199 694 2236 Quam
718 2203 795 2231 tunc
819 2200 997 2232 cernebant
1020 2200 1169 2244 discipuli
1193 2202 1335 2234 minime.

545 2252 636 2284 Inter
659 2262 739 2294 quos
764 2252 863 2284 etiam
887 2262 947 2284 nec
970 2251 1074 2284 defuit
1097 2252 1182 2284 eheu
1204 2253 1302 2285 Iudas

587 2303 757 2343 Isearioth,
782 2314 896 2335 servus
919 2303 1064 2346 perfidus
1088 2308 1186 2346 atque
1209 2305 1324 2344 malus,

545 2357 608 2393 Qui
633 2356 740 2388 socius
764 2366 910 2395 numero,
935 2355 993 2387 sed
1008 2352 1127 2398 'dispar
1149 2359 1258 2388 mente
1281 2357 1444 2397 manebat,

588 2407 649 2440 Cui
672 2409 812 2451 pretium
836 2408 946 2440 mundi
970 2408 1152 2440 distrahere
1176 2409 1307 2451 placuit,

543 2460 594 2492 Ne
619 2460 704 2492 foret
728 2460 799 2502 ipse
823 2460 922 2491 miser
945 2463 1113 2502 reparatus
1137 2461 1295 2502 sanguine
1321 2460 1454 2500 Christi,

588 2511 738 2543 Fundere
762 2521 820 2554 pro
845 2511 936 2543 nobis
961 2522 1057 2554 quem
1081 2511 1204 2543 studuit
1227 2513 1373 2545 miseris:

281 2645 298 2671 5
306 2645 428 2671 *Annuet
436 2645 462 2670 B
497 2643 639 2668 *discutere
653 2642 678 2667 B
747 2641 763 2666 8
775 2640 837 2666 *Eia
853 2641 893 2665 aie
903 2641 927 2665 B
962 2641 1142 2676 *peragremus
1152 2642 1177 2666 B
1259 2641 1290 2667 16
1301 2641 1441 2674 *diuerso(o
1454 2651 1484 2667 ea:
1497 2642 1528 2674 i)s
1540 2642 1566 2667 B

178 2689 213 2715 2⁶2
231 2682 318 2715 NRss
337 2681 406 2714 lust—N
423 2689 451 2713 in
467 2696 550 2719 τηατ-[Ι.
568 2687 593 2712 Β

282 2730 387 2765 [xxm
405 2730 421 2756 2
440 2730 591 2763 'peragrare
610 2729 634 2754 B
738 2729 754 2755 3
773 2730 870 2762 possint
887 2738 954 2755 corr.
974 2729 998 2754 B
1101 2728 1115 2753 7
1135 2727 1255 2754 *humilis
1273 2728 1298 2753 B
1403 2727 1435 2754 13
1453 2727 1532 2754 *forte
1550 2728 1576 2753 B

283 2815 380 2851 [XXI]
402 2816 411 2841 1
432 2815 487 2842 iam
506 2814 610 2842 dudum
627 2814 644 2840 i.
663 2822 683 2840 e.
702 2823 786 2849 supra.
803 2815 851 2847 cfr.
875 2814 978 2840 Traube
998 2813 1090 2840 Karol.
1110 2812 1244 2847 Dicloeusnq
1256 2822 1284 2846 p.
1308 2814 1336 2839 17
1355 2821 1391 2846 ³11.

1774 189 1835 219 303

1635 2642 1666 2668 ‘21
1678 2643 1791 2676 *fingere
1803 2642 1828 2667 B
