2138 3106
759 163 805 190 DE
823 163 1031 190 WELPHONE
1050 164 1096 191 ΕΤ
1115 165 1294 192 RUDOLFO.
1786 168 1847 199 353

565 251 728 293 Tempore
752 250 812 282 sub
836 261 955 292 magno
979 251 1163 282 Hludowici
1186 252 1268 284 vixit
1291 252 1414 284 honore

609 302 719 345 Ipsius
743 302 860 334 auletis
885 302 1037 334 Caesaris
1063 303 1216 345 egregiis.

515 367 527 386 5
563 353 633 386 Nec
656 354 762 386 minus
785 354 818 385 in
842 357 972 396 sceptro
995 354 1110 386 Karoli
1133 355 1220 396 regis
1243 354 1414 387 decoratus

607 406 727 438 Mansit
750 406 885 438 consilio
909 417 990 448 pace
1013 406 1143 448 fideque
1167 406 1263 446 bono,

565 458 658 490 Illius
681 458 767 490 inter
789 451 945 500 primates
967 458 1076 489 nullus
1099 458 1188 500 prior
1210 458 1275 499 illo,

609 510 711 542 Cuius
734 509 864 542 diversa
887 520 989 552 regna
1011 520 1116 551 genus
1141 510 1287 542 decorat:

565 562 639 594 Hoc
662 561 782 594 renitet
805 561 959 601 Karolus‚
983 561 1184 593 Francorum
1209 573 1331 604 rexque
1355 563 1489 595 lucerna

501 627 526 646 m
593 613 645 645 ‘In
669 612 867 645 candelabro
891 613 959 645 fixa
981 624 1116 645 manens
1139 613 1253 646 solido.

435 658 437 660 ¹
565 664 680 696 Idibus
704 665 827 697 octonis
850 665 922 696 Iani
945 664 1089 697 decessit
1111 665 1152 696 ab
1176 665 1240 696 ista

610 717 715 749 Luce:
741 719 856 760 potens
880 716 1022 756 domine,
1046 717 1098 748 oui
1122 727 1275 759 superam
1298 717 1414 749 tribue.

566 769 649 808 Hoc,
673 769 784 808 lector,
808 769 961 811 relegens
983 769 1094 811 lingua
1117 768 1264 801 feriendo
1289 770 1435 812 palatum

610 821 685 853 Dic:
710 820 873 853 ‘Ruodulfi
897 821 1004 852 anima
1026 831 1110 863 pace
1135 821 1292 863 quiescat,
1316 821 1433 853 amen.'

955 1010 1089 1043 CXLII.
1745 1022 1769 1038 a.
1793 1015 1848 1038 866.

906 1075 922 1110 I
961 1074 992 1110 T
1031 1074 1060 1110 E
1099 1075 1146 1111 M.

0 1155 10 1187 ᾗ
566 1148 696 1181 Nobilis
718 1148 771 1180 hio
795 1159 896 1191 parva
918 1148 1127 1181 Rhuodulfus
1151 1154 1270 1192 pausat
1293 1151 1325 1181 in
1349 1160 1439 1189 urna,

0 1195 3 1207 '
611 1199 712 1232 Cuius
735 1199 895 1232 famosum
920 1211 1036 1232 nomen
1060 1201 1093 1232 in
1117 1201 1196 1233 orbe
1219 1201 1290 1233 fuit.

567 1252 706 1284 Auletas
730 1252 815 1284 inter
836 1251 951 1284 Karoli
974 1253 1118 1295 nullique
1143 1253 1305 1285 secundus

608 1303 728 1336 Extitit
750 1304 783 1336 in
807 1304 912 1336 solida
935 1315 1015 1347 pace
1040 1303 1169 1347 fideque
1193 1305 1288 1337 bona.

0 1349 13 1405 ξ
515 1367 527 1387 ⁵
565 1355 644 1388 Idus
668 1359 784 1388 octavo
807 1360 946 1388 mortem
970 1357 1116 1399 gustavit
1139 1368 1283 1389 amaram

0 1407 13 1453 ξ
610 1407 696 1440 Iani:
721 1409 772 1440 cui
798 1408 926 1441 veniam
949 1408 1005 1441 det
1028 1409 1178 1441 dominus
1202 1409 1373 1452 placidam.

0 1572 10 1619 i
947 1598 1100 1631 CXLIIL
1418 1606 1420 1608 v
1744 1607 1769 1623 a.
1792 1600 1848 1624 866.

778 1661 826 1698 IN
852 1661 1084 1698 LAMPADE
1110 1646 1271 1698 IPSIVS.

565 1735 659 1768 Haec
683 1736 803 1779 iugiter
825 1737 952 1779 lampas
976 1737 1080 1768 niteat
1102 1737 1260 1768 tumulum
1285 1740 1362 1768 ante
1385 1736 1548 1774 Rhodum,

607 1787 711 1824 Quam
737 1787 895 1820 Hruodou
919 1788 989 1820 fieri
1012 1788 1107 1820 iussit
1130 1799 1239 1820 amore
1262 1789 1320 1820 sui.

956 1975 1105 2009 CXLIV.

799 2039 954 2076 SVPER
980 2038 1247 2076 LECTVLVM.

565 2111 617 2144 Sis
639 2113 728 2153 mihi,
753 2114 991 2156 cunctipotens,
1014 2113 1171 2145 eubitanti
1195 2113 1311 2146 dexter
1333 2113 1464 2155 ubique,

606 2164 657 2197 Ao
679 2165 802 2208 pariter
823 2176 924 2208 posco
949 2166 1072 2198 caelica
1095 2176 1207 2208 regna,
1230 2165 1333 2204 dator,

563 2216 797 2257 Homamenta,
821 2228 928 2250 meam
951 2218 1097 2260 perversi
1122 2217 1207 2250 velle
1232 2217 1383 2249 draconis

606 2269 751 2310 Mentem
775 2270 920 2313 polluere
945 2280 1007 2312 quo
1030 2272 1181 2312 nequeat,
1205 2268 1346 2301 domine.

515 2333 532 2352 δᾴ
563 2321 614 2353 Ae
636 2325 712 2364 tege
736 2322 863 2364 plasma
886 2325 978 2354 tuum
1002 2332 1131 2364 semper
1155 2331 1228 2353 cum
1252 2331 1334 2364 pace
1359 2331 1485 2358 serena,

609 2372 725 2406 Donec
749 2373 789 2406 ad
812 2374 972 2416 gremium
995 2374 1108 2405 matris
1132 2383 1204 2405 eam
1228 2372 1403 2415 proprium.

303 2526 320 2551 5
337 2531 423 2561 ceptro
441 2537 508 2567 ego-r.
526 2528 552 2554 B
657 2528 688 2554 13
706 2529 794 2563 legens
812 2539 878 2555 corr.
898 2530 923 2555 B

305 2568 426 2603 [CXLII-1
443 2572 528 2597 ITEM
541 2571 566 2597 B
669 2571 686 2598 3
704 2573 770 2599 inoer
787 2572 897 2607 Bellum]
916 2574 943 2598 in
961 2577 986 2598 te
1003 2573 1028 2598 B

304 2612 438 2648 [CXLIIL]
458 2613 470 2640 1
490 2615 638 2641 ruodulfum
657 2615 682 2641 B

303 2697 444 2734 [CXLIII]
462 2700 479 2726 2
496 2699 640 2734 Emodon,
658 2700 776 2727 abatissa
793 2700 934 2735 quaedam,
953 2700 1161 2728 Ceutulensium
1179 2701 1257 2726 casta
1274 2699 1414 2732 dilectrix,
1433 2707 1515 2732 quam
1531 2698 1567 2725 ad
1584 2707 1610 2726 α,
1627 2700 1678 2726 867
1698 2698 1848 2732 Hariulfws

199 2747 296 2776 laudae
312 2757 346 2776 a
363 2749 452 2784 ouum
468 2751 559 2785 ιακιιο,
579 2751 676 2779 auron.
696 2752 800 2780 emal.
819 2752 876 2786 111,
890 2753 930 2779 14.

303 2800 441 2836 [cnm]
460 2803 478 2829 5
494 2803 543 2835 cfr.
563 2803 738 2837 LXXXVI,
751 2803 782 2836 4;
801 2803 846 2837 01,
861 2805 894 2830 10
913 2803 1086 2836 CXXXIX,
1098 2804 1122 2829 9.

305 2847 408 2876 Poma
427 2858 510 2877 ιΑτικι
529 2858 586 2881 sav!
605 2850 730 2878 Cunnum
748 2850 833 2882 1113.
1608 2850 1642 2877 45
