2040 2996
616 129 726 187 1:1ss1:ss
744 127 889 155 PRIMUS.
930 128 1039 156 LIBER
1058 129 1253 157 SECUNDUS.
1717 136 1756 165 25

474 215 653 248 Daemonis
676 226 715 246 ac
740 214 857 247 mediis
881 215 1019 247 flammis
1042 216 1182 248 iniectus
1206 218 1352 253 anhelas.

473 267 572 310 Fugit
594 266 636 299 ab
659 277 714 298 ore
738 266 820 298 cinis
843 266 948 299 donec
974 271 1188 310 properanter
1210 269 1251 300 ad
1274 270 1416 303 umbras.
1441 290 1481 294 —

475 318 676 361 Coniugibus
703 318 826 361 placuit
854 319 1012 361 posthaec
1037 319 1120 350 clam
1150 320 1296 352 membra
1319 322 1501 363 sepulchris

381 379 417 399 ⁷²⁵
476 371 622 404 Tradere
645 370 821 414 praedictis
845 381 911 402 una
934 381 1007 403 cum
1032 375 1124 403 veste
1149 383 1300 415 respersa

475 423 658 466 Sanguine:
683 422 819 455 basilica
842 422 1027 454 conduntur
1050 423 1197 455 membra
1221 428 1348 456 sacrata

474 475 512 507 In
535 474 678 511 tundier,
701 475 794 506 iuxta
815 474 946 507 fuerant
969 485 1033 517 quo
1057 475 1187 507 circiter
1210 476 1303 508 annis

474 527 566 560 Binis
589 530 676 560 tecta
699 526 770 558 solo
794 526 968 566 latitantia,
992 527 1160 568 mensibus
1184 531 1217 560 et
1241 539 1310 560 sex.

474 579 544 611 Ista
565 578 628 618 die,
653 579 751 611 certis
775 579 839 611 iam
863 579 978 621 signis,
1001 582 1096 621 gesta
1119 579 1262 611 secunda

379 636 418 658 ⁷³⁰
475 630 652 664 Octimbris
676 631 800 663 mensis
825 631 1007 671 sollemnia,
1032 630 1155 663 credite
1178 642 1266 664 vere.

474 681 613 729 Ingenio
637 681 758 725 exiguo
781 682 942 725 quaedam
965 682 1030 714 iam
1054 683 1158 725 portio
1182 683 1270 715 facta
1293 687 1343 715 est

474 730 666 776 Florigerae
690 734 792 766 vitae:
817 745 902 766 nuno
925 734 999 766 libri
1023 734 1182 766 terminus
1205 734 1291 766 adsit

474 785 584 818 Huius
607 789 642 818 et
663 785 800 819 alterius
825 786 957 818 demum
980 789 1148 828 repetatur
1171 786 1274 828 origo.

769 862 939 890 EXPLICIT
958 862 1067 890 LIBER
1086 863 1107 889 1.

621 1051 796 1102 1Nc1P1'T
823 1063 966 1100 menn
994 1063 1251 1100 SECUNDUS.

548 1139 702 1172 Continet
725 1139 780 1172 ille
805 1139 893 1182 prior
915 1139 1034 1170 sacrati
1057 1143 1152 1180 gesta
1176 1139 1308 1171 libellus

478 1191 643 1234 Martyris,
668 1191 700 1224 in
725 1191 831 1224 carnis
853 1190 1002 1234 placidus
1025 1201 1108 1232 quae
1133 1191 1276 1233 tegmine
1299 1191 1411 1233 gessit.

478 1243 607 1276 Exutns
629 1243 742 1287 spoliis
766 1243 964 1288 carnalibus,
989 1253 1066 1275 ecce
1090 1242 1263 1282 sccundus,

479 1295 573 1328 Miris
595 1306 679 1339 quae
702 1295 806 1338 gessit
830 1294 1014 1334 virtutibus,
1039 1294 1182 1337 implicat
1205 1298 1288 1327 acta.

409 1355 420 1373 ⁵
477 1347 626 1380 Actenus
649 1347 799 1391 expressi
822 1347 906 1380 vatis
930 1347 984 1390 pia
1006 1356 1143 1378 munera
1166 1346 1242 1378 iusti
1267 1365 1306 1369 —-

479 1398 596 1432 Arenti
618 1409 769 1432 sermone
793 1398 934 1442 quidem,
959 1397 1018 1430 sed
1043 1398 1177 1441 pinguia
1199 1401 1308 1440 gesta;

477 1451 523 1483 At
546 1451 620 1494 plus
643 1451 700 1483 illa
723 1453 855 1483 sonant:
880 1450 1014 1482 calcatis
1039 1450 1141 1482 victor
1163 1449 1294 1492 Olimpo

479 1502 550 1535 Iam
574 1502 720 1535 residens
744 1502 830 1535 vitiis
853 1501 985 1534 domino
1009 1501 1173 1533 tribuente
1197 1501 1334 1543 peregit,

479 1555 572 1592 Quae
595 1554 726 1587 diversa
749 1554 812 1598 piis
836 1554 938 1597 signis
962 1553 1138 1586 manifesta
1162 1556 1323 1585 tenentur.

398 1614 423 1633 1⁰
481 1606 595 1639 Sermo
619 1617 712 1640 meae
735 1607 880 1639 formans
904 1605 1047 1649 torpenti
1071 1605 1206 1638 illabere
1231 1605 1362 1646 linguae

479 1659 607 1691 Cuncta
629 1659 731 1702 prius,
754 1658 896 1692 hominis
920 1657 1020 1690 labris
1045 1668 1140 1700 quam
1166 1657 1277 1699 lingua
1300 1659 1440 1694 sonaret,

481 1711 635 1750 Carmine
658 1722 722 1754 quo
747 1710 870 1755 possim
895 1710 1006 1743 multis
1031 1721 1074 1742 cx
1097 1720 1202 1752 pauca
1226 1710 1359 1742 referre.

549 1762 665 1795 Saltim
689 1762 846 1796 basilicae
869 1773 990 1806 parvae
1015 1764 1203 1794 servaverat
1226 1760 1326 1794 aedes

481 1814 624 1857 Pervigil
648 1814 796 1848 excubiis
820 1814 941 1847 devota
964 1818 1072 1846 mente
1096 1813 1259 1851 sacerdos,

399 1874 423 1892 ¹⁵
481 1865 617 1899 Eminus
641 1866 799 1910 aspitiens
822 1870 933 1905 noctu,
956 1866 1104 1898 lanterna
1126 1865 1293 1907 refulgens

481 1917 630 1961 Apparet
652 1917 819 1951 hominum
843 1918 933 1950 nullo
958 1917 1099 1950 subnixa
1122 1916 1279 1949 ministro.

481 1969 569 2002 Ecce
593 1973 728 2013 repente
753 1971 820 2003 suis
844 1981 880 2003 se
905 1969 1042 2002 flammis
1067 1967 1209 2012 prodidit
1233 1968 1331 2000 ultro:

483 2021 634 2055 Protinus
658 2021 733 2055 hinc
755 2025 853 2065 atque
878 2021 953 2054 inde
978 2021 1083 2054 fluens
1108 2030 1235 2052 rumore
1259 2022 1412 2055 venusto;

481 2074 637 2117 Martyris
661 2077 695 2107 et
717 2074 820 2107 nitido
843 2074 1012 2107 celebrant
1035 2083 1185 2106 sermone
1210 2071 1429 2114 sepulchrum.

401 2132 426 2152 ²⁰
484 2125 550 2158 Sed
573 2126 696 2159 maiora
717 2125 837 2159 dehinc
861 2125 1033 2159 radiabant
1055 2125 1149 2167 signa
1172 2126 1300 2156 secuta:

481 2177 676 2211 Luminibus
698 2177 795 2210 rediit
817 2178 959 2210 caecatis
983 2187 1099 2208 munus
1122 2178 1266 2208 amatum

483 2228 528 2261 Et
550 2229 655 2262 solido
679 2229 804 2262 claudis
828 2230 998 2261 firmantur
1021 2228 1136 2260 robore
1160 2227 1301 2270 plantae,

482 2280 628 2314 Auribus
651 2285 687 2314 et
708 2285 823 2324 gratus
846 2283 1050 2314 remeaverat
1072 2278 1157 2312 aeris
1182 2278 1276 2316 ictus,

481 2332 590 2366 Larva
611 2343 710 2366 ruens
733 2336 830 2366 atrox
852 2333 980 2365 obsessi
1004 2331 1148 2374 corporis
1172 2333 1261 2362 artus

400 2391 425 2411 ²³
482 2383 648 2428 Liquerat,
671 2385 829 2417 abscessu
853 2395 970 2428 corpus
994 2385 1202 2425 mentemque
1225 2380 1366 2413 levabat.

438 2428 441 2434 ⁵
485 2430 611 2469 Olaruit
634 2436 684 2468 his
707 2437 845 2479 primum
869 2435 1042 2468 virtutibus
1067 2434 1170 2466 almus
1193 2433 1325 2475 ubique.

223 2564 274 2592 7⁶25
291 2570 364 2602 ueste
385 2567 409 2592 G
478 2566 527 2593 ’127
546 2566 666 2593 ‘fuerunt
686 2567 709 2591 0
785 2565 836 2591 730
851 2565 995 2591 *octor-ibus
1010 2565 1033 2589 G
1108 2562 1158 2589 732
1176 2563 1291 2595 florigero
1306 2562 1328 2587 G
1404 2559 1454 2585 733
1471 2563 1605 2592 reputatur
1622 2558 1644 2583 G
1661 2566 1728 2583 corr.
1743 2557 1767 2582 P

117 2605 163 2641 412
179 2609 307 2642 agahae
327 2610 351 2635 o
435 2609 453 2636 3
469 2619 529 2637 ιω.
549 2610 574 2636 a
661 2609 693 2634 13
711 2610 814 2635 suinae
835 2610 859 2634 G
947 2607 979 2634 19
997 2608 1128 2643 eqiebmut
1148 2606 1171 2631 G

223 2676 276 2704 '126
291 2677 322 2704 in
339 2677 453 2706 dioecesi
470 2677 643 2705 Atrebatem
655 2677 703 2710 cfr.
718 2675 798 2703 ΑΕΒ.
811 2676 870 2707 419,
889 2675 948 2702 ⁶254.
1019 2675 1070 2701 733
1089 2675 1195 2700 Aratvr.
1210 2673 1232 2706 I,
1254 2671 1285 2698 17
1304 2671 1447 2706 repetatur
1465 2669 1552 2704 origo.
1633 2670 1645 2702 11
1666 2670 1696 2696 12
1713 2669 1762 2701 cfr.

107 2727 242 2756 ‘badd-
255 2729 318 2764 N'tq.
331 2729 354 2763 1,
372 2729 408 2757 30
426 2729 479 2763 (11,
498 2729 535 2763 6).
621 2730 656 2755 22
676 2727 805 2755 Aldhelm.
823 2726 896 2754 tamt.
911 2727 973 2761 vira.
989 2726 1044 2753 ‘473
1062 2724 1180 2752 claudos
1199 2722 1315 2750 firmatis
1334 2730 1397 2749 mox
1416 2721 1498 2750 iussit
1516 2729 1632 2758 pergere
1650 2719 1764 2756 plantis.

119 2779 154 2808 24
172 2779 277 2808 Im
291 2781 314 2812 Ι,
332 2781 385 2809 656
402 2780 524 2816 corporis
541 2781 626 2807 artus.

222 2829 326 2855 Ponat
344 2835 428 2856 urm
446 2836 504 2855 mi
521 2830 644 2856 Casuum
663 2829 709 2855 111.
1543 2821 1561 2847 4
