2060 3074
754 168 800 195 DE
819 168 1047 196 SOBRIETATE
1065 169 1173 197 LIBER
1192 170 1213 197 Ι.
1747 173 1810 204 619

523 255 596 287 Hoc
619 255 762 287 lamento
787 256 906 288 etenim
931 257 1074 299 quisquis
1097 257 1195 290 modo
1217 258 1296 290 flere
1318 261 1457 300 recusat,

523 307 633 339 Flebit
654 308 687 339 in
710 311 889 348 aeternum,
913 319 986 340 cum
1008 309 1084 341 iusti
1106 309 1227 352 gaudia
1249 310 1426 342 habebunt.

443 371 480 390 ιιο
523 358 591 390 Νο8
614 359 675 391 81111
698 360 822 402 templa
843 360 915 403 pius
938 360 1093 393 Salomon
1114 372 1174 394 rex
1195 362 1252 394 ille
1275 363 1411 405 paravit.

524 410 693 451 Pacificas,
716 412 806 454 pacis
828 412 883 455 qui
905 412 1040 445 foedera
1061 413 1155 456 liquit
1176 414 1323 455 alumnis,

523 462 593 494 Nos
616 465 731 494 tenues
753 473 832 495 auro
855 474 969 496 sensus
993 463 1152 497 ditescere
1175 465 1267 498 fecit:

524 513 598 546 Non
619 515 793 557 peregrina
815 518 941 558 petens,
965 515 1024 548 sed
1047 527 1162 559 corpus
1185 516 1228 549 ad
1249 518 1384 550 aethera
1406 518 1536 559 librans,

524 566 611 598 Dum
634 566 746 598 limum
769 567 918 609 fragilem
942 568 1118 600 caelestem
1142 568 1235 600 duxit
1257 569 1299 601 ad
1322 570 1440 611 aulam,

411 631 480 652 ,111
522 617 661 660 Argenti
684 619 784 650 servis
807 619 977 651 tractanda
999 620 1123 652 talenta
1146 621 1288 663 reliquit:

524 669 593 702 Nos
615 680 725 702 sumus
750 669 784 702 hi
806 671 901 711 servi,
924 672 1030 713 pretio
1054 672 1129 714 quia
1151 673 1316 715 sanguinis
1340 674 1451 717 empti.

525 721 678 754 Perforet
699 722 762 754 ista
784 725 856 754 tuas
879 733 984 764 aures,
1008 733 1027 755 o
1047 723 1163 762 lector,
1185 724 1315 764 inauris,

523 774 592 806 Ista
613 774 806 817 philacteria
828 777 863 806 et
885 774 944 807 tibi
967 775 1107 818 timpora
1129 775 1242 808 frontis
1265 776 1433 818 adornent,

525 826 662 859 Lamina
686 830 817 870 compta
839 827 898 859 tibi
920 826 1066 870 lapidum
1089 827 1214 870 fulgore
1239 839 1371 861 corusco

443 891 481 912 12⁰
524 878 599 910 Non
621 878 722 910 oculis
744 878 839 919 absit,
862 889 927 910 non
948 879 1066 921 pilleus
1089 879 1151 911 iste
1175 880 1309 922 capillos

523 930 681 962 Deserat:
705 933 742 962 ut
764 941 862 962 canos
885 941 999 962 sensus
1022 931 1055 962 in
1076 934 1210 974 pectore
1232 935 1353 974 gestes,

524 981 570 1014 Ut
592 981 740 1014 manibus
762 981 872 1021 libros,
896 985 933 1014 ut
954 982 1063 1024 nigros
1086 983 1208 1015 semine
1233 994 1365 1026 campos

526 1034 591 1067 Ore
614 1034 729 1076 legens
752 1036 786 1065 et
807 1037 917 1066 mente
941 1037 1055 1067 tenens
1078 1035 1121 1067 sis
1142 1035 1258 1078 plenus
1281 1036 1388 1068 odoris

525 1086 687 1129 Frugiferi
709 1085 874 1128 spinisque
898 1096 1011 1118 carens
1034 1087 1077 1119 sis
1101 1087 1224 1119 culmus
1247 1089 1383 1131 opimus,

445 1151 483 1171 125
527 1138 600 1175 Quo
623 1148 759 1180 granum
782 1138 891 1181 superi
915 1138 1062 1171 condaris
1085 1139 1117 1171 in
1140 1139 1258 1172 horrea
1280 1141 1372 1172 caeli.

568 1207 608 1239 V.
632 1207 730 1239 Disce
753 1207 852 1249 igitur
873 1210 1026 1250 repetens
1048 1208 1176 1240 formati
1199 1209 1240 1240 ab
1265 1209 1387 1252 origine
1411 1210 1530 1251 mundi,

525 1259 718 1291 Sobrietatis
740 1259 844 1291 honos
867 1262 1021 1302 quantum
1044 1260 1185 1302 viguisse
1209 1261 1337 1303 legatur

526 1311 756 1354 Ingluviesque
779 1311 873 1343 simul
897 1315 1051 1354 quantum
1074 1311 1230 1344 damnosa
1253 1313 1417 1356 probetur.

525 1363 654 1395 Primus
675 1362 784 1395 Adam
807 1363 956 1395 manibus
979 1364 1136 1397 formatus
1159 1365 1406 1408 cunctipotentis

444 1429 482 1449 iso
526 1416 667 1456 Ieiunus,
690 1414 850 1458 paradise,
874 1418 948 1447 tuus
971 1416 1031 1448 suit
1053 1417 1160 1449 incola
1182 1417 1272 1450 felix.

525 1467 660 1499 Punicei
683 1469 759 1509 post
780 1466 863 1499 haec
886 1470 999 1511 captus
1022 1467 1193 1501 dulcedine
1216 1470 1314 1512 pomi,

525 1519 612 1551 Dum
635 1519 728 1551 nimis
750 1518 898 1562 indulget
920 1519 1075 1552 seductae
1098 1522 1225 1554 mollior
1246 1522 1346 1563 Evae,

524 1570 634 1603 Elisiis
657 1570 794 1613 fugiens,
817 1571 1008 1614 peregrinus
1031 1575 1064 1604 et
1087 1573 1174 1614 exul,
1197 1573 1239 1606 ab
1263 1574 1326 1605 oris

527 1622 658 1655 Milibus
681 1633 837 1655 annorum
860 1623 949 1655 flevit
970 1624 1030 1656 sub
1054 1623 1191 1656 Tartara
1213 1625 1363 1668 quinque.

447 1687 484 1708 us
527 1674 621 1707 Haec
644 1674 790 1707 Christus
812 1675 946 1707 veniens
969 1674 1125 1708 damnosa
1147 1677 1275 1719 piacula
1297 1677 1407 1714 solvit;

525 1725 592 1758 Pro
615 1730 739 1759 temere
763 1727 904 1770 acceptis
927 1737 970 1759 ex
993 1728 1091 1760 ramis
1113 1728 1237 1760 arboris
1261 1729 1343 1761 escis

526 1777 642 1810 Fellea
664 1778 807 1820 gustavit
829 1778 992 1821 clavisque
1015 1779 1058 1811 ad
1080 1790 1200 1812 cornua
1222 1780 1301 1823 ligni

527 1829 716 1862 'transfixus
738 1830 854 1872 palmis
877 1830 999 1862 loetum
1023 1832 1182 1874 persensit
1205 1842 1365 1869 amarum;

526 1881 716 1913 Tartaream
739 1881 851 1913 sedem
874 1882 1038 1924 penitrans
1060 1883 1198 1925 primum
1219 1883 1294 1916 inde
1318 1888 1486 1926 parentem

447 1946 485 1966 uo
527 1933 654 1965 Extulit
676 1936 710 1965 et
731 1936 807 1965 noto
831 1933 895 1966 iam
919 1933 1050 1966 tandem
1072 1934 1214 1967 reddidit
1235 1935 1340 1968 horto.

570 2002 628 2034 VI.
651 2002 842 2045 Hystoricus
864 2003 1004 2046 Moyses,
1028 2003 1104 2035 dum
1126 2006 1253 2046 patrum
1277 2004 1395 2047 digerit
1417 2007 1517 2045 actus,

529 2054 689 2086 Monstrat
711 2054 872 2087 inauditas
894 2056 983 2098 prius
1006 2055 1067 2088 hac
1090 2056 1213 2088 ratione
1237 2057 1356 2098 figuras

527 2106 630 2149 Inque
653 2107 823 2150 superficie
846 2108 988 2139 clausam
1013 2111 1103 2140 tenet
1125 2108 1180 2140 ille
1203 2107 1390 2149 medullam,

267 2254 318 2281 113
333 2254 402 2281 *Nos
419 2255 555 2289 peregriua
572 2258 662 2289 petens
679 2259 705 2281 et
722 2263 816 2298 eorpus
829 2255 883 2280 AB
968 2254 1017 2281 140
1034 2259 1089 2281 orto
1103 2255 1158 2280 ΔΕ

268 2349 319 2376 110
336 2347 433 2376 Ιείὼτ.
451 2348 566 2382 Aluaor.
584 2350 615 2376 91
640 2349 746 2383 (Migo-e
769 2349 812 2380 83,
832 2349 891 2382 113)
915 2349 1046 2376 Salomon
1071 2349 1175 2376 Christi
1206 2350 1388 2383 praenuntiat
1416 2350 1545 2384 figuram.
1574 2350 1622 2385 qui
1651 2351 1810 2378 aedificavit

163 2399 276 2428 domum
302 2400 355 2428 deo
377 2401 407 2429 in
427 2401 540 2429 caelesti
564 2402 713 2428 Ierusalem
736 2410 791 2428 non
814 2401 848 2428 de
872 2401 956 2435 liguis
981 2403 1010 2427 et
1032 2401 1187 2436 lapidibus.
1215 2401 1262 2428 sed
1290 2401 1325 2428 de
1353 2402 1458 2429 sanctis
1485 2402 1614 2429 omnibus
1642 2402 1725 2435 (mlo
1750 2403 1811 2436 loq-'t

163 2452 342 2487 hominibus).
413 2454 462 2481 111
482 2453 541 2481 Ioh.
561 2454 602 2486 14.
614 2454 648 2480 27
666 2462 762 2488 pacem
782 2453 910 2488 relinquo
928 2453 1014 2480 vobis.
1092 2454 1227 2480 113—116
1246 2453 1346 2480 Isidor.
1367 2453 1484 2487 Αῑῑῳον.
1500 2453 1549 2480 199
1567 2454 1676 2488 (Miyne
1693 2454 1735 2485 83,
1751 2454 1813 2487 124)

163 2503 246 2532 homo
265 2513 380 2540 peregre
398 2505 584 2540 proficiscens.
607 2505 656 2540 qui
676 2505 794 2532 tradidit
813 2506 886 2532 bona.
903 2514 954 2532 sun.
971 2505 1057 2531 servis
1075 2505 1132 2531 suis
1150 2506 1195 2538 (=
1208 2504 1307 2532 Mam».
1325 2506 1368 2538 25,
1384 2505 1436 2538 14),
1455 2505 1583 2532 Christus
1603 2506 1653 2537 est,
1680 2505 1730 2539 qui
1748 2506 1813 2540 post

163 2557 392 2584 resurrectionem
420 2557 560 2591 snamjad
586 2558 678 2585 caelos
700 2557 860 2592 regrediens
889 2557 1007 2584 tradidit
1029 2557 1222 2592 euangelicam
1245 2557 1367 2592 gratiam
1392 2557 1563 2591 euangelicis
1586 2556 1812 2591 negotiatoribus

163 2607 351 2635 fenerandam.
441 2610 491 2636 116
517 2610 530 2636 1
544 2609 616 2637 Patr.
637 2610 706 2642 1,18
723 2609 858 2641 scientes,
881 2609 956 2643 quod
981 2617 1036 2636 non
1059 2629 1082 2636 ..
1107 2610 1225 2643 argento
1244 2608 1287 2635 vel
1309 2617 1379 2635 auro
1398 2607 1535 2643 redempti
1555 2608 1622 2635 estis
1647 2628 1688 2640 ..,
1714 2608 1747 2635 19
1765 2608 1814 2635 sed

164 2659 287 2694 pretioso
310 2660 457 2695 sanguine.
546 2661 594 2688 122
618 2661 692 2696 nigri
715 2661 807 2696 campi
829 2663 895 2688 sant
917 2661 1085 2687 menbranae
1107 2662 1257 2686 atramento
1277 2660 1407 2693 sulcam,
1432 2660 1480 2692 ψ.
1499 2667 1563 2694 pay.
1582 2659 1634 2686 578
1657 2659 1694 2686 ad
1717 2668 1740 2687 v.
1753 2659 1812 2687 448.

165 2712 216 2739 125
238 2712 274 2739 E.
290 2720 315 2746 ο.
333 2713 432 2740 Μ.
452 2714 492 2745 13,
503 2714 546 2740 30.
641 2714 778 2741 126—140
797 2713 1009 2747 Gaffimaryiae
1030 2712 1156 2746 oduino»
1177 2711 1256 2738 mnata·
1279 2719 1312 2738 ex
1329 2711 1420 2738 Adam
1441 2711 1630 2745 repetivormu,
1654 2711 1726 2738 inm
1749 2719 1815 2745 quos

164 2763 334 2797 Ambrosius,
354 2763 512 2798 caudam,
534 2765 687 2800 Gregorius.
777 2765 827 2792 134
844 2765 923 2791 Amu'
939 2767 1005 2790 nunt
1025 2763 1242 2798 Hiermtymt'am‘.
1333 2763 1469 2790 141—-172
1489 2762 1546 2796 Gfr.
1561 2762 1680 2790 Ambroe.
1699 2762 1732 2790 dc
1745 2762 1815 2790 Elia

165 2815 190 2842 d
206 2813 310 2843 munio
320 2816 345 2843 5.
432 2815 480 2845 1⁴1
501 2816 588 2845 M.
604 2817 730 2846 Harum.
742 2817 794 2844 339
812 2815 960 2844 historicus
975 2817 981 2849 Ι
996 2815 1112 2851 Moyses.
