2060 3074
492 199 530 218 150

492 458 528 476 155

492 717 530 735 160

491 976 527 995 165

494 1235 532 1253 170

494 1495 530 1514 175

494 1754 530 1773 180

494 2012 530 2031 185

765 100 877 127 VITAE
896 101 921 127 S.
941 101 1110 128 GERMANI
1130 102 1237 129 LIBER
1251 103 1285 130 II.
1785 106 1846 135 457

566 186 695 217 Extulit
717 187 799 218 haec
823 188 941 229 palmis
966 188 1127 220 interdum
1151 189 1238 221 fonte
1262 190 1364 232 petita

566 238 706 280 Limpha
730 239 829 277 cavis,
854 240 1048 282 culpamque
1073 244 1168 282 putes
1194 242 1257 273 nisi
1283 252 1410 273 sumere
1435 253 1543 284 parce.

567 289 651 326 Quid
675 301 852 322 memorem
876 291 1009 333 Phrigio
1032 293 1230 335 perscriptas
1255 295 1384 336 pectine
1407 298 1517 326 vestes

566 341 635 373 Nec
658 343 760 374 semel
783 342 815 374 in
838 342 955 384 Tyrios
979 347 1071 375 cocta
1095 344 1283 376 indumenta
1306 345 1451 383 rubores,

568 393 718 425 Crassius
742 393 791 425 his
815 404 928 426 aurum
954 404 1050 436 super
1074 395 1264 438 insutasque
1290 397 1494 439 zmaragdos,

565 444 648 476 Tum
672 445 787 487 byssos
811 446 931 485 niveas,
955 445 1138 478 holoserica
1161 447 1302 489 plumea,
1326 451 1469 490 torques⁷

566 496 670 528 Multa
693 497 766 529 duei
789 508 873 540 quae
897 498 986 539 larga
1009 498 1108 530 dabat
1130 499 1259 531 fortuna
1283 501 1433 542 superbo.

567 548 704 590 Singula
726 548 876 580 diseretis
900 549 998 581 alium
1022 550 1149 581 factura
1172 550 1287 582 diebus
1297 555 1310 582 2*

567 601 714 632 Artubus
737 601 786 632 his
809 601 885 632 olidi
909 601 1035 632 induxit
1059 602 1197 634 saetalia
1224 603 1328 645 capri:

567 653 718 684 Interulis
742 652 902 695 quondam
927 653 1040 684 solitus
1065 653 1182 685 sudare
1212 656 1470 687 ΤΡΙΧΑΠΤΙΣ.

565 704 652 740 Quid
675 704 760 746 quod
784 707 818 736 et
841 704 956 736 officiis
980 705 1149 747 expletum
1172 706 1232 737 rite
1256 705 1378 738 diurnis
1404 726 1443 730 —

567 755 650 788 Tum
674 755 767 788 ludos
791 756 953 788 tractabat
975 756 1070 790 enim,
1095 759 1161 788 tum
1187 757 1273 788 seria
1295 759 1417 799 passim
1443 779 1480 782 —

568 807 599 839 A
622 808 717 839 turba
739 808 780 840 ad
803 807 922 850 placidi
947 808 1117 840 cedentem
1142 811 1213 840 tuta
1237 809 1351 841 cubilis

567 859 697 891 Mollior
719 863 894 902 exceptum
918 871 1047 892 somnos
1072 861 1200 892 haurire
1224 861 1371 893 salubres

568 911 695 943 Culcita
714 911 876 946 ,suadebat
900 912 994 943 rutilo
1019 912 1200 943 lautissima
1223 916 1355 943 coeco‘?:

566 963 659 996 Haec
682 963 796 996 eadem
819 963 923 1006 rigido
948 964 1045 996 tellus
1069 964 1247 1006 asperrima
1271 967 1363 1006 tergo

568 1015 716 1047 Membra
737 1015 810 1047 tulit
833 1016 944 1047 niveas
969 1016 1033 1047 iam
1057 1015 1259 1048 dediscentia
1283 1016 1420 1059 plumas.

567 1066 636 1099 Nee
660 1067 780 1099 somnis
804 1078 937 1110 operam
960 1067 1059 1099 dedit.
1083 1071 1116 1099 at
1139 1068 1350 1110 plangoribus
1374 1069 1429 1100 ille

567 1118 669 1160 Inque
693 1129 751 1150 suo
776 1121 879 1150 stratu
902 1118 1024 1150 domini
1048 1129 1171 1150 memor
1194 1118 1424 1161 omnipotentis

569 1170 618 1202 Ac
642 1170 761 1202 veteris
785 1170 849 1202 iam
871 1173 938 1202 tum
963 1171 1110 1202 recolens
1133 1171 1274 1212 vestigia
1298 1171 1384 1203 vitae

568 1221 680 1253 Deluit
701 1222 844 1254 internas
867 1222 946 1254 fletu
970 1221 1154 1254 medicante
1177 1222 1331 1254 latebras.

567 1273 688 1305 Hostia
710 1273 782 1305 viva
804 1274 947 1316 placens,
974 1274 1107 1305 rationis
1131 1274 1280 1306 acumine
1304 1275 1399 1306 fulta:

569 1325 624 1357 Sic
648 1336 682 1357 se
706 1325 860 1358 virtutum
884 1328 974 1357 easta
998 1325 1153 1357 mactavit
1175 1325 1208 1356 in
1231 1336 1296 1363 ara,

569 1377 649 1409 Post
672 1377 835 1408 Christum
859 1380 989 1420 portare
1014 1388 1142 1409 crucem
1166 1388 1303 1420 seseque
1328 1383 1446 1420 negato

569 1429 698 1461 Gnarus
721 1429 761 1461 ad
784 1429 935 1472 astrigeri
958 1429 1153 1461 contendere
1178 1430 1319 1461 culmina
1341 1430 1433 1467 caeli,

568 1482 725 1513 Conflxus
749 1482 799 1514 cui
824 1481 963 1513 mundus
987 1484 1068 1519 erat,
1093 1481 1147 1523 qui
1169 1481 1310 1524 denique
1334 1481 1464 1515 mundo.

611 1533 795 1565 Prudentes
817 1536 952 1565 assunto
976 1533 1036 1564 viri
1060 1543 1223 1575 sensuque
1247 1536 1359 1564 coacto
1589 1538 1847 1571 Quodlonyumimer

569 1585 765 1628 Expendant
788 1585 883 1617 huius
907 1595 1024 1616 causas
1048 1588 1080 1616 et
1105 1595 1202 1628 sensa
1225 1585 1334 1626 negoti
1591 1586 1640 1631 tot¹
1658 1590 1744 1607 cruces
1780 1591 1847 1630 mar.

568 1637 800 1680 Consultisque
824 1637 951 1676 animis,
975 1636 1086 1669 tulerit
1109 1636 1195 1678 quod
1219 1637 1360 1668 maxime
1385 1636 1518 1679 dignum
1591 1630 1684 1658 tynum
1702 1622 1844 1658 tradem).

567 1689 726 1731 Quisque,
748 1689 869 1721 ferant:
896 1688 993 1720 michi
1017 1691 1104 1720 certe
1129 1687 1245 1720 eadem
1269 1689 1432 1720 sententia
1456 1692 1580 1731 perstat

567 1740 669 1783 Inque
692 1741 763 1773 dies
787 1740 894 1772 animo
918 1743 969 1772 est
991 1740 1097 1782 magis
1120 1740 1276 1782 illapsura
1299 1740 1405 1772 tenaci

567 1791 777 1832 Germanum,
801 1793 929 1835 quantis
954 1792 1013 1824 bac
1037 1792 1119 1824 vixit
1142 1795 1228 1824 sorte
1252 1791 1379 1832 diebus,

567 1844 685 1877 Nobile
710 1845 897 1887 martyrium
922 1844 1058 1876 totidem
1083 1844 1223 1876 traxisse
1246 1843 1369 1876 diebus.

567 1895 671 1928 Nemo
695 1897 852 1929 molestus
877 1900 940 1931 eat,
963 1897 1048 1928 ferat
1072 1896 1134 1928 ista
1157 1896 1322 1938 superflua
1345 1906 1454 1927 nemo:

568 1947 750 1980 Germanus
774 1949 871 1980 michi
894 1952 1018 1990 martyr
1040 1947 1102 1979 erit
1124 1957 1184 1979 nec
1208 1947 1308 1979 ducar
1332 1948 1473 1990 ineptus,

567 1999 640 2032 ‘Pro
664 1999 756 2032 nobis
780 2011 845 2040 ora,
870 1999 997 2042 magne’
1022 2010 1095 2031 cum
1118 1999 1232 2031 dixero
1257 1999 1408 2041 ⁴martyr.⁷

610 2051 768 2095 Quodque
793 2055 843 2084 est
866 2052 915 2084 his
939 2052 1056 2095 potius,
1082 2062 1266 2094 quanquam
1291 2061 1384 2083 vocer
1407 2051 1583 2094 improbus,
1607 2054 1721 2091 ausim,
1772 2058 1848 2091 Quod

568 2103 688 2146 Magna
711 2103 828 2146 quibus
852 2107 921 2136 toto
945 2114 1041 2146 seges
1065 2103 1262 2146 exspatiavit
1284 2103 1316 2134 in
1339 2102 1427 2139 orbe,
1609 2102 1685 2149 etiam
1704 2103 1826 2134 “1¹⁰⁸20l2'8

567 2154 668 2187 Fidus
692 2155 878 2197 apostolicis
902 2154 1103 2187 Germanum
1127 2154 1303 2186 inscribere
1326 2154 1444 2196 granis,
1480 2169 1485 2173 ·
1590 2149 1678 2170 memo
1687 2149 1846 2177 coaequetur.

309 2275 415 2301 Scholia
434 2291 464 2295 —
485 2277 534 2303 152
552 2276 714 2311 perscriptas]
734 2278 850 2302 intextas.
871 2290 902 2294 —
927 2277 1002 2302 Color
1020 2277 1161 2302 rethoricus
1179 2280 1231 2307 est,
1253 2284 1312 2301 cum
1330 2276 1392 2301 dicit
1409 2275 1478 2308 ‘quid
1497 2277 1649 2308 memorem',
1668 2285 1726 2302 cum
1745 2286 1844 2311 semper

206 2323 366 2345 memoretur.
395 2333 424 2338 -
455 2314 587 2354 Frigiones
609 2321 743 2351 dicuntur,
771 2321 815 2352 qui
840 2326 923 2346 vestes
945 2329 1008 2345 auro
1031 2321 1199 2348 intsrtsxunt:
1227 2320 1339 2344 creditur
1362 2322 1447 2344 autem
1470 2319 1615 2344 huiusmodi
1640 2320 1809 2346 inter-textura
1831 2331 1847 2347 a

206 2362 326 2395 Frigibus
347 2371 403 2388 esse
425 2368 523 2396 reperta
546 2362 606 2396 (cfr.
626 2363 697 2389 Serv.
716 2363 752 2388 ad
771 2363 834 2388 Aen.
856 2363 909 2388 Ill
917 2362 978 2393 484)
1085 2362 1134 2388 154
1157 2361 1317 2395 insutusque]
1337 2362 1466 2395 inplicitas
1488 2376 1526 2388 —.
1545 2363 1633 2388 Silasis
1652 2363 1698 2393 (sic
1716 2364 1746 2394 P,
1770 2365 1848 2390 voluit

205 2403 346 2438 σύλληψις)
451 2406 502 2433 158
518 2406 589 2440 olidi]
608 2407 690 2440 putidi
742 2405 859 2439 saetalia]
881 2407 896 2432 i.
915 2415 936 2431 e.
955 2406 1067 2431 cilicium
1174 2405 1222 2431 159
1245 2403 1374 2437 lutei-ulis]
1394 2405 1512 2431 camisiis.
1540 2419 1571 2423 —
1596 2406 1721 2431 interulas
1739 2407 1848 2433 dicimus

206 2448 337 2474 interiores
354 2450 468 2481 tunicas,
492 2450 615 2483 triuptus
638 2450 727 2475 (voluit
746 2447 892 2483 ιρίχαπτιι)
915 2454 1002 2475 autem
1021 2448 1057 2482 [id
1075 2447 1123 2481 est]
1150 2449 1279 2481 capillaris
1298 2448 1446 2474 subtilitatis
1465 2448 1524 2481 (cfr.
1544 2449 1695 2482 Hier-(myrti.
1714 2449 1742 2475 in
1755 2450 1846 2476 Ezech.

207 2491 302 2524 11710,
312 2495 344 2517 10
362 2492 427 2518 Van.
448 2493 471 2517 V
481 2502 543 2526 paq.
563 2494 633 2525 164):
653 2494 743 2518 ΘΡΙΧΙ
761 2493 828 2518 onim
846 2494 943 2518 Graece
961 2493 1047 2525 capilli
1065 2492 1186 2518 dicuntur
1275 2491 1322 2516 161
1343 2489 1528 2524 Parent<hesis)
1613 2491 1662 2517 166
1680 2492 1846 2526 dediscentia]

206 2534 382 2561 obliviscentis
487 2535 535 2562 176
553 2535 667 2568 assunto]
686 2545 731 2569 pro
749 2537 830 2562 assint

310 2619 359 2646 164
377 2626 448 2647 ωοοω
466 2630 532 2646 corr.
551 2621 577 2646 P
666 2621 715 2647 174
733 2622 833 2655 strigeri
852 2630 919 2647 corr.
937 2624 953 2646 2
969 2630 1002 2646 m.
1021 2621 1047 2646 P
1132 2620 1168 2645 acl
1188 2619 1236 2646 176
1253 2630 1277 2652 q.
1298 2621 1313 2645 i.
1332 2625 1350 2645 t.
1368 2628 1391 2645 e.
1410 2620 1515 2653 longum
1534 2630 1567 2646 m.
1586 2621 1738 2647 sustinuerit
1755 2622 1847 2648 Bacch.

208 2662 256 2689 177
274 2673 351 2690 sensu
369 2673 435 2690 corr.
455 2667 470 2690 2
486 2673 519 2690 m.
538 2665 564 2690 P
614 2665 708 2698 negotii
728 2665 752 2690 Ρ
855 2664 904 2690 179
922 2666 987 2690 ferat
1006 2663 1099 2689 Bonch-
1206 2662 1254 2689 181
1274 2664 1339 2688 forte
1357 2662 1382 2687 Ρ
1483 2662 1534 2689 184
1551 2672 1583 2688 ne
1602 2667 1618 2689 2
1635 2673 1667 2689 m.
1688 2664 1713 2689 P

311 2749 360 2776 153
379 2750 433 2782 Csr.
453 2750 499 2776 Ge.
518 2750 636 2776 111307.

310 2801 412 2829 Poma
430 2809 512 2829 ιΑτικι
531 2810 589 2829 Αενι
608 2802 730 2828 ΟΛιιοωκι
748 2801 797 2831 111,
815 2802 840 2827 2.
1608 2801 1642 2827 58
