2060 3074
621 137 771 163 CARMEN
792 138 838 164 DE
857 139 882 164 S.
902 139 1104 167 BENEDICTO
1126 141 1422 171 lN'rERPOLATUM.
1779 150 1840 179 399

563 222 663 255 Tetra
686 224 781 255 nimis
805 226 942 258 volucris
967 238 1001 259 se
1027 228 1170 260 vultibus
1195 230 1312 271 ingerit
1335 231 1427 262 almis

605 274 648 306 Et
671 276 742 307 visa
765 277 925 318 quondam
951 289 1007 310 cor
1030 284 1151 312 cremat
1173 282 1205 312 in
1230 282 1358 324 specie:

562 325 628 358 Sed
652 327 752 368 spinis
775 328 946 367 recubans,
971 331 1107 362 stimulis
1132 335 1164 363 et
1187 336 1326 374 punctus
1350 345 1470 369 earum,

494 389 520 408 ρο
600 378 773 421 Exuperas
797 381 915 413 vulnus
939 382 1013 413 ilico
1038 383 1234 416 vulneribus.
1257 405 1299 408 —

562 429 739 472 Frangitur
762 436 831 464 arte
856 434 960 465 crucis
985 444 1051 472 vas,
1076 435 1163 466 virus
1188 447 1249 477 quo
1272 437 1432 470 latitabat.

604 482 685 513 Cum
710 483 819 525 signat
842 485 923 516 tanti
947 485 1085 518 dextera
1108 491 1221 519 sancta
1243 489 1352 530 patris.
1377 508 1416 513 —

561 532 665 569 Quem
693 544 774 575 puer
798 545 817 565 a
841 536 960 567 sanctis
983 537 1134 578 precibus
1160 539 1252 580 niger
1275 539 1435 574 eliciebat.

602 583 706 627 Virga
729 586 829 628 patris
854 587 948 623 sistit,
972 591 1006 618 at
1027 599 1109 630 puer
1133 592 1204 621 ater
1226 590 1304 622 abit.
1329 610 1366 614 -—

493 648 518 666 2⁵
558 636 705 679 Suscipe,
731 642 843 670 sancte
867 642 970 681 pater,
993 650 1122 681 pueros.
1147 651 1228 682 quos
1251 642 1354 683 gloria
1376 643 1501 675 Romae

602 689 654 721 Ad
677 694 733 722 tua
756 691 936 723 transmisit
960 692 1070 724 limina
1093 698 1201 725 mente
1226 694 1288 736 pia.
1313 713 1350 718 -—

560 742 732 774 Fratribus
757 743 829 786 ipse
853 744 911 776 tibi
935 745 1113 776 commissis
1136 757 1227 778 mons
1252 746 1340 778 dedit
1363 759 1507 782 amnem:

601 793 695 836 Rupe
719 795 809 827 latex
833 796 911 835 exit,
937 807 1009 827 cum
1034 797 1156 839 rogitas
1179 798 1354 830 dominum.
1378 819 1418 822 —

558 845 703 884 Ferrum,
728 847 803 879 dum
828 859 945 891 vepres
969 852 1097 881 resecat
1121 849 1260 889 Gothus,
1284 851 1383 882 insilit
1406 852 1510 886 undis,

492 910 518 928 ao
600 898 664 930 Sed
690 900 811 942 repetit
833 901 995 932 manicam
1018 912 1104 941 mox,
1131 902 1185 933 ubi
1210 902 1332 944 tinguis
1356 914 1451 945 aqua.
1478 922 1510 926 —

558 949 733 982 Assiduam
758 951 913 984 Placidus
937 952 1013 984 dum
1038 954 1138 985 ferret
1161 954 1299 995 gurgitis
1322 954 1442 986 undam

601 1002 776 1045 Obsequiis
800 1005 932 1043 sanctis,
957 1005 1041 1036 hunc
1066 1006 1140 1037 tulit
1164 1005 1249 1037 unda
1272 1007 1387 1038 fluens.

555 1054 710 1096 ‘Pergito,
734 1055 858 1093 Maure,
883 1056 982 1088 celer⁷
1006 1060 1101 1099 pater
1123 1058 1197 1089 ilico
1222 1058 1375 1100 providus
1400 1059 1513 1100 inquit.

601 1107 681 1138 ‘Iam
706 1107 804 1139 trahit
828 1108 916 1140 unda
938 1109 1001 1140 laci
1024 1110 1232 1151 praecipitem
1257 1109 1415 1152 puerum!

493 1171 518 1188 πε.
560 1158 653 1191 Iussa
676 1159 784 1192 ferens
807 1164 962 1203 properat
987 1172 1085 1203 super
1106 1161 1211 1194 undas
1235 1166 1332 1204 atque
1357 1164 1493 1194 recurrit

599 1211 724 1254 Erepto
748 1222 848 1254 puero
872 1223 932 1244 ceu
956 1223 1014 1256 per
1037 1213 1169 1245 humum
1193 1214 1356 1256 gradiens.
1383 1233 1423 1238 —

557 1263 730 1305 I’romptus
754 1263 795 1295 ad
821 1275 916 1296 omne
940 1266 1060 1296 malum
1085 1265 1156 1297 dira
1179 1276 1251 1297 cum
1276 1269 1386 1298 mente
1411 1267 1562 1298 sacerdos

599 1314 726 1347 Toxica
749 1326 832 1358 quae
857 1317 955 1355 misit,
980 1317 1111 1348 sustulit
1134 1317 1204 1360 ipse
1229 1318 1328 1360 prius.

556 1366 685 1398 Corruit
708 1378 785 1400 ecce
811 1369 907 1400 miser
931 1369 1067 1411 collapsi
1091 1370 1230 1401 culmine
1254 1370 1343 1409 tecti,

490 1430 516 1450 ιο
597 1418 742 1461 Corpore
765 1420 949 1452 confractus
974 1420 1113 1452 Tartara
1136 1431 1215 1453 seva
1238 1422 1328 1464 petit.

555 1470 650 1502 Talia
673 1470 852 1514 discipulus
877 1471 951 1503 dum
975 1473 1098 1514 perfert
1121 1474 1238 1504 nuncia
1261 1474 1388 1513 cursim,

597 1523 768 1555 Concussit
791 1525 895 1556 sancti
919 1525 1033 1557 intima
1056 1525 1155 1557 corda
1178 1526 1288 1567 patris.

556 1574 615 1607 Cui
638 1579 732 1618 pater
754 1575 871 1608 indixit
894 1577 936 1608 ob
959 1577 1033 1608 talis
1057 1577 1177 1619 gaudia
1200 1578 1322 1615 mortis,

597 1627 642 1659 Ut
666 1627 809 1659 lacrimis
833 1629 962 1671 eulpam
986 1628 1105 1661 defleat
1129 1625 1199 1672 ipse
1224 1639 1326 1662 suam.

490 1692 515 1711 ιε
552 1680 674 1712 Panem
698 1681 783 1712 tollit
806 1681 885 1715 avis.
909 1691 973 1723 quo
996 1682 1084 1712 virus
1108 1685 1238 1714 texerat
1260 1682 1326 1717 ille,

599 1731 712 1770 Abdit,
734 1732 791 1764 ubi
815 1733 922 1765 nullus
947 1743 1081 1765 cernere
1104 1733 1206 1776 possit
1229 1733 1334 1765 homo.
1360 1753 1397 1758 -

555 1783 604 1815 Tu
627 1784 753 1816 meritis
777 1785 870 1816 almis
895 1785 1052 1816 salsorum
1077 1786 1198 1828 templa
1221 1785 1355 1817 deorum

597 1834 737 1867 Vertisti
761 1835 793 1867 in
817 1835 957 1874 laudem,
983 1839 1104 1875 sancte,
1128 1835 1292 1878 decusque
1316 1836 1378 1868 dei.

556 1887 703 1919 Perfidus
728 1887 783 1919 ille
806 1887 904 1919 draco
929 1887 1019 1919 caelo
1043 1887 1212 1919 demersus
1237 1888 1278 1919 ab
1301 1888 1366 1920 alto

491 1952 516 1971 ω
598 1939 636 1970 In
659 1939 815 1971 famulum
841 1938 961 1971 Christi
987 1939 1065 1970 talia
1087 1939 1174 1971 dicta
1197 1939 1308 1971 dabat:

557 1990 666 2029 ‘Quid,
690 1991 876 2027 Maledicte,
901 1991 959 2022 tibi
983 2001 1110 2022 mecum
1134 1993 1205 2022 est?
1230 1990 1317 2033 quid,
1340 2002 1404 2022 non
1428 1991 1626 2024 Benedicte?

598 2042 684 2079 Quid
708 2053 760 2075 me
783 2043 1017 2085 persequeris?
1041 2042 1116 2084 quid
1141 2053 1215 2074 mea
1236 2043 1307 2075 iura
1329 2042 1448 2086 rapis?
1472 2062 1513 2066 —

553 2095 628 2127 Stat
652 2094 737 2137 lapis
760 2095 913 2126 immotus
937 2095 1034 2126 nimio
1058 2105 1137 2137 prae
1160 2094 1303 2136 pondere
1326 2095 1421 2134 fixus,

598 2145 702 2183 Quem
727 2146 877 2178 residens
902 2146 1003 2178 hostis
1026 2146 1143 2188 impius
1167 2146 1221 2178 ille
1244 2147 1378 2188 premit;

489 2210 513 2230 5⁵
553 2197 695 2230 Tollitur
717 2201 751 2230 at
774 2197 883 2230 subito
906 2197 1077 2229 Benedicti
1101 2207 1180 2229 voce
1205 2197 1303 2235 beati,

599 2249 696 2292 Itque
718 2250 831 2292 procul
856 2260 971 2281 sessor.
999 2268 1036 2272 --
1061 2248 1236 2280 Postmodo
1259 2249 1388 2280 flamma
1411 2259 1511 2280 vorax

554 2301 723 2334 Fratribus
747 2306 798 2334 est
821 2302 902 2334 falso
926 2301 1114 2333 comburere
1137 2301 1207 2332 visa
1229 2301 1384 2335 culinam:

598 2354 643 2385 At
666 2356 760 2396 pater
782 2356 817 2384 ut
840 2353 941 2391 venit,
964 2352 1046 2384 visio
1068 2352 1152 2383 falsa
1175 2352 1267 2394 fugit.
1290 2370 1331 2374 —

558 2406 699 2438 Attritus
722 2415 804 2448 puer
828 2409 878 2437 est
900 2404 1015 2436 murali
1037 2405 1123 2436 mole
1145 2407 1348 2447 peremptus;

489 2470 516 2489 ω
597 2457 742 2489 Suscitat
765 2457 851 2488 hunc
875 2460 907 2488 et
930 2466 1011 2498 opus
1035 2456 1131 2488 iussit
1154 2455 1243 2487 adire
1266 2459 1369 2498 pater.
1393 2474 1431 2479 -—-

555 2508 627 2541 Non
651 2508 750 2540 licitis
773 2508 922 2540 domibus
947 2511 1155 2550 sumpserunt
1178 2507 1313 2550 prandia
1335 2507 1467 2544 fratres;

596 2559 728 2592 Absens
753 2560 822 2603 ipse
847 2559 946 2599 videt,
970 2560 1077 2601 arguit
1101 2562 1133 2591 et
1156 2559 1299 2590 nimium.
1323 2577 1364 2582 —

553 2611 686 2655 Hospes
710 2611 803 2643 adest
827 2612 977 2654 simplex,
1001 2621 1096 2653 quem
1121 2610 1207 2652 cepit
1227 2610 1310 2642 calle
1334 2610 1447 2650 viator,

595 2663 751 2695 Mollibus
775 2663 808 2695 in
832 2663 933 2706 pratis
957 2662 1094 2705 prandia
1117 2672 1179 2704 quo
1202 2662 1358 2694 facerent.

292 2756 325 2783 18
347 2766 391 2783 cor
408 2756 514 2790 cremat]
540 2761 685 2782 concremat
710 2757 781 2783 Wion
801 2757 853 2782 III
864 2766 927 2790 pay.
946 2756 997 2782 238
1107 2756 1142 2782 20
1163 2761 1186 2782 et
1203 2755 1237 2782 33
1262 2757 1330 2782 illico
1355 2756 1428 2782 Wion
1529 2755 1563 2782 28
1585 2757 1658 2790 Rupe
1681 2757 1749 2783 latex
1766 2755 1828 2790 exit]

187 2800 260 2833 Rupe
278 2814 310 2819 —
328 2808 361 2826 ex
378 2800 406 2826 in
424 2800 441 2825 l.
460 2809 484 2826 r.
510 2799 534 2825 V
