2060 3074
270 162 331 191 594
926 158 1078 186 MILONIS
1097 159 1274 186 CARMINA.

634 245 800 276 Laudibus
824 247 857 275 et
879 245 962 275 votis
986 247 1152 277 auctorem
1175 246 1274 288 prolis
1298 245 1430 281 adorat:

552 309 590 328 2⁴5
634 297 696 328 Illa
718 299 828 327 tamen
851 299 995 328 mentem
1018 297 1139 328 laetam
1163 298 1323 329 cunctatio
1347 298 1462 339 adurit,

635 348 766 380 Debeat
788 349 821 380 in
844 351 955 380 sancto
980 349 1034 391 qui
1057 349 1146 381 fonte
1169 350 1278 381 lavare
1302 350 1456 392 puellum.

635 400 679 432 Ut
701 400 786 432 redit
809 400 851 431 ad
875 403 980 432 semet
1002 401 1131 443 captiva
1153 403 1311 434 memoria
1332 403 1429 444 regis,

635 452 826 484 Discursare
848 453 939 484 iubet
963 453 1086 485 celeres
1109 463 1169 496 per
1190 464 1293 496 regna
1315 454 1476 486 ministros

634 504 683 536 Ac
706 507 852 536 sanctum
874 505 990 548 merito
1014 505 1132 538 adduci
1155 505 1331 538 demandat
1353 506 1488 538 honore.

553 568 592 587 250
636 556 699 592 Qui
722 556 855 588 tandem
877 557 1028 589 inventus
1051 558 1256 600 monitusque
1279 558 1401 600 palatia
1425 557 1517 589 adire

634 608 736 650 Regis
758 609 823 640 iam
847 608 924 640 dicti
947 619 1018 641 sese
1044 610 1270 652 conspectibus
1294 610 1400 642 infert.

635 660 762 702 Quique
785 664 820 692 ut
843 661 959 693 adesse
982 662 1087 693 virum
1111 662 1222 702 cernit,
1246 673 1323 694 mox
1347 662 1456 693 desilit
1479 662 1546 693 alto

633 712 661 743 Ε
685 713 764 744 solio
788 713 983 756 rutilumque
1007 717 1105 756 caput
1129 713 1315 746 diademate
1339 717 1458 753 terrae,

635 764 751 797 Stabat
773 766 856 798 forte
879 767 924 809 pii
947 777 1010 809 qua
1033 777 1091 809 pes
1114 769 1190 798 tunc
1211 766 1344 809 pacifer,
1369 769 1489 808 aequat

552 828 590 847 255
635 816 808 849 Inflectens
831 818 971 860 rigidum
994 821 1106 850 sancta
1128 818 1171 850 ad
1193 818 1332 860 vestigia
1355 818 1483 850 collum.

635 869 782 911 Purpura
803 870 966 912 pulvereis
988 871 1202 913 prosternitur
1224 870 1300 902 inde
1324 870 1440 902 favillis

634 921 836 964 Linguaque,
861 933 945 964 quae
969 923 1064 954 variis
1088 922 1233 954 dictabat
1257 923 1327 954 iura
1349 922 1530 965 phalangis,

633 973 753 1015 Poscit,
776 978 812 1006 ut
835 975 982 1017 ignoscat
1005 975 1110 1007 scelus
1132 974 1336 1017 indulgentia
1358 974 1469 1006 sancti.

634 1026 679 1057 At
701 1026 796 1066 mitis,
820 1026 926 1058 fuerat
949 1027 1000 1058 cui
1023 1026 1117 1059 dulce
1140 1027 1310 1069 ignoscere
1334 1026 1466 1068 probra,

549 1089 588 1108 260
631 1077 723 1109 Felle
748 1088 869 1119 carens,
893 1078 1022 1120 placida
1044 1079 1163 1121 iugiter
1187 1078 1358 1110 dulcedine
1382 1078 1512 1110 fervens

634 1129 731 1161 Ocius
755 1141 774 1162 a
796 1133 883 1162 terra
906 1133 1103 1173 prostratum
1125 1131 1158 1162 in
1180 1130 1316 1172 pulvere
1339 1140 1453 1172 regem

632 1181 750 1214 Elevat
773 1185 806 1213 et
829 1182 922 1214 citius
945 1182 1118 1214 commissa
1139 1183 1247 1224 piacla
1269 1183 1409 1214 relaxat.

676 1242 735 1274 IX.
758 1241 1008 1285 Alloquiturque
1032 1242 1148 1274 dehinc
1171 1243 1234 1274 hoc
1256 1243 1407 1285 princeps
1430 1243 1551 1274 famine
1574 1245 1736 1274 sanctum:

635 1294 808 1335 ‘Poenitet‚
832 1295 928 1335 alme,
951 1297 1051 1334 tuam,
1075 1295 1198 1336 doctor,
1222 1295 1383 1338 sprevisse
1406 1295 1582 1337 loquelam,

553 1358 590 1377 265
634 1345 794 1388 Displicet
816 1349 925 1389 atque,
949 1357 1023 1378 meo
1048 1346 1135 1389 quod
1156 1347 1245 1378 iussu
1266 1347 1382 1378 iniuria
1405 1347 1491 1378 facta
1515 1350 1583 1383 est;

634 1397 701 1429 Sed
723 1409 806 1430 nunc
828 1399 894 1439 illa,
918 1409 1043 1441 precor,
1066 1399 1198 1441 pietatis
1220 1399 1345 1431 viscera
1368 1398 1496 1432 cedant.

634 1450 692 1482 Est
715 1461 844 1493 quoque
868 1450 966 1482 dante
991 1450 1054 1483 deo
1077 1451 1227 1483 inmerito
1252 1451 1331 1483 mihi
1354 1451 1437 1483 filius
1459 1462 1552 1491 unus,

636 1503 740 1539 Quem
764 1506 820 1534 tua
843 1506 1011 1535 consecret
1033 1506 1144 1535 sancta
1167 1506 1203 1535 ut
1226 1503 1421 1543 benedictio,
1445 1514 1555 1546 posen,

633 1554 769 1586 Vivifico
793 1565 831 1586 ac
854 1554 973 1586 Christi
996 1555 1140 1597 digneris
1162 1555 1252 1587 fonte
1276 1566 1398 1588 novare

551 1617 590 1636 270
633 1605 742 1648 thue
765 1606 854 1638 illum
878 1606 997 1638 doceas
1021 1607 1129 1639 divina
1150 1608 1226 1650 lege
1249 1608 1406 1650 magister

633 1657 748 1700 Tuque
771 1661 866 1700 pater
888 1659 981 1700 pueri
1002 1659 1118 1690 merito
1143 1658 1251 1691 dicare
1275 1658 1446 1700 secundus,

634 1709 721 1741 Dum
744 1710 851 1752 gignis
874 1710 1019 1742 sobolem
1042 1711 1210 1753 praeclaro
1233 1711 1380 1753 germine
1404 1710 1523 1743 fontis’.

635 1761 700 1793 Sed
724 1771 815 1793 sacer
836 1762 886 1793 his
910 1761 1003 1794 dictis
1026 1773 1150 1794 summo
1175 1764 1344 1795 conamine
1368 1763 1447 1795 fusis

634 1812 751 1844 Obstat
774 1823 1031 1845 commemorans
1054 1814 1115 1846 sibi
1137 1815 1274 1856 iussum,⁴
1292 1818 1328 1846 ut
1351 1816 1476 1846 semina
1499 1815 1590 1847 verbi

551 1877 588 1896 27⁵
634 1864 811 1907 Spargeret
834 1868 867 1896 et
889 1869 1005 1907 gentes
1029 1866 1234 1908 baptismatis
1257 1877 1352 1899 amne
1376 1870 1536 1903 sacraret;

631 1916 705 1948 Non
728 1917 783 1948 uni
805 1920 940 1958 tantum,
964 1918 1023 1949 sed
1046 1919 1155 1950 multis
1179 1918 1280 1950 affore
1304 1919 1447 1951 missum.

632 1968 821 2011 Egreditur:
844 1970 992 2002 remanet
1014 1973 1140 2002 cassata
1163 1971 1277 2013 petitio
1300 1971 1397 2013 regis.

634 2020 696 2057 Qui
720 2022 795 2063 quia
817 2031 881 2053 non
903 2022 1005 2054 valuit
1028 2025 1231 2065 contemptus
1255 2026 1331 2055 vota
1355 2024 1483 2063 mereri,

634 2072 781 2104 Credidit
803 2084 823 2104 a
845 2074 966 2116 proprii
989 2074 1099 2106 lateris
1122 2074 1309 2106 custodibus
1332 2075 1438 2117 ipsum

550 2136 589 2156 280
632 2124 859 2157 Flectendum:
883 2126 971 2158 misit
994 2127 1122 2158 socialis
1145 2127 1263 2158 amoris
1287 2128 1418 2168 amicos,
1466 2143 1468 2145 -

631 2177 738 2209 Unam
761 2178 901 2210 animam
924 2179 1054 2220 gemino
1078 2179 1138 2210 sub
1161 2182 1293 2221 pectore
1316 2182 1352 2211 ut
1376 2189 1448 2211 esse
1472 2183 1614 2222 putares,

631 2229 804 2262 Dadonem
826 2230 984 2262 illustrem
1005 2230 1112 2273 Eligio
1137 2231 1313 2263 comitante
1337 2231 1490 2274 benigno.

631 2281 670 2312 In
693 2282 798 2314 laicali
821 2282 934 2314 habitu
957 2293 1038 2325 quos
1060 2283 1212 2326 principis
1234 2284 1309 2315 aula
1329 2283 1478 2320 tenebat;

634 2333 700 2365 Sed
723 2337 797 2376 post
819 2334 878 2366 sub
902 2334 1040 2377 pedibus
1063 2338 1244 2366 sternentes
1267 2335 1365 2367 labile
1389 2336 1532 2367 saeclum

549 2397 587 2415 285
632 2384 794 2417 Ecclesiae
818 2386 964 2427 geminas
987 2386 1120 2418 stabiles
1143 2397 1260 2423 rexere
1284 2387 1470 2419 columnae:

631 2437 764 2469 Inclitus
786 2438 842 2470 ille
865 2438 961 2480 prior,
985 2438 1044 2470 sub
1068 2439 1157 2470 cuius
1180 2439 1369 2481 pontificatu

633 2489 757 2522 Floruit
779 2490 812 2521 in
835 2490 935 2522 titulis
957 2490 1162 2536 Rotomagus
1185 2491 1273 2523 celsa
1295 2491 1412 2531 beatis,

633 2541 775 2584 Compar
798 2545 831 2574 et
853 2542 978 2584 Eligius
1002 2542 1109 2574 divino
1132 2553 1265 2575 munere
1288 2544 1402 2584 lectus,

633 2593 704 2629 Quo
728 2593 906 2626 Noviomus
928 2597 964 2626 ut
986 2594 1062 2626 urbs
1085 2595 1214 2627 vivente
1238 2595 1381 2627 antistite
1406 2595 1503 2635 fulsit,

367 2728 418 2754 256
437 2731 550 2763 Porpora
563 2731 620 2756 AV
701 2732 755 2758 272
772 2734 889 2759 subolem
907 2733 933 2758 V
1014 2732 1066 2759 282
1084 2734 1167 2767 elegio
1179 2733 1210 2758 Κ
1293 2733 1345 2760 285
1363 2739 1450 2760 texere
1463 2735 1487 2760 Δ
1497 2735 1522 2760 V
1603 2735 1654 2762 289
1671 2738 1793 2763 antestite
1808 2737 1838 2762 K

367 2807 418 2833 266
438 2806 493 2839 (Fsr.
516 2807 610 2834 (juloss.
629 2809 653 2841 3,
669 2809 714 2841 123
733 2809 854 2843 Philipp.
872 2810 897 2843 2,
913 2811 936 2837 1.
