2040 2996
663 148 712 175 An
730 149 975 177 HARTGARIUM
993 150 1205 178 EPIScothM.
1704 151 1764 188 '179

477 234 560 268 Fors
583 236 649 268 eris
672 236 826 278 astrigeri
850 237 1061 280 praefulgens
1085 238 1175 270 sidus
1199 239 1331 283 olimpi,

524 287 604 320 Mox
626 287 723 320 Aries
746 288 829 320 caeli
851 289 918 320 fors
942 290 1007 321 eris
1031 290 1195 332 astrigeri.

478 339 582 371 Multo
604 340 714 371 venito
736 340 867 383 triplex,
891 343 926 372 tu
949 341 1052 373 multo
1075 351 1212 384 corpore
1236 343 1376 380 multus;

395 398 421 417 20
525 391 658 423 Cornua
679 402 760 423 sena
781 392 896 424 levans
920 393 1022 424 multo
1044 394 1154 430 venito
1179 395 1308 437 triplex.

477 443 635 475 Snblevet
657 444 852 476 altithronus
875 445 920 476 sic
944 448 1091 477 nostrum
1116 446 1269 490 Daphnin
1293 448 1334 479 ad
1358 452 1456 488 astra,

524 495 626 527 Felici
648 506 748 527 cornu
771 496 921 528 sublevet
942 497 1147 530 altithronus.
1171 518 1213 522 —

477 547 629 580 Scribere
650 558 716 579 non
739 548 834 580 valeo
858 558 919 580 nec
942 549 1061 581 multas
1084 549 1171 582 ferre
1195 550 1372 583 Camenas:

523 598 572 631 Te
595 599 676 639 sine,
699 599 814 639 multo,
835 599 910 641 fleo,
934 600 1079 634 scribere
1102 612 1166 634 non
1190 603 1294 636 valeo.

919 740 960 764 Χι.

468 793 583 827 IDEM
605 793 669 828 AD
693 793 885 828 EUNDEM
908 795 1098 829 BEATUM
1122 796 1402 832 PRAESULEM.

477 855 621 898 Tempus
644 856 739 888 adest
761 857 891 889 niveum
916 857 1045 890 sincera
1066 858 1139 891 luce
1164 870 1346 896 coruscum,

524 908 596 945 Quo
619 907 768 940 dominus
791 912 899 941 natus:
923 912 1053 953 tempus
1077 910 1172 943 adest
1195 912 1334 944 niveum.

474 958 543 991 Nos
566 960 666 1002 igitur
687 960 775 992 nivei
798 961 926 993 sincera
949 965 1061 994 mente
1086 963 1254 1002 micemus,

522 1011 550 1043 O
572 1011 707 1049 fratres;
730 1012 832 1044 simus
856 1023 916 1045 nos
937 1013 1036 1055 igitur
1057 1014 1155 1048 nivei.

411 1069 422 1088 ⁵
476 1062 697 1106 Cunctipatris
720 1064 867 1106 genitum
890 1065 1021 1108 peperit
1045 1065 1222 1098 benedicta
1243 1066 1365 1099 Maria:

522 1114 635 1147 Mundi
657 1119 828 1156 rectorem,
852 1117 1064 1160 cunctipatris
1087 1118 1245 1160 genitum.

475 1167 529 1199 Sic
551 1167 668 1200 chorus
692 1168 852 1201 ecclesiae
876 1168 1023 1201 sobolem
1046 1170 1132 1212 parit
1154 1170 1365 1213 altipotentis,

524 1219 654 1252 Florida
676 1219 768 1262 virgo
793 1224 904 1253 manet
926 1221 972 1253 sic
997 1221 1116 1253 chorus
1140 1222 1311 1255 ecclesiae.

475 1270 622 1313 Sponsus
645 1275 716 1304 erat
738 1271 864 1305 Mariae
887 1272 1004 1316 Ioseph
1026 1273 1100 1316 pius
1123 1277 1222 1316 atque
1245 1274 1372 1315 beatus,

394 1330 418 1348 ¹⁰
521 1322 614 1355 Tunc
638 1323 751 1356 matris
774 1323 896 1356 domini
920 1335 1060 1368 sponsus
1084 1329 1155 1358 erat
1177 1325 1319 1359 Mariae:

473 1375 591 1407 Pastor
613 1385 769 1407 amoenus
792 1375 888 1408 adest
910 1376 1004 1408 nobis
1028 1377 1060 1408 in
1082 1377 1202 1419 gaudia
1225 1388 1377 1420 sponsus,

522 1425 710 1458 Consimilis
732 1426 854 1470 Ioseph
877 1430 988 1470 pastor
1010 1439 1168 1462 amoenus
1191 1429 1298 1464 adest.

473 1477 671 1510 Transvehit
694 1488 737 1510 ex
758 1479 903 1511 tenebris
926 1479 1073 1523 Aegypti
1096 1491 1156 1513 nos
1179 1481 1253 1524 pius
1276 1482 1350 1522 iste,

519 1529 558 1562 In
581 1530 664 1562 lucis
687 1531 825 1573 patriam
849 1532 1032 1564 transvehit
1054 1543 1097 1565 ex
1120 1534 1274 1566 tenebris.

396 1589 418 1607 ¹⁵
470 1580 624 1614 Nascitur
645 1582 814 1624 angelicus
838 1582 990 1616 Bethlem
1014 1588 1090 1616 tunc
1113 1585 1217 1618 limite
1240 1586 1344 1628 panis,

520 1633 658 1666 Messias
682 1635 775 1677 panis
798 1635 942 1667 nascitur
964 1636 1144 1695 angelicus.

472 1685 535 1718 Hic
559 1685 675 1718 domus
698 1689 751 1719 cst
772 1686 904 1727 domini,
928 1688 1021 1730 panis
1044 1699 1184 1732 quoque,
1207 1693 1305 1732 potus
1329 1693 1363 1723 et
1386 1690 1490 1722 almus

519 1737 626 1770 Exilis
649 1738 818 1772 Behtlem:
843 1739 896 1771 hic
918 1739 1032 1772 domus
1055 1744 1108 1773 est
1131 1741 1261 1774 domini.

471 1788 563 1821 Tunc
586 1790 704 1823 chorus
728 1791 898 1833 angelicus
921 1791 1036 1825 laudes
1058 1793 1150 1825 dedit
1173 1803 1230 1826 ore
1254 1804 1401 1831 canoras,

390 1848 415 1867 ²⁰
520 1841 625 1874 Dulce
648 1842 751 1875 melos
775 1843 895 1876 cecinit
917 1847 994 1876 tunc
1018 1844 1136 1877 chorus
1159 1846 1340 1888 angelicus.

471 1893 536 1925 Hic
559 1893 677 1926 chorus
701 1894 840 1927 eximius
864 1906 962 1928 voces
984 1896 1018 1928 in
1042 1895 1150 1929 sidera
1173 1897 1266 1937 tollit,

517 1945 576 1985 Te,
600 1945 690 1987 Sion,
714 1957 898 1980 memorans
922 1947 974 1980 hic
997 1947 1116 1980 chorus
1141 1949 1291 1981 eximius.

472 1997 619 2038 Angelus
642 1997 694 2031 hic
717 1997 838 2031 domini
861 1999 999 2031 sabaoth
1021 2003 1178 2042 personat
1198 2000 1314 2039 almus,

517 2047 619 2080 Mittit
640 2049 672 2081 in
696 2053 785 2082 astra
806 2060 922 2092 preces
945 2051 1082 2093 angelus
1106 2051 1159 2084 hic
1182 2051 1312 2085 domini.

391 2107 416 2125 ²⁵
469 2099 586 2132 Pastor
607 2103 679 2133 erat
700 2100 859 2141 dominus,
883 2106 1033 2145 pastores
1057 2103 1236 2135 testificati:

518 2151 583 2188 Qui
605 2156 701 2184 natus
724 2152 840 2193 fuerat,
863 2157 975 2196 pastor
998 2157 1071 2186 erat
1093 2154 1253 2187 dominus.

471 2203 534 2235 Hic
556 2207 590 2235 et
611 2214 722 2236 amore
745 2208 841 2237 sonat
862 2209 973 2248 pastor
995 2206 1097 2238 bonus
1120 2210 1219 2249 atque
1241 2206 1390 2246 decorus,

516 2254 821 2298 Pastorempastor
844 2257 896 2288 hic
919 2260 952 2288 et
976 2267 1086 2289 amore
1109 2261 1214 2290 sonat.

469 2302 562 2338 Tunc
585 2307 712 2339 oriente
736 2309 822 2350 magi
845 2312 1005 2341 venerunt
1028 2309 1114 2341 dona
1135 2309 1290 2347 ferentes,

389 2365 414 2383 ³⁰
517 2358 572 2390 Ad
594 2357 760 2391 Christum
784 2364 960 2402 properant
983 2364 1061 2392 tunc
1085 2361 1213 2392 oriente
1237 2361 1335 2402 magi.

470 2409 624 2441 Partibus
647 2410 788 2442 occiduis
812 2411 914 2443 Scotti
939 2411 1136 2454 veniuntque
1160 2411 1334 2453 sophistae,

518 2461 661 2504 Sophica
683 2461 769 2495 dona
792 2463 901 2496 ferunt
924 2463 1071 2506 partibus
1095 2463 1246 2495 occiduis.

210 2610 241 2636 17
254 2615 314 2638 ante
324 2612 395 2638 sidus
406 2613 456 2638 del.
469 2612 486 2647 ᾗ
500 2613 527 2639 0¹
645 2613 699 2647 [xnl
713 2615 752 2640 ed.
766 2614 914 2640 Duemmler
927 2615 943 2640 l.
956 2623 976 2640 c.
985 2624 1014 2647 p.
1029 2613 1061 2639 10
1149 2614 1180 2639 18
1191 2612 1322 2639 *Eximior
1335 2613 1358 2638 0
1432 2612 1466 2638 22
1478 2613 1572 2639 chorus
1584 2615 1718 2647 angelicus
1733 2615 1755 2640 O

105 2661 173 2679 corr.
190 2653 339 2680 Dummler

207 2742 264 2777 [xm]
277 2744 294 2769 ὃ
306 2744 483 2779 cunctipater
507 2744 587 2778 (redit
610 2744 684 2777 infra
704 2745 760 2772 XL
767 2745 849 2778 VIII,
870 2747 912 2777 16)
931 2748 968 2772 est
992 2744 1067 2778 apud
1088 2744 1260 2777 Theodulsum
1279 2745 1348 2777 (tmn.
1367 2743 1390 2777 Ι,
1408 2744 1472 2777 495)
1490 2752 1513 2772 v.
1530 2745 1566 2771 69
1585 2747 1609 2771 cc
1628 2745 1701 2778 (564)
1720 2746 1755 2771 20

106 2793 189 2827 (unde
201 2794 295 2829 pendet
313 2795 431 2822 M.
450 2795 513 2831 Niq.
531 2798 591 2823 tom.
611 2796 650 2830 Π,
669 2797 711 2827 63,
731 2797 801 2829 174).
888 2797 920 2822 21
939 2796 985 2828 cfr.
999 2797 1066 2822 Aen.
1082 2796 1107 2829 I,
1127 2797 1183 2823 103.
1271 2796 1305 2822 29
1323 2795 1373 2828 cfr.
1391 2795 1427 2822 ib.
1446 2795 1486 2829 11,
1504 2796 1548 2822 49.

1493 2843 1548 2869 23*
