2138 3106
0 174 6 196 ι
732 165 953 192 FREDIGARDI
972 165 1018 192 ET
1039 165 1172 193 ODULFI
1191 165 1366 192 OARMlNA.
1807 166 1868 197 345

979 294 1118 327 CXXII.

927 359 943 394 I
982 358 1013 394 T
1053 358 1081 394 E
1120 358 1168 394 M.

592 432 759 464 Danorum
784 433 911 476 spiculo
935 433 1021 466 iacet
1043 433 1225 478 Heriradus
1249 434 1280 465 in
1303 444 1380 465 arvo

631 483 813 516 Percussus
836 485 964 517 iuvenis
988 488 1134 528 tempore
1157 485 1222 517 heu
1245 485 1370 528 capitis.

590 535 703 578 Usque
728 537 796 579 egit
814 536 953 569 Martem
976 548 1058 580 quos
1082 541 1194 569 contra
1217 537 1302 577 dum,
1328 538 1392 569 ruit
1414 538 1484 580 ipse

589 630 598 631 ἶ
632 588 745 620 Mortis
768 588 810 620 ad
833 600 986 621 occasum
1010 600 1107 632 quam
1130 600 1270 632 propere
1294 589 1438 621 nimium.

406 661 437 665 s
540 652 551 671 5
587 639 724 672 Addidit
746 640 843 680 haud,
865 641 969 673 lector
992 641 1087 680 tituli,
1111 641 1250 684 pedibus
1274 641 1368 672 timor
1390 641 1459 672 aias

632 691 696 731 Illi,
720 691 778 724 sed
802 692 904 724 virtus
927 692 1041 724 mortis
1065 693 1187 725 habere
1211 693 1307 725 diem.

590 743 706 780 Quinis
728 743 871 786 Augusti
893 744 996 776 finivit
1018 745 1131 788 sicque
1153 744 1331 777 Kalendis:

634 795 736 828 Cuius
759 795 802 828 da
824 797 963 837 veniam,
986 797 1226 840 cunctipotens,
1250 797 1388 829 animae.

975 984 1131 1017 CXXIII.

754 1048 820 1085 AD
847 1047 1080 1093 QVENDAM
1107 1048 1139 1085 N
1141 1047 1349 1085 OSTRVM.

589 1118 728 1159 Fifltuh,
753 1123 864 1156 treche
887 1124 962 1163 cita,
986 1122 1155 1155 Aldricum
1178 1123 1330 1166 perquire
1354 1132 1518 1164 sagacem:

633 1175 672 1208 In
695 1175 825 1208 Christo
849 1185 978 1218 semper
1000 1174 1052 1206 dic
1076 1174 1242 1216 velita(r)e
1265 1175 1379 1208 virum.

590 1227 701 1270 Atque
724 1227 843 1260 dehinc
865 1230 976 1270 grates
1000 1226 1132 1259 studeas
1156 1227 1339 1270 multasque
1363 1227 1484 1259 referre

634 1279 771 1312 Munere
795 1279 916 1311 collato
939 1278 1178 1311 Alcimedontis
1202 1279 1288 1311 enim

541 1344 553 1363 ⁵
589 1331 729 1374 Indigno
752 1330 843 1372 mihi,
866 1330 946 1363 haut
968 1331 1150 1374 meritoque
1175 1341 1235 1363 sua
1257 1331 1404 1363 bonitate

634 1382 684 1415 Ac
707 1382 776 1415 sine
798 1382 932 1415 servitio
956 1381 1164 1415 sollicitando
1187 1393 1273 1416 meo.

592 1436 657 1469 Sed
680 1435 830 1469 dominus
853 1435 978 1475 reddat,
1002 1436 1088 1479 potis
1111 1440 1163 1468 est
1185 1436 1237 1468 cui
1260 1435 1409 1475 reddere,
1435 1435 1563 1478 dicque,

635 1487 799 1532 Tempore
822 1488 990 1531 praesenti
1013 1487 1133 1520 donula
1156 1488 1251 1531 plura
1273 1488 1346 1520 sibi.

591 1540 692 1572 Basia
714 1540 778 1583 fige
801 1539 888 1583 pedi,
911 1539 1043 1583 propria
1066 1539 1107 1572 sd
1130 1551 1276 1573 remeare
1300 1539 1430 1572 studeto

528 1605 553 1624 ιο
633 1591 717 1624 Cum
739 1591 840 1625 celeri
863 1602 961 1624 cursu
983 1591 1198 1624 transiliendo
1222 1591 1327 1624 simul.

591 1643 642 1676 De
665 1643 745 1676 mihi
768 1643 987 1686 prosperitate
1011 1654 1071 1676 sua
1094 1646 1130 1675 tu
1152 1642 1290 1676 reddere
1315 1646 1450 1682 certum,

635 1694 817 1728 Iucundum
842 1695 954 1728 valeas
978 1706 1026 1736 ac,
1050 1695 1151 1728 veluti
1176 1695 1282 1738 cupio.

591 1747 703 1781 Mente
725 1751 783 1781 tua¹
805 1751 920 1780 teneas
943 1748 1008 1780 fida
1031 1748 1114 1781 haec
1137 1758 1265 1791 quoque
1288 1747 1398 1788 verba,
1421 1747 1539 1786 videto,

634 1801 793 1844 Tergitim
816 1805 932 1842 stratu,
955 1801 1075 1841 fistula,
1098 1800 1175 1833 dum
1198 1799 1348 1833 recubas.

528 1866 553 1887 ιε
589 1853 641 1886 De
663 1853 761 1886 fluvio
784 1853 831 1886 nil
853 1853 1001 1886 Laetheo
1025 1856 1060 1885 tu
1085 1863 1227 1892 sumere,
1252 1851 1349 1891 dicta,

634 1905 844 1946 Praesumes,
867 1905 972 1938 donec
995 1908 1108 1938 nostra
1131 1907 1265 1947 peracta
1289 1903 1425 1936 habeas.

979 2094 1132 2127 CXXIV.

836 2159 841 2164 '
907 2158 972 2195 AD
998 2157 1204 2195 EVNDEM.

594 2231 711 2264 Frater
733 2236 849 2272 amate,
873 2233 954 2265 satis
978 2232 1113 2264 nimium
1134 2234 1169 2264 te
1192 2241 1290 2274 posco
1313 2231 1423 2263 valere

637 2284 676 2316 In
700 2284 839 2323 domino,
865 2284 950 2327 (nos)
975 2284 1030 2327 qui
1054 2283 1195 2326 dempsit
1217 2282 1258 2315 ab
1281 2293 1338 2314 ore
1361 2282 1440 2325 lupi,

596 2334 710 2368 Deluit
734 2346 773 2368 ac
795 2335 925 2378 proprio
949 2333 1071 2378 pariter
1092 2334 1134 2366 dc
1158 2334 1316 2376 sanguine
1339 2333 1454 2375 gratis,

639 2387 690 2420 Ne
713 2387 785 2427 hoc,
810 2387 894 2431 quod
919 2386 1117 2427 condiderat,
1141 2385 1288 2418 laederet
1311 2385 1414 2417 hostis
1437 2387 1541 2417 atrox.

336 2533 472 2568 [mm]
491 2535 508 2561 2
525 2534 621 2562 *ualite
639 2537 684 2562 ced
699 2545 748 2570 pro
766 2545 780 2562 e
798 2536 875 2562 norim
891 2540 976 2569 coepto
995 2544 1011 2561 a
1029 2535 1054 2560 B
1139 2534 1156 2560 4
1174 2534 1295 2560 *munera
1312 2533 1338 2558 B
1419 2531 1451 2558 14
1468 2540 1504 2557 mn
1523 2530 1698 2564 *tergiwnusss
1741 2531 1876 2556 recumbas

231 2585 296 2603 corr.
316 2577 342 2602 Β
446 2577 478 2604 15
496 2579 627 2615 mgr-nus
645 2580 672 2605 in
689 2588 772 2613 my.
790 2579 815 2605 Β

335 2619 472 2656 [cxxlv.]
490 2623 507 2649 2
523 2622 587 2650 *nos
603 2631 652 2648 om.
669 2623 694 2648 B
746 2623 837 2649 demsit
854 2631 921 2648 corr.
939 2622 964 2647 B

335 2705 464 2742 [CXXII]
492 2707 669 2742 Epitaphium
694 2707 758 2740 sort.
775 2716 801 2734 a.
819 2707 871 2735 864
897 2707 999 2740 factum
1026 2706 1056 2732 in
1082 2706 1201 2733 iuvenem
1226 2713 1252 2732 α.
1270 2705 1321 2732 859
1344 2712 1363 2730 α
1385 2703 1478 2730 Darnis
1506 2702 1679 2736 interfectum.
1794 2703 1812 2730 5
1828 2703 1876 2736 cfr.

230 2755 300 2784 Aen.
318 2756 397 2791 VIAE
409 2758 468 2785 224.

334 2809 476 2844 [CXXHM
497 2811 510 2837 1
529 2811 578 2844 cfr.
597 2819 619 2838 c.
638 2810 756 2838 Miconis
774 2810 851 2843 infra
871 2809 1038 2843 CLXVIII,
1053 2810 1074 2836 1.
1180 2809 1196 2835 4
1213 2808 1263 2842 cfr.
1283 2808 1342 2835 Ecl.
1362 2807 1418 2841 III,
1431 2808 1473 2835 37.

335 2856 437 2884 Ροετᾼε
454 2865 538 2885 nunu
557 2866 614 2885 mi
632 2858 756 2886 Ctmoum
775 2857 824 2889 111,
836 2857 861 2884 2.
1637 2853 1672 2880 44
