2138 3106
683 185 850 212 CARMINA
871 185 1094 212 FREDIGARDI
1113 186 1159 212 ET
1179 186 1338 213 MICONIS.
1771 188 1832 219 327

913 332 1100 364 LXXXIV.

723 395 788 431 AD
816 395 943 440 QVEN
945 395 1048 431 ΒΑΜ
1075 395 1295 432 BIFACEM.

548 470 684 513 Accipe,
708 481 840 512 quaeso,
864 481 984 510 meum,
1010 471 1188 510 carissime,
1213 482 1344 502 carmen
1367 472 1524 513 ineptum,

591 523 690 554 quta
713 522 800 564 quod
823 523 908 565 potis
933 525 992 561 est,
1016 523 1146 565 perfice,
1171 533 1320 565 quaeque
1343 527 1464 554 monet.

549 574 636 606 ‘Fae'
661 575 766 616 inquit
791 575 913 606 ‘valeas
938 585 1072 617 compar
1095 586 1158 617 quo
1182 575 1304 617 fingere
1330 586 1453 613 versus,

565 650 577 651 η
593 626 689 658 Unde
712 637 814 668 queas
838 626 959 658 nostris
982 626 1096 658 ludere
1121 637 1194 658 cum
1219 627 1328 659 sociis.

498 686 509 703 ⁵
545 678 630 710 Nam
653 677 744 709 bifax
766 677 900 710 minime
924 687 1058 709 maneas
1082 688 1143 709 ceu
1167 678 1295 719 quaeris
1318 678 1450 710 adesse:

592 729 687 766 Quod
709 730 823 761 vitium
847 739 992 761 summus
1017 729 1095 769 odit,
1120 729 1238 769 adelfe,
1262 729 1352 762 deus.

546 781 751 813 Ebrietatem
777 781 876 813 etiam
900 780 1033 813 studeas
1058 784 1290 823 contempnere
1314 792 1373 813 nec
1397 792 1477 813 non:

591 832 641 864 Ne
665 836 698 864 te
722 842 893 875 perversus
917 832 1062 864 ludificet
1085 832 1232 864 zabulus.

551 884 604 916 Sis
626 887 751 916 tantum
774 894 874 917 verax
898 895 1015 927 parcus
1038 884 1235 927 humilisque
1258 884 1408 927 pudicus:

488 943 513 962 ¹⁰
591 936 683 968 Tune
707 937 831 980 poteris
856 947 982 969 summo
1005 937 1066 969 rite
1090 937 1219 982 plecere
1244 936 1315 968 deo.

549 988 682 1021 Summa
705 988 774 1027 tibi,
797 988 921 1031 pariter
944 1000 1071 1027 moneo,
1095 999 1161 1032 pax
1185 988 1292 1021 cordis
1316 988 1349 1020 in
1371 992 1465 1020 antro

592 1039 749 1072 Obtineat
771 1051 899 1072 sessum
923 1041 986 1072 fine
1010 1044 1107 1073 tenus
1132 1040 1286 1072 validum.

549 1091 711 1123 Iudicium
734 1095 844 1124 metue
869 1093 992 1133 mortis,
1017 1092 1120 1134 qui(a)
1146 1092 1209 1124 iam
1234 1092 1316 1135 petit
1339 1092 1425 1124 orbis

593 1144 757 1176 Occasum
781 1154 880 1176 eursu
904 1147 1062 1187 praepete
1086 1148 1119 1176 et
1142 1144 1320 1177 interitum.

489 1203 512 1221 ¹⁵
549 1195 721 1227 Cernimus
745 1195 806 1228 hoe
830 1206 944 1228 omnes
969 1197 1092 1239 pariter
1114 1197 1315 1238 iuvenesque
1341 1206 1517 1238 senesque:

591 1246 736 1279 Luciflui
759 1247 879 1280 idcirco
903 1248 948 1280 sis
971 1259 1105 1288 memor,
1130 1259 1198 1287 oro,
1222 1248 1300 1290 poli,

551 1299 719 1342 Diripiunt
741 1299 840 1331 validi
865 1311 926 1332 nee
949 1311 1012 1332 non
1036 1311 1132 1343 quem
1155 1301 1224 1332 iure
1249 1300 1352 1333 beati:

594 1350 737 1384 Cernere
760 1355 898 1394 uterque
922 1351 1018 1383 simul
1041 1362 1139 1394 quem
1163 1362 1357 1384 mereamur.
1401 1349 1530 1383 Amen!

550 1402 683 1435 Interea
706 1414 772 1445 pax
797 1403 840 1435 sit
862 1404 1014 1446 vitaeque
1038 1403 1125 1435 salus
1151 1402 1247 1445 (tibi),
1272 1414 1381 1445 poseo,

489 1461 514 1480 ²⁰
592 1454 768 1487 Persolvas
792 1454 895 1487 donec
919 1456 1065 1498 corporis
1089 1454 1242 1487 officium.

925 1651 1096 1685 LXXXV.
1135 1667 1139 1672 ¹

785 1715 850 1752 AD
879 1715 1234 1752 HILDEBERTVM.

552 1789 702 1833 Suscipe,
725 1801 859 1832 quaeso,
883 1791 1013 1834 apicum
1036 1794 1231 1831 nostrorum,
1256 1801 1331 1822 care
1357 1789 1512 1832 sophista,

593 1842 767 1884 Legatum,
790 1853 919 1882 moneo,
944 1853 1093 1886 quaeque
1117 1846 1259 1881 monent,
1283 1842 1392 1873 facito.

550 1893 718 1935 Ignorant,
742 1894 770 1926 si
794 1905 877 1926 cana
899 1895 980 1927 fides
1005 1898 1079 1935 stat,
1102 1895 1223 1927 mansit
1245 1898 1282 1926 ut
1304 1894 1395 1930 olim:

593 1946 802 1989 Quapropter
824 1946 944 1989 trepidi
966 1957 1084 1979 munus
1107 1946 1231 1979 habere
1255 1949 1381 1988 petunt.

500 2005 511 2023 ⁵
547 1996 608 2029 Est
630 1997 739 2040 aliqua
763 1998 822 2030 tibi
846 1999 873 2030 si
895 2009 1012 2041 cuppa,
1036 1998 1114 2031 mihi
1136 1999 1267 2030 mittere
1291 1997 1420 2036 cursim,

593 2049 711 2082 Coram
735 2053 767 2082 te
791 2061 874 2092 quae
898 2054 974 2090 stat,
998 2054 1130 2094 praeter
1153 2060 1236 2088 eam,
1260 2049 1413 2091 rogitant.

553 2101 691 2138 Quando
716 2102 814 2134 etiam
838 2101 924 2134 Dani
947 2105 1128 2145 rapuerunt
1150 2101 1258 2133 omnia
1281 2104 1402 2139 nostra,

594 2154 686 2187 Tunc
710 2165 847 2198 peregre
872 2165 978 2197 cuppa
1001 2155 1059 2186 ivit
1083 2157 1116 2186 et
1138 2154 1210 2196 ipsa
1233 2163 1315 2185 mea.

551 2205 725 2246 Quocirca,
749 2206 807 2238 tibi
832 2206 859 2238 si
882 2206 968 2249 potis
993 2210 1054 2246 est,
1078 2205 1120 2237 sit
1142 2205 1273 2236 mittere
1297 2204 1392 2243 velie,

491 2265 516 2284 ¹⁰
594 2257 792 2300 Hanappum
816 2258 938 2300 pariter
961 2257 1216 2300 impositumque
1241 2266 1348 2298 super.

551 2309 609 2342 Sin
632 2309 764 2341 minime
788 2320 884 2352 posse
909 2313 969 2349 est,
993 2314 1028 2341 tu
1051 2319 1190 2351 semper,
1214 2307 1329 2348 amice,
1353 2307 1475 2338 valeto:

595 2361 668 2393 Hoc
692 2361 835 2403 rogitant
858 2362 961 2393 nostri
984 2353 1138 2393 versiculi
1161 2363 1289 2392 tenues.

0 1959 6 2005 {⁵

0 2017 16 2081 i

0 2089 3 2124 ἓ

0 2159 15 2211 ἱ.

288 2489 448 2523 [LXXXIV.]
470 2489 488 2515 5
509 2489 632 2522 *quaeras
650 2490 675 2515 Β
791 2489 824 2515 10
841 2491 873 2515 do
891 2490 916 2515 B
1035 2490 1064 2515 ll
1085 2490 1189 2515 Summa
1208 2488 1264 2522 tibi]
1289 2488 1440 2514 Summatim
1458 2496 1525 2513 corr.
1543 2487 1568 2512 B
1685 2486 1716 2512 13
1734 2486 1794 2520 *qui
1812 2487 1837 2512 B

188 2532 219 2558 19
237 2533 284 2559 tibi
301 2542 351 2558 om.
368 2533 393 2558 B
410 2533 473 2559 add.
491 2533 591 2558 Beona.
695 2532 730 2558 20
747 2534 815 2558 donn
833 2542 899 2558 corr.
918 2533 943 2558 B

290 2575 437 2609 [LXXXV]
456 2576 472 2601 6
491 2577 572 2609 rogito
591 2586 656 2601 corr.
678 2576 702 2601 B
806 2577 822 2601 9
840 2577 874 2602 sit
892 2577 990 2602 mittere
1009 2577 1076 2602 uelle
1094 2577 1121 2601 iu
1134 2577 1150 2600 l.
1164 2585 1186 2600 r.
1201 2575 1226 2599 B

289 2660 461 2696 [LXXXIV]
493 2661 506 2687 l
533 2661 583 2693 cfr.
605 2668 626 2687 c.
650 2659 777 2694 XXIII,
796 2662 819 2687 1.
945 2661 960 2686 4
989 2662 1036 2693 cfr.
1060 2669 1081 2686 c.
1105 2659 1255 2692 LXXIX,
1276 2660 1316 2685 12.
1446 2659 1475 2684 ll
1504 2658 1555 2691 cfr.
1579 2666 1600 2684 c.
1626 2657 1777 2691 LXXIX,
1797 2658 1836 2685 15.

189 2712 219 2738 17
238 2711 382 2747 Diripiunt
398 2712 446 2744 ἄν.
467 2711 564 2738 Matth.
580 2712 671 2744 11,12.

290 2762 447 2798 [Lxxxv.]
470 2763 582 2790 Carnum
600 2762 756 2790 Hssdeberto
773 2763 856 2796 fratri
873 2762 979 2789 cuidam
999 2762 1145 2788 Corbeismsi
1163 2761 1271 2788 missum
1283 2769 1301 2787 a
1314 2760 1431 2794 Minoae,
1449 2760 1494 2787 oui
1510 2760 1647 2787 subscnzvit
1660 2759 1838 2787 Ramhardus

185 2814 270 2847 frater
287 2813 397 2848 (suidam
416 2814 579 2841 Cerdulensis
597 2816 629 2848 (v.
642 2815 696 2848 29).
801 2816 818 2841 3
836 2823 907 2842 cana
926 2814 1006 2841 Fides
1026 2814 1095 2841 Aen.
1109 2814 1133 2847 I,
1147 2813 1206 2839 292.
1313 2813 1343 2839 11
1365 2811 1420 2845 Osr.
1438 2819 1460 2839 c.
1480 2811 1612 2844 XXVII,
1626 2814 1650 2839 ὅ.
