2040 2996
263 106 322 136 180
821 101 965 128 SEDULII
984 101 1113 128 SCO'I'TI
1132 100 1299 127 CARMINA
1317 101 1351 127 Π,

627 188 729 230 Virgo
753 188 857 220 Maria
880 199 1013 231 parem,
1036 187 1156 230 Ioseph
1180 197 1309 229 quoque
1333 186 1418 218 dona
1440 190 1626 230 receptant:

673 240 811 272 Munera
833 251 894 272 nec

918 240 1043 282 spernit
1065 240 1157 281 virgo
1180 239 1286 270 Maria
1310 249 1438 281 parens.

548 298 572 317 δι’»
626 291 680 323 Sic
705 292 821 323 chorus
846 293 1010 324 ecclesiae
1034 294 1164 323 nostrae
1189 291 1382 322 munuscula
1404 290 1520 322 Musae

674 343 806 386 Accipit
816 355 827 388 :⁴
845 346 882 375 ut
906 354 1053 386 sponsus,
1079 343 1126 374 sic
1149 342 1266 374 chorus
1290 342 1463 375 ecclesiae.

627 394 715 426 Dum
738 396 838 427 micat
861 396 948 427 alma
971 395 1052 434 dies,
1077 404 1190 426 omnes
1215 394 1375 425 laetemur
1397 394 1430 425 in
1453 404 1569 430 unum;

675 445 804 478 Gaudia
827 447 893 478 sint
916 446 1022 486 nobis,
1047 446 1123 477 dum
1147 446 1244 477 micat
1267 445 1354 476 alma
1376 445 1455 476 dies.

626 497 700 528 Lux
723 498 800 539 quia
823 500 900 529 nata

923 497 994 535 fuit,
1019 500 1161 528 testatur
1184 498 1290 538 gratia
1311 496 1409 531 lucis:

545 555 571 573 ⁴⁰
676 549 776 580 Astra
799 559 935 580 corusca
959 549 1072 587 nitent,
1097 548 1154 579 lux
1179 548 1255 590 quia
1278 550 1355 579 nata
1377 547 1448 580 fuit.

629 599 696 631 Nos
720 600 908 641 gradiamur
933 619 972 623 —-
997 610 1091 632 amen
1116 618 1155 622 —
1179 599 1211 630 in
1236 598 1358 630 Christi
1382 599 1505 645 lumine
1530 599 1618 637 laeti,

674 651 727 682 Ad
753 655 899 683 sanctam

923 652 1061 694 patriam
1086 662 1144 682 nos
1169 651 1356 693 gradiamur
1377 669 1421 673 —
1443 661 1547 682 amen.

628 702 745 734 Pastor
767 704 829 734 erit
851 704 966 735 niveus
989 703 1082 735 nobis
1105 703 1219 745 auriga
1240 713 1299 745 per
1322 706 1426 735 astra:

676 755 744 789 Ceu
769 755 891 798 Ioseph
915 765 1054 797 sponsus
1077 758 1190 797 pastor
1213 755 1276 786 erit
1298 755 1426 787 niveus.

836 915 900 947 AD

1063 860 1114 882 xu.

923 914 1146 947 KAROLUM
1169 914 1337 946 REGEM.

628 976 745 1007 Inclite
769 978 886 1015 rector,
911 985 983 1014 ave,
1007 975 1079 1006 laus
1104 975 1202 1015 orbis,
1226 974 1330 1016 gloria
1353 974 1465 1013 saecli,

675 1028 754 1059 Flos
778 1027 889 1069 magni
913 1027 1038 1067 Karoli,
1061 1026 1169 1058 nobile
1192 1027 1303 1058 lumen
1327 1027 1390 1066 avi,

630 1080 783 1112 Caesaris
807 1079 932 1121 egregii
955 1079 1122 1110 Ludewici
1145 1079 1303 1121 principis
1327 1078 1404 1110 almi

676 1132 864 1175 Altipotens
887 1132 1007 1174 proles,
1032 1131 1127 1162 stella
1150 1134 1289 1162 venusta
1312 1131 1431 1170 nitens,

567 1199 571 1208 ·
626 1185 723 1216 Doxa
746 1183 951 1226 triumphalis
976 1184 1072 1215 bellis
1097 1194 1135 1215 ac
1159 1183 1296 1215 Martius
1319 1183 1424 1222 ardor,

675 1237 806 1268 Aureus
830 1240 864 1276 et
886 1246 996 1267 ramus
1021 1235 1286 1277 Caesareumque
1310 1235 1421 1274 decus,

628 1288 720 1320 Inter
742 1288 964 1330 Francigenas
987 1288 1083 1319 niveo
1107 1287 1192 1329 quod
1216 1290 1358 1319 scemate
1382 1287 1496 1329 fulget,

675 1340 809 1372 Lucifer
831 1342 867 1372 ut
890 1340 987 1371 rutilo
1012 1339 1163 1382 splendet
1185 1339 1308 1371 honore
1331 1339 1417 1382 polo.
1441 1357 1483 1362 —

629 1392 707 1424 Flos
731 1393 829 1424 micat
853 1402 930 1424 ecce
953 1392 1062 1424 virens
1086 1395 1119 1424 et
1142 1391 1263 1423 Christi
1286 1391 1411 1434 palmes
1434 1391 1610 1422 honustus:

549 1453 572 1471 10
679 1444 879 1486 Spargamus
903 1444 1002 1476 flores
1026 1444 1222 1476 vernulitate
1246 1454 1361 1480 novos;

630 1497 714 1528 ‘Rex
738 1496 929 1528 benedictus
952 1496 1047 1528 adest
1072 1495 1220 1528 Carolus'
1246 1505 1436 1527 resonemus
1460 1498 1608 1533 ovantes,

678 1548 823 1580 ‘Pacifer
846 1551 882 1579 ut
906 1548 1062 1580 Salomon
1087 1551 1218 1591 sceptra
1241 1551 1378 1591 paterna
1401 1546 1539 1579 tenens?

629 1602 692 1632 Ast
715 1611 780 1632 uno
804 1600 959 1631 Salemon
983 1601 1105 1642 templo
1130 1600 1316 1632 celebratur
1338 1600 1371 1631 in
1395 1599 1489 1636 orbe;

676 1653 767 1684 Mille
793 1652 850 1685 sed
876 1652 928 1684 hic
953 1652 1085 1694 templis
1109 1652 1231 1684 eminet
1255 1655 1325 1683 arte
1350 1652 1453 1684 novis.

554 1713 576 1731 ¹5·
631 1705 691 1737 Ille
715 1705 776 1736 fuit
799 1704 945 1736 Solimae
969 1715 1028 1736 rex
1051 1705 1184 1736 inclitus
1208 1707 1306 1746 atque
1331 1703 1488 1740 celebris:

677 1757 743 1788 Sed
766 1759 896 1788 centum

921 1756 1063 1788 Solimas
1086 1756 1140 1788 hic
1164 1759 1262 1794 tenet,
1279 1756 1485 1788 altitrhonus.

630 1810 690 1841 lllo
715 1809 903 1851 gaudebant
925 1819 1018 1840 mons
1043 1808 1129 1849 Sion,
1153 1818 1246 1840 mons
1271 1808 1431 1844 olearum;

676 1861 774 1893 Hunc
799 1861 902 1903 Alpes

925 1861 1042 1892 niveae
1065 1860 1244 1902 respiciunt
1267 1860 1409 1892 niveum.

628 1914 725 1945 Illum
750 1913 907 1944 Iordanes
930 1913 1055 1954 glaucis
1078 1912 1255 1944 resonabat
1278 1912 1318 1944 ab
1342 1912 1453 1949 undis;

547 1972 572 1990 20
678 1965 840 2006 Corniger
862 1964 948 1995 hunc
971 1964 1108 1996 Rhenus
1131 1966 1288 2006 personat
1310 1964 1462 2005 huncque
1486 1967 1606 2007 stupet.

630 2017 742 2048 Mente
768 2016 953 2048 Salemonis
978 2016 1142 2058 sapientia
1165 2016 1274 2058 prisca
1297 2016 1439 2052 refulsit:

676 2068 740 2099 Hic
762 2078 846 2099 nova
870 2078 943 2099 cum
966 2067 1082 2109 priscis
1107 2077 1200 2099 sacra
1223 2068 1346 2099 fluenta
1368 2067 1460 2099 bibit.

627 2120 725 2151 Hunc
749 2120 836 2151 mitis
860 2119 977 2162 pictae,
1002 2119 1087 2151 hunc
1112 2123 1206 2151 ornat
1228 2119 1321 2161 larga
1343 2122 1501 2162 potestas,

674 2171 790 2213 Diligit
811 2171 897 2203 hunc

922 2171 1073 2203 Christus
1095 2172 1321 2214 glorificatque
1344 2171 1435 2212 deus,

550 2231 574 2249 ²5
628 2222 774 2254 Gallicus
799 2223 886 2254 orbis
910 2233 1013 2254 ovans
1036 2226 1128 2255 tanto
1152 2226 1280 2255 rectore
1305 2227 1464 2264 coruscat,

676 2275 760 2306 Itala
783 2285 880 2316 quem
904 2279 1016 2318 sperat
1039 2278 1127 2307 terra
1149 2275 1249 2307 beata
1271 2275 1398 2307 ducem.

629 2326 683 2358 Ad
708 2326 882 2358 Salemona
904 2327 993 2368 pium
1017 2327 1157 2370 populus
1182 2327 1346 2358 concurrit
1369 2327 1401 2358 in
1424 2337 1540 2364 unum;

678 2378 815 2410 Subdite
840 2378 1007 2411 Caesareo
1031 2379 1143 2410 debita
1166 2388 1269 2421 regna
1291 2379 1371 2416 viro,

365 2492 399 2517 34
422 2493 494 2524 spuit
508 2492 530 2517 C
552 2501 619 2516 corr.
644 2492 793 2516 Duemmlcr

921 2490 984 2524 [xit]
1003 2491 1043 2516 ed.
1062 2491 1174 2516 Pirennc
1193 2491 1316 2516 Sedulius
1334 2491 1365 2515 de
1384 2490 1459 2523 Licye
1478 2491 1561 2516 Brute.
1581 2491 1647 2516 1³52
1665 2491 1749 2523 (mem.
1767 2492 1800 2516 de
1818 2491 1875 2516 Fac.
1894 2500 1917 2515 r.

262 2536 286 2560 d.
307 2535 379 2568 Rely.
399 2535 541 2567 XXXIII)
555 2544 585 2568 p.
604 2535 636 2560 51
728 2535 738 2560 1
761 2536 822 2560 sccli
835 2535 935 2568 passim
950 2535 972 2560 C
1051 2534 1067 2560 3
1079 2535 1233 2560 Ludewicus
1246 2543 1344 2566 semper
1357 2534 1456 2567 scripsi,
1475 2543 1531 2559 cwm
1547 2530 1702 2560 liideuuieus
1714 2536 1753 2560 vel
1766 2534 1918 2560 lodeuuieus

258 2579 394 2610 praeberet
408 2578 430 2602 C
515 2577 529 2603 7
549 2579 637 2603 niveos
652 2579 674 2603 C
689 2587 756 2603 corr.
775 2579 902 2604 Manih'ua

384 2645 448 2679 [χιι]
470 2645 573 2671 Κανοῐο
587 2645 665 2671 (hira
676 2646 792 2672 oblatum
805 2645 883 2679 idque
899 2648 929 2671 ut
944 2645 1060 2672 Plrcn‘rae
1071 2646 1224 2678 sume-(dur
1236 2645 1330 2671 Mettis
1342 2645 1401 2672 869.
1484 2646 1517 2671 10
1530 2645 1696 2672 vernulitns:
1713 2654 1731 2671 a
1743 2653 1791 2672 ver
1802 2653 1917 2671 vernum

262 2705 358 2722 noram
375 2704 457 2723 vocem
475 2696 583 2723 deduoeit
602 2697 733 2724 Smhdius.
821 2698 856 2723 20
873 2697 1001 2730 corniger
1019 2696 1119 2723 fluvius
1136 2704 1156 2722 e.
1172 2705 1197 2730 ῃ.
1218 2697 1287 2722 Aen.
1306 2696 1387 2730 VIII,
1407 2698 1447 2723 77.
1535 2698 1570 2723 25
1589 2697 1664 2723 Fort.
1686 2697 1727 2730 X,
1753 2698 1799 2728 10,
1826 2697 1875 2722 15.
1890 2717 1896 2722 .
1911 2716 1917 2722 .

262 2748 386 2774 Gallicus
404 2748 486 2775 orbis.
573 2748 606 2774 ‘27
627 2748 753 2774 I’rudent.
773 2756 793 2774 c.
812 2748 908 2782 Symm.

928 2748 968 2781 II,
988 2748 1037 2774 777
1057 2755 1218 2774 concurrere
1236 2747 1265 2773 in
1284 2756 1379 2774 unum.

2026 2719 2040 2726 „a
