2060 3074
742 190 789 216 DE
807 190 1036 218 SOBRIFJTATE
1056 191 1164 218 LIBER
1183 192 1203 219 I.
1734 196 1798 226 639

429 286 466 306 ⁷⁸⁵
511 275 582 312 Quo
606 277 659 318 pie
682 278 896 319 praeveniens
920 277 1083 310 Christum
1107 278 1251 320 perfudit
1273 279 1480 320 humandum,

511 327 661 360 Denariis
683 332 776 361 taxat
798 330 963 370 trecentis,
985 330 1079 362 vilius
1102 331 1208 373 ipsum

512 379 642 421 Vendit,
664 381 698 412 in
721 381 853 413 arbitrio
876 382 1016 424 pretium
1040 382 1094 424 qui
1116 383 1208 425 ponit
1231 386 1406 415 ementum.
1452 374 1458 379 “

510 430 583 463 Non
606 435 715 464 tamen
737 432 789 464 hic
811 433 882 464 finis
905 433 1052 465 sceleris:
1077 444 1151 465 reus
1173 434 1228 466 ille
1251 438 1377 466 reatum

510 483 650 526 Flagitio
674 485 838 516 cumulans
861 485 986 527 aptavit
1005 486 1039 517 in
1062 486 1178 518 arbore
1200 486 1340 518 vinclum

429 547 467 567 m
509 535 725 578 Adstringens
748 537 995 568 teretifurialia
1017 540 1149 579 guttura
1170 538 1266 570 nodo.

510 587 646 620 Viscera
667 591 764 631 rupta
787 588 906 620 cadunt
929 589 1028 620 scisso
1052 589 1094 621 de
1117 593 1230 622 ventre
1254 590 1406 631 nefando,

509 638 601 676 Quae
624 642 748 671 tantum
770 650 930 683 peperere
953 640 1078 678 dolum;
1101 641 1219 674 diffusa
1242 653 1302 684 per
1324 653 1418 674 auras

509 690 628 723 Infelix
651 692 758 724 anima
779 692 958 734 ingreditur
979 693 1138 735 penitrale
1162 694 1343 736 gehennae.

508 743 603 775 Miles
625 754 740 776 avarus
761 744 850 785 item,
875 744 950 776 dum
972 748 1082 777 servat
1103 746 1242 778 claustra
1264 747 1412 789 sepulcri,

427 809 465 828 m
509 795 581 832 Quo
603 795 727 827 Iudaea
748 806 861 827 manus
885 796 998 827 clausit
1021 796 1159 828 erudelis
1182 797 1301 838 Iesum,

509 847 574 880 Ore
597 848 697 880 refert
719 849 850 891 plenum
874 847 991 880 Christi
1014 848 1055 880 de
1078 852 1181 881 morte
1206 850 1390 893 tropheum:

507 900 638 932 Visibus
661 901 815 942 angelicis
838 903 1031 943 conceptum
1054 901 1151 933 corde
1174 912 1338 944 pavorem,

509 951 551 984 Se
573 952 812 992 iaouisse‘solo,
836 955 962 984 remeat
985 951 1061 984 dum
1083 953 1151 984 vita
1173 955 1309 996 sepulto,
1333 973 1374 978 —

507 1003 678 1036 Veridicus
700 1004 803 1044 testis,
825 1004 853 1035 si
874 1005 1020 1046 praemia
1042 1005 1130 1036 nulla
1154 1004 1316 1037 darentur.

426 1068 466 1088 son
507 1055 616 1087 Vertit
637 1055 679 1087 ab
701 1055 764 1087 hoc
787 1055 938 1098 cupidum
962 1055 1039 1088 data
1061 1057 1164 1088 multa
1186 1058 1325 1100 pecunia
1346 1068 1442 1090 vero:

506 1107 663 1139 Ablatum
685 1107 830 1139 referens
851 1110 1008 1139 nocturno
1031 1108 1064 1139 in
1087 1111 1235 1151 tempore
1259 1109 1431 1150 Christum,

507 1159 594 1191 Dum
616 1169 713 1202 sopor
734 1160 870 1201 ignavus
893 1159 958 1191 iam
981 1159 1084 1191 fessos
1108 1165 1245 1204 occupat
1267 1166 1364 1194 artus.

548 1220 689 1252 XXVII.
713 1220 818 1252 Huius
841 1221 997 1252 avaritiae
1020 1221 1132 1253 vitium
1156 1221 1298 1254 didicere
1323 1223 1502 1255 cavendum

507 1271 665 1314 Discipuli
688 1271 817 1312 Christi,
842 1273 971 1304 tunicae
994 1272 1071 1304 dum
1094 1273 1246 1316 simplicis
1270 1285 1330 1306 usu

425 1336 463 1356 ιω
506 1323 657 1356 Contenti
679 1333 792 1366 peram
815 1327 945 1366 portare
968 1327 1119 1356 vetantur
1141 1329 1175 1357 et
1197 1336 1283 1358 aera.

506 1374 567 1407 His
589 1378 726 1407 vacuata
748 1375 793 1418 pii
815 1378 906 1406 tanta
928 1375 1046 1407 virtute
1070 1377 1196 1408 refulsit

506 1426 632 1458 Dextra
654 1426 753 1467 Petri,
777 1426 819 1458 ad
842 1429 969 1469 portam
992 1426 1068 1459 dum
1091 1427 1225 1460 claudus
1248 1429 1365 1461 debilis
1389 1440 1482 1462 orans

505 1478 614 1510 Poscit
637 1478 857 1518 elemosinam,
880 1488 1028 1519 gressum
1053 1479 1260 1523 celeremque
1285 1484 1436 1513 meretur.

506 1529 578 1561 Hac
600 1529 779 1561 medicatus
803 1539 876 1572 ope,
900 1530 998 1562 iacuit
1021 1531 1075 1573 qui
1099 1532 1244 1574 pluribus
1267 1534 1358 1564 annis

423 1595 462 1614 sio
503 1581 590 1614 Ante
613 1582 700 1614 fores
723 1582 846 1624 templi,
870 1581 955 1614 dono
978 1583 1113 1615 meliore
1136 1584 1262 1617 levatus

504 1633 606 1666 Exilit
627 1633 806 1676 ingreditur
824 1633 940 1665 laudat
962 1637 1136 1666 veneratur
1149 1627 1282 1669 'adorat

504 1685 654 1728 Denique
679 1687 833 1728 quantum
856 1685 925 1716 auri
949 1686 1141 1729 qualemque
1164 1687 1322 1729 pecuniae
1346 1698 1491 1720 amorem

505 1736 717 1769 Christicolae
739 1737 833 1779 primi
856 1740 1002 1778 tenuere,
1026 1737 1108 1770 haec
1130 1741 1224 1780 gesta
1247 1739 1440 1781 probarunt:

505 1788 601 1826 Quod
623 1788 684 1821 sibi
707 1789 887 1820 contulerat
909 1788 1070 1821 distractis
1092 1789 1242 1822 venditor
1263 1791 1359 1832 agris,

423 1853 461 1873 sis
505 1839 682 1872 Calcavere
705 1841 770 1872 suis
794 1840 931 1883 pedibus
954 1851 1014 1873 nec
1037 1845 1173 1884 tangere
1197 1841 1321 1874 dextris

504 1892 639 1934 Dignati
661 1892 798 1935 propriis
820 1892 953 1935 inopum
976 1903 1125 1935 sparsere
1147 1903 1207 1936 per
1228 1904 1316 1927 usus.

503 1943 662 1976 Venditor
683 1944 860 1985 Annanias,
885 1944 961 1976 dum
984 1948 1111 1988 partem
1134 1945 1247 1978 fraude
1271 1949 1458 1989 retemptat,

503 1995 650 2039 Coniuge
673 2006 746 2028 cum
769 1996 899 2038 propria
921 1997 1017 2039 periit
1039 1997 1116 2029 heu!
1144 2000 1247 2029 morte
1271 1998 1385 2030 citata:

504 2047 645 2080 Exitiale
668 2048 790 2080 malum
813 2049 930 2080 merita
953 2049 998 2080 sie
1022 2049 1105 2081 falce
1128 2050 1275 2081 recisum.

420 2113 459 2132 sm
502 2099 610 2132 Lerna
632 2101 725 2142 palus
747 2111 887 2142 anguem
911 2101 1025 2141 tenuit,
1049 2101 1090 2133 de
1115 2102 1235 2133 vertice
1260 2101 1349 2134 cuius

242 2237 291 2264 791
309 2237 384 2272 scisso
395 2238 421 2263 A
509 2237 560 2264 793
577 2246 678 2272 genuae
691 2237 716 2262 A
808 2236 859 2263 802
882 2238 994 2271 ignauus
1012 2238 1049 2263 eie
1062 2238 1086 2263 A

139 2313 328 2348 sepulturam'.
350 2329 384 2334 -
406 2314 564 2349 Hiormtym.
584 2313 690 2348 stoloy.
710 2314 810 2347 galaat.
829 2313 954 2348 (Vulqat.
974 2312 1215 2346 odjfficlwndorf
1229 2321 1291 2347 pay.
1307 2313 1459 2348 XXVIII)
1478 2323 1527 2342 vos
1548 2316 1666 2343 famulas
1684 2317 1787 2344 Christi

138 2374 217 2401 roge,
239 2374 312 2401 quae
329 2366 436 2394 domini
454 2366 654 2394 discumbentis
673 2366 876 2400 pretiosissimo
898 2366 962 2392 fidei
983 2374 1061 2399 myro
1078 2365 1127 2398 (εἰσ
1144 2365 1258 2399 Amiat.)
1276 2366 1383 2399 ungitis
1403 2368 1496 2400 caput.

241 2417 291 2444 '187
308 2418 405 2446 m.
422 2419 510 2450 26,15
526 2418 603 2452 ‘quid
622 2417 707 2445 vultis
726 2418 794 2444 mihi
813 2418 898 2444 dare?
917 2419 945 2444 et
963 2426 1015 2452 ego
1035 2417 1111 2444 vobis
1130 2417 1256 2444 tradam&
1286 2419 1316 2443 at
1334 2418 1376 2444 illi
1397 2418 1603 2446 constituerunt
1621 2419 1646 2446 ei
1665 2419 1786 2454 triginta

138 2470 292 2504 argent-m
379 2469 516 2496 788-793
538 2469 636 2497 Mam».
654 2470 738 2503 27‚5‚·
755 2471 867 2498 Arator.
886 2470 967 2497 1444
988 2471 1049 2496 fusa
1072 2469 1130 2496 ruit
1149 2469 1244 2496 Arrius
1265 2469 1330 2496 alvo
1356 2471 1455 2497 Infelix
1480 2471 1542 2505 plus
1566 2472 1660 2498 mente
1686 2472 1787 2499 cadens

138 2520 281 2556 letumqm
292 2523 451 2556 peremptus
463 2521 532 2549 Cum
545 2522 614 2549 Iuda
625 2530 770 2549 commune
782 2522 857 2554 tulit,
870 2522 919 2556 qui
931 2523 1046 2556 gutture
1059 2521 1183 2556 pendens
1194 2521 1351 2548 Visceribus
1365 2524 1499 2549 vacuatus
1512 2522 1580 2550 obit.
1651 2524 1788 2551 794—802

138 2572 239 2600 m.
257 2573 300 2606 28,
314 2573 422 2601 11—15.
509 2574 561 2601 802
585 2574 639 2607 Oft.
657 2573 705 2601 Ge.
722 2574 837 2601 1V190.
924 2574 1063 2602 803-805
1087 2573 1186 2600 Mauh.
1205 2573 1246 2606 10,
1259 2574 1276 2599 9
1299 2573 1388 2600 nolite
1410 2573 1549 2608 possidere
1573 2583 1672 2601 aurum
1695 2583 1786 2609 neque

137 2627 284 2660 argentum
302 2634 393 2660 neque
410 2625 557 2660 pecuniam
577 2626 606 2652 in
624 2626 700 2652 zonis
719 2626 830 2658 vestris,
857 2635 913 2652 non
931 2634 1025 2660 peram
1045 2625 1075 2651 in
1093 2625 1139 2651 via.
1157 2633 1248 2659 neque
1267 2625 1336 2651 duas
1358 2625 1483 2657 tunicas:
1508 2626 1554 2658 cfr.
1573 2626 1681 2653 Arator.
1702 2626 1787 2654 1286.

137 2677 272 2704 806-811
291 2677 351 2704 Act.
369 2677 394 2709 3,
410 2678 501 2704 1—10.
570 2678 709 2704 812—818
726 2677 784 2703 Aa.
803 2677 828 2708 4,
841 2676 934 2708 32-5,
949 2677 992 2708 10;
1012 2676 1119 2702 Δναίον.
1139 2675 1220 2702 1405
1238 2675 1316 2702 rutili
1335 2675 1410 2709 quod
1425 2684 1528 2711 pompa
1546 2676 1654 2703 metalli
1668 2677 1787 2704 Ponitur

138 2730 204 2755 unte
227 2728 310 2763 pedes
333 2729 416 2756 uaeris
440 2738 496 2756 non
519 2729 615 2756 debita
638 2729 757 2761 dextr-itu
782 2729 902 2756 Destitui
922 2729 1023 2756 debere
1042 2728 1174 2762 probant,
1202 2728 1276 2762 quod
1304 2729 1419 2762 tangere
1444 2727 1536 2754 vitant
1559 2728 1785 2762 Calcandnmque

137 2779 250 2812 docent,
277 2779 352 2814 quod
374 2780 499 2808 subdunt
518 2781 659 2815 gressibus
682 2789 789 2808 aarum.
883 2781 943 2808 820.
956 2781 1007 2807 821
1027 2780 1082 2813 Ofr.
1106 2779 1179 2807 Serv.
1197 2779 1234 2806 ad
1251 2780 1319 2806 Am.
1339 2779 1383 2806 VI
1391 2780 1442 2807 287
1465 2779 1701 2814 compilator-esque
1726 2781 1783 2807 eius

137 2839 156 2858 a
178 2831 290 2859 Philone
305 2833 406 2859 effatos.

1526 2884 1581 2910 81*
