2060 3074
480 340 518 359 325

478 857 516 876 ³³5

475 1116 514 1136 ³⁴0

477 1376 514 1396 ³⁴³

477 1637 515 1657 ³⁵0

476 1897 514 1917 ³55

752 189 864 216 VITAE
882 190 908 216 S.
927 189 1095 217 GERMANI
1116 190 1223 217 LIBER
1237 190 1270 217 V.
1776 195 1836 223 497

556 275 713 308 Conscius
737 276 792 307 ille
816 276 877 308 sibi
900 279 1027 308 ternum
1052 287 1227 319 superesse
1251 278 1423 313 nomisma,

554 327 704 370 Amplius
728 327 815 359 haud
838 328 1009 370 quicquam
1034 332 1182 371 sumptus
1205 329 1375 371 respondit
1398 330 1430 360 in
1455 340 1578 361 omnes.

555 379 632 411 Mox
655 379 746 410 iubet
768 379 909 421 indiguis
933 380 1042 422 largiri
1066 384 1184 412 cuncta
1207 381 1360 418 misellis3

556 430 720 462 ‘Victuros
744 430 841 462 hodie
865 441 925 463 nos
948 431 1056 470 unde‚'
1081 431 1237 463 diaconus
1261 433 1364 474 inquit

556 482 697 521 ‘Sancte‚
721 482 848 525 putas?
894 483 976 514 *Non
998 483 1048 515 fas
1072 482 1201 515 Christo
1226 483 1382 516 diffidere’
1407 484 1504 517 dixit:

554 534 684 566 ‘Pascet
707 538 740 566 at
763 534 819 566 ille
843 545 918 566 suos
943 554 981 558 —
1006 535 1051 566 nil
1074 545 1158 567 nunc
1182 545 1356 567 vereamur
1380 555 1418 558 —
1445 547 1578 578 egenos.

556 585 606 617 Tu
629 585 734 622 modo,
758 585 842 628 quod
866 586 949 628 potis
973 589 1033 625 est,
1056 586 1171 628 inopes
1196 597 1309 618 curare
1335 586 1521 620 memento)

552 637 694 678 ‚Venturi
718 641 841 675 cautus,
866 648 1050 680 quanquam
1074 649 1138 669 non
1162 638 1242 677 iure,
1267 638 1414 670 minister

554 689 772 732 Largiturque
796 689 876 721 duos
899 700 1063 732 unumque
1087 691 1120 721 in
1143 694 1275 732 postera
1299 693 1416 722 servat.

595 741 670 773 Non
693 741 774 772 lucri
796 744 933 781 tantum,
956 741 1097 784 dampni,
1122 742 1170 773 vir
1192 741 1336 783 provide,
1361 745 1515 784 quantum
1594 749 1759 781 Apum-opha
1777 750 1814 775 ad

554 792 626 824 Hac
650 792 722 824 vice
745 793 891 824 struxisti
916 795 1066 824 temnens
1089 795 1266 835 praecepta
1289 793 1436 835 magistri
1635 792 1775 818 diaconem.

552 844 777 886 Lucratusque
800 854 914 886 parum
937 844 1085 876 meruisti
1109 843 1246 886 perdere
1271 844 1420 875 multum:

556 895 610 927 Sic
633 895 777 928 vindicta
800 906 935 938 sequax,
960 896 1006 927 sic
1029 899 1140 927 votum
1164 895 1241 927 lusit
1263 906 1406 928 avarum.

597 947 747 990 Dumque
771 948 834 979 iter
857 947 1044 990 expediunt,
1069 947 1182 990 rapido
1206 948 1332 980 fervore
1356 948 1463 980 citatis
1579 959 1716 992 L'cleqatos
1730 960 1834 993 Leporii

554 999 639 1031 Ecce
662 1000 721 1031 viri
744 1003 920 1032 cernuntur
941 1000 1032 1042 equis
1055 1003 1130 1043 post
1153 1003 1246 1042 terga
1267 1003 1443 1032 meantum.
1635 1003 1766 1036 exceperit.

555 1051 730 1084 Desiluere
753 1051 843 1084 brevi
867 1052 1054 1094 sanctisque
1078 1052 1111 1083 in
1135 1051 1270 1094 pulvere
1293 1051 1356 1083 fusi

550 1103 773 1136 Procumbunt
795 1103 943 1146 pedibus.
990 1103 1073 1135 Tum
1097 1103 1144 1135 sic
1166 1104 1199 1135 in
1223 1103 1323 1135 verba
1346 1103 1508 1136 feruntur:

552 1155 660 1188 ‘Haud
684 1156 797 1199 procul
820 1156 894 1188 hinc
918 1156 1083 1187 dominum
1108 1158 1275 1198 spectatae
1298 1155 1488 1192 nobilitatis„

552 1207 716 1240 Fortunae
739 1208 889 1243 celebris,
913 1208 1072 1250 praecelsi
1096 1208 1176 1239 iuris
1201 1207 1371 1246 habemus,

552 1259 657 1296 Quem
681 1259 788 1292 saevis
811 1263 908 1301 urget
929 1260 1054 1291 iactura
1077 1258 1384 1296 domesticamodis.

553 1310 635 1343 Cum
658 1311 787 1343 famulis
811 1312 963 1354 omnique
987 1311 1083 1343 domo
1107 1329 1146 1334 -
1171 1310 1355 1342 miserabile
1380 1310 1467 1342 dictu
1493 1331 1531 1334 —

553 1364 699 1396 Decubat
722 1364 898 1396 innumeris
921 1363 1070 1396 addictus
1093 1363 1234 1405 denique
1259 1362 1388 1395 morbis.

553 1416 607 1448 Sic
629 1420 727 1453 certe,
752 1417 798 1448 sic
822 1416 877 1448 ille
901 1427 971 1453 sua,
995 1416 1041 1447 sic
1065 1415 1119 1447 ille
1144 1425 1275 1446 suorum

553 1467 654 1500 Clade
677 1478 813 1511 gemens
836 1468 987 1500 miseram
1011 1477 1106 1510 quam
1129 1467 1267 1509 primurn
1292 1466 1485 1509 abrumpere
1507 1467 1606 1498 vitam

552 1520 688 1557 Quaerit
711 1524 745 1552 et
767 1521 888 1552 invisos
910 1520 996 1552 loeto
1019 1519 1111 1551 finire
1134 1518 1273 1551 labores.

553 1571 720 1615 Comperit
744 1575 777 1604 at
800 1575 973 1614 postquam
998 1574 1124 1603 nostras
1148 1581 1204 1602 vos
1228 1571 1275 1602 ire
1299 1581 1357 1613 per
1381 1580 1466 1605 oras,

551 1625 724 1667 Ambiguis
747 1625 864 1657 animis
887 1635 964 1666 spes
988 1626 1038 1656 est
1060 1623 1203 1666 rellapsa
1227 1623 1352 1654 salutis.

552 1676 632 1709 Eius
655 1687 739 1708 nunc
763 1676 804 1708 ad
827 1687 885 1708 vos
909 1676 1042 1708 ferimus
1066 1675 1280 1717 lacrimasque
1304 1685 1500 1717 precesque:

553 1729 587 1761 Si
610 1729 731 1771 poterit
753 1727 886 1770 dignum
911 1728 1015 1770 pietas
1039 1727 1071 1759 id
1095 1727 1215 1759 ducere
1238 1730 1357 1765 vestra,

550 1781 656 1813 Visite
678 1781 901 1823 languentem:
927 1780 1100 1812 summisso
1124 1781 1256 1822 pectore
1280 1779 1396 1821 poscit.

553 1832 610 1864 Sin
633 1832 776 1864 violenta
798 1842 913 1874 preces
937 1831 1113 1863 absumunt
1136 1831 1222 1863 seria
1246 1833 1373 1862 nostras

550 1884 620 1916 Nec
643 1884 728 1927 potis
753 1887 802 1916 est
825 1884 921 1916 itiner
944 1894 1104 1926 quoquam
1127 1883 1287 1915 desistere
1312 1885 1475 1925 coeptum.

553 1938 597 1968 At
621 1936 772 1979 precibus
794 1937 888 1968 iustis
914 1935 1098 1968 benedictio
1123 1935 1234 1967 iuncta
1257 1934 1395 1966 salubris

552 1988 750 2032 Compenset
772 1989 881 2020 vultus
905 1988 1146 2019 oblectamenta
1168 1986 1294 2028 negati:

553 2040 626 2072 Uno
650 2039 798 2078 donetur,
822 2040 848 2071 si
872 2050 934 2071 non
959 2043 1122 2071 mereatur
1144 2037 1305 2080 utroque.'

552 2091 635 2124 Tum
658 2095 750 2134 pater
772 2091 946 2123 ammirans
968 2090 1044 2122 fidei
1069 2090 1254 2122 venerabile
1278 2090 1396 2132 pignus

550 2143 694 2175 Indoluit
717 2143 911 2185 strinxitque
935 2143 1078 2175 animum
1101 2142 1232 2185 pietatis
1257 2141 1375 2183 imago.

551 2195 595 2227 Et
617 2205 802 2238 quanquam
825 2195 931 2237 coepti
955 2194 1139 2226 stimularet
1162 2203 1240 2225 cura
1262 2192 1384 2225 laboris

551 2247 625 2279 Non
649 2247 779 2290 differre
803 2246 899 2285 diem,
923 2246 976 2278 via
999 2246 1119 2278 rectior
1141 2245 1197 2277 illa
1220 2247 1362 2288 putatur,

553 2298 626 2336 Qua
649 2308 774 2330 merces
798 2298 887 2340 operi
911 2300 1060 2330 servatur
1082 2296 1195 2328 debita
1217 2296 1314 2328 iusto.

551 2351 621 2383 Nec
645 2360 749 2382 mora:
774 2349 913 2382 divertit.
961 2349 1104 2380 Comites
1128 2348 1291 2380 obsistere
1315 2349 1437 2381 contra.

550 2402 667 2445 Legati
689 2405 802 2434 contra
825 2401 948 2433 conixis
972 2400 1094 2432 viribus
1118 2400 1251 2439 instant,

551 2453 703 2495 Dumque
728 2452 760 2484 hi
783 2452 924 2494 dumque
947 2451 1005 2491 illi,
1028 2451 1064 2483 fit
1087 2450 1286 2483 concertatio
1311 2450 1417 2491 longa.

292 2575 397 2600 Scholia
416 2589 446 2593 —
464 2574 515 2600 324
533 2574 643 2606 ternum}
658 2579 708 2600 tres
720 2583 810 2600 aureos
879 2573 928 2599 354
949 2571 1024 2605 seria]
1039 2573 1203 2598 necessitates
1274 2569 1325 2596 364
1338 2569 1469 2602 obsistere]
1483 2570 1641 2595 obsistebant
1710 2569 1762 2595 366
1781 2568 1829 2602 illi]

189 2625 224 2642 se.
242 2618 399 2644 contendunt

291 2704 327 2728 ad
344 2703 395 2730 338
413 2706 442 2730 A.
462 2713 484 2729 a.
504 2705 528 2729 d.
548 2713 596 2729 om.
615 2704 707 2729 Bosch.
811 2701 862 2727 333
880 2706 960 2726 tatum
980 2702 1004 2726 Ρ
1105 2701 1156 2726 336
1175 2701 1304 2726 uincdieta
1322 2708 1389 2724 corr.
1409 2699 1433 2724 P
1535 2697 1584 2724 354
1605 2699 1655 2724 Seu
1674 2698 1765 2723 Bosch.

289 2788 340 2815 34⁷
360 2788 426 2814 Aen.
448 2787 465 2814 l
468 2787 492 2814 V
499 2788 547 2815 631
569 2787 691 2815 Invisam
709 2795 844 2821 quaerens
863 2795 947 2820 quam
966 2785 1085 2820 primum
1103 2784 1268 2818 abrumpere
1286 2784 1384 2810 lucem.
1489 2783 1540 2810 360
1557 2790 1577 2808 e.
1593 2790 1619 2815 9.
1639 2782 1707 2809 Aen.
1721 2782 1770 2809 IX
1778 2784 1829 2810 292

189 2839 282 2874 Atque
299 2839 423 2867 animum
441 2839 550 2875 patriae
567 2839 681 2866 strinxit
699 2838 813 2873 pietatis
832 2838 932 2872 imago.

293 2891 395 2919 Pomz
413 2899 496 2918 ιΑτικι
515 2899 573 2918 ›ii—:vi
591 2891 714 2918 Cfflomm
732 2889 782 2921 111,
799 2890 824 2916 2.
1591 2885 1624 2912 63
