2060 3074
298 168 361 198 668
954 163 1107 191 MILONIS
1125 163 1302 191 CARMINA.

667 252 729 289 Qui
753 263 808 283 vas
833 262 905 283 esse
930 251 1027 294 cupit,
1051 251 1132 282 vitet
1155 251 1306 293 contagia
1329 250 1441 282 sordis.

667 304 882 346 Suscepturus
906 303 992 334 enim
1016 303 1208 345 quicumque
1233 305 1388 345 expectat
1412 303 1559 343 amicum,

665 355 845 397 Praeparat
868 355 1054 396 hospitium,
1078 355 1177 386 verrit
1201 355 1292 395 citus,
1315 355 1452 395 instruit,
1476 358 1583 386 ornat:

583 420 621 439 790
666 406 790 448 Cuique
815 406 912 437 domo
936 406 969 437 in
992 406 1109 446 mentis
1133 405 1299 438 dominum
1322 407 1447 438 virtutis
1469 407 1592 439 habere

665 458 880 500 Hospitioque
905 458 958 500 pio
982 458 1062 489 felix
1084 458 1220 490 intentio
1245 458 1334 490 cordi
1358 461 1417 499 est,

665 510 827 552 Purgetur
850 510 945 549 vitiis,
968 510 1071 541 niteat
1094 510 1263 542 virtutibus
1286 511 1394 547 almis;

663 562 795 604 Hospes
819 562 904 594 enim
927 561 1046 594 nitidus
1068 562 1255 594 habitacula
1276 563 1414 595 honesta
1436 564 1579 606 requirit,

666 613 797 646 Gaudet
819 615 852 646 in
875 614 1047 646 immundis
1071 625 1123 646 sus
1147 626 1262 657 spurca
1285 615 1392 647 iacere
1416 616 1542 648 cloacis.

582 679 619 698 '195
665 666 761 703 Quod
783 667 869 709 legio
895 667 1033 709 signavit
1056 670 1159 706 atrox,
1185 677 1268 709 quae
1292 666 1390 699 foeda
1413 669 1566 710 putentes

665 718 813 761 Expetiit
836 729 962 761 porcos,
986 719 1094 751 meriti
1117 719 1278 751 consortia
1301 720 1403 751 coeni.

669 771 731 807 Qui
754 772 822 802 vult
845 781 917 803 esse
941 771 1085 811 adamas,
1109 771 1231 803 hircino
1256 771 1411 813 sanguine
1435 771 1538 814 tingui

664 823 829 854 Luxuriae
854 826 979 864 caveat,
1002 834 1043 855 ne
1068 823 1198 866 frangat
1220 823 1356 855 malleus
1379 824 1483 860 illum;

665 875 815 918 Denique
839 875 976 907 ferratas
1000 878 1127 907 mentes
1151 875 1262 907 domat
1285 878 1356 907 atra
1378 875 1490 907 libido.

582 950 620 968 eoo
708 936 799 967 XIX.
824 936 1008 968 Hieremias
1033 936 1132 968 trenis
1157 936 1305 968 distincto
1330 937 1471 968 carmine
1495 937 1634 979 quadris,

665 987 746 1019 Cum
771 998 828 1019 sua
850 988 1031 1020 lamentans
1054 988 1168 1030 tangit,
1191 988 1284 1030 haec,
1308 991 1466 1031 tempora,
1489 988 1610 1031 prodit:

666 1039 853 1072 ‘Candidior
875 1041 948 1072 nive
971 1040 1156 1072 Nazaraeus
1179 1040 1404 1081 sanctificatus,

666 1092 725 1124 Ille
751 1092 812 1124 deo
836 1093 942 1124 vultus
966 1095 1050 1124 tetro
1075 1093 1215 1124 carbone
1239 1091 1413 1135 nigrescit.‘

665 1144 738 1176 Hoc
761 1144 890 1187 poderis
914 1144 1064 1184 candens,
1088 1145 1216 1187 fulgens
1238 1145 1415 1176 humeralis
1441 1145 1587 1185 amictus,

582 1209 620 1228 805
664 1196 768 1228 Tenia
790 1196 954 1236 lumbaris,
978 1197 1104 1228 stolaris
1127 1197 1231 1239 gloria
1254 1197 1338 1236 colli,

667 1247 784 1280 Casula
808 1251 923 1280 cuncta
946 1251 1071 1291 tegens,
1096 1249 1242 1280 sandalia
1265 1248 1472 1291 pacificorum

665 1299 806 1332 Pulchra
829 1300 950 1342 pedum
972 1301 1183 1344 reliquaeque
1207 1301 1376 1332 ornamina
1401 1300 1500 1332 vestis
1523 1300 1680 1332 honestae

665 1352 857 1395 Designant,
880 1353 983 1385 niteat
1006 1354 1152 1385 sincerae
1175 1357 1212 1385 ut
1234 1354 1338 1395 gloria
1360 1353 1457 1392 vitae,

665 1404 805 1436 Nomine
830 1405 980 1448 quodque
1004 1405 1115 1446 refert,
1138 1406 1284 1438 imitetur
1311 1408 1343 1437 et
1366 1406 1437 1448 ipse
1461 1404 1626 1437 sacerdos:

583 1469 622 1488 810
666 1456 715 1488 Sit
737 1457 791 1499 pia
815 1457 918 1489 forma
941 1458 1005 1489 suis
1029 1458 1157 1500 populis
1180 1458 1322 1500 ipsisque
1346 1468 1438 1490 sacer
1461 1457 1542 1494 dux;

668 1508 716 1540 Sit
740 1509 878 1552 sapiens,
902 1509 1054 1552 prudens,
1078 1513 1196 1551 rectus,
1220 1520 1370 1542 sermone
1394 1512 1536 1552 paratus,

666 1561 810 1593 Moribus
834 1565 975 1604 ornatus,
1000 1561 1086 1594 dicat
1108 1562 1270 1605 faciatque
1294 1562 1423 1594 salubre
1447 1560 1534 1605 [est].

666 1612 752 1645 Huic
775 1614 865 1645 velut
888 1617 938 1646 est
959 1614 1129 1656 pulchrum
1154 1615 1237 1646 comi
1259 1614 1432 1647 virtutibus
1456 1614 1559 1654 almis,

666 1664 741 1697 Non
763 1675 856 1697 secus
881 1665 1022 1698 obsceno
1047 1669 1096 1698 est
1119 1667 1275 1698 maculari
1297 1669 1392 1709 turpe
1415 1666 1531 1708 piaclo.

582 1729 621 1749 ω
665 1717 840 1748 Anteriora
862 1717 952 1749 velut
975 1718 1103 1750 stellato
1127 1718 1296 1750 inluminat
1319 1718 1398 1750 orbe

666 1769 732 1801 Ora
754 1779 856 1812 pavus
879 1770 1028 1812 giratque
1054 1781 1132 1802 suae
1156 1770 1372 1802 ostentamine
1396 1769 1533 1810 caudae,

665 1821 852 1853 Posteriora
874 1824 995 1862 tamen,
1020 1833 1104 1864 quae
1127 1822 1239 1863 nudat,
1263 1823 1388 1865 turpius
1411 1822 1558 1854 horrent:

665 1873 739 1905 Non
761 1884 854 1905 secus
876 1874 1025 1906 humanis
1049 1875 1103 1917 qui
1125 1875 1245 1907 iustum
1268 1875 1390 1907 visibus
1415 1874 1522 1914 offert,

407 2015 457 2042 789
476 2016 555 2041 uestit
567 2015 591 2040 L
673 2013 724 2039 794
742 2015 790 2047 cfr.
805 2023 888 2047 wpra
905 2015 942 2040 ad
958 2023 1018 2048 paq.
1035 2013 1095 2046 283,
1108 2013 1140 2040 91
1225 2013 1275 2040 797
1294 2014 1409 2046 adamals
1423 2014 1446 2039 A
1500 2014 1608 2047 hyrcino
1622 2013 1646 2038 L
1726 2011 1778 2038 806
1795 2012 1922 2044 ειηΙᾶιΙίι
1934 2011 1960 2037 Δ

300 2059 350 2085 807
369 2060 522 2085 hornamina
536 2058 560 2082 A
647 2056 698 2083 812
715 2055 836 2083 *salubre
854 2061 894 2082 est
906 2057 956 2082 AL
1042 2057 1094 2083 814
1112 2066 1160 2083 om.
1180 2062 1203 2083 et
1216 2062 1276 2090 pon
1293 2056 1344 2083 827
1363 2057 1426 2083 add.
1439 2057 1464 2082 L
1551 2056 1603 2082 815
1620 2055 1756 2087 inluminas
1769 2056 1794 2081 Α

406 2143 464 2170 795.
479 2143 529 2170 796
556 2142 624 2170 Luc.
643 2143 668 2174 8,
681 2142 729 2175 30;
751 2141 838 2169 Seduz.
858 2142 912 2169 HI
921 2143 954 2170 73
978 2142 1129 2177 prosiluere
1152 2142 1222 2176 viri,
1247 2151 1316 2177 quos
1339 2151 1395 2170 non
1419 2142 1493 2169 mala
1517 2142 1653 2169 daemone
1677 2149 1767 2176 pauco
1789 2141 1793 2176 Ι
1813 2141 1862 2168 sed
1885 2140 1961 2176 legio

301 2196 423 2223 vexabat
441 2197 529 2223 atrox.
620 2195 758 2222 797-799
779 2195 933 2230 Hieronym.
956 2195 1095 2223 C'omment.
1114 2196 1146 2222 in
1164 2196 1248 2223 Amos
1267 2196 1320 2222 111
1331 2196 1346 2222 7
1366 2195 1475 2229 (Miyne
1492 2194 1534 2226 25,
1549 2194 1629 2228 1073)
1646 2195 1821 2220 transeamus
1839 2193 1875 2220 ad
1893 2201 1962 2220 ana-

301 2256 394 2282 gogen
412 2247 447 2274 de
459 2248 615 2274 Xenocrate
634 2247 695 2280 (cfr.
710 2246 839 2281 Intebeck,
859 2247 1043 2283 Hieronymus
1059 2256 1127 2282 quos
1137 2248 1241 2275 noverit
1258 2248 1399 2282 scriptores
1413 2255 1477 2282 paq.
1491 2247 1536 2280 99)
1555 2246 1604 2281 qui
1623 2245 1721 2272 scribit
1733 2253 1817 2280 super
1833 2244 1961 2280 lapidum

302 2301 423 2333 naturis,
446 2309 537 2335 pauca
555 2300 640 2327 verba
660 2300 795 2334 ponentes
814 2299 950 2332 ‘adamas‚
976 2309 1059 2334 quem
1079 2300 1174 2328 Latini
1197 2300 1367 2328 indomitum
1392 2307 1539 2334 possumus
1557 2298 1715 2332 appellare,
1740 2305 1772 2325 eo
1796 2297 1871 2332 quod
1889 2296 1961 2324 nulli

302 2352 384 2380 cedat
402 2352 544 2384 materiae,
562 2361 614 2379 nec
632 2352 704 2378 ferro
723 2351 845 2386 quidem.
875 2360 941 2379 nam
959 2352 982 2379 si
1001 2354 1124 2387 ponatur
1142 2361 1226 2388 super
1244 2352 1376 2380 incudem
1394 2353 1423 2378 et
1441 2351 1522 2386 gravi
1541 2350 1600 2377 ictu
1618 2349 1737 2377 feriatur
1754 2349 1858 2382 mallei.
1876 2350 1962 2376 antea

302 2405 380 2431 incus
399 2405 428 2431 et
450 2404 568 2431 malleus
587 2403 688 2430 vulnus
711 2403 867 2438 accipiunt,
896 2413 981 2438 quam
1003 2404 1118 2431 adamas
1143 2406 1304 2432 conteratur
1329 2425 1353 2431 ..
1378 2403 1424 2430 hic
1448 2403 1521 2438 lapis
1544 2402 1708 2429 durissimus
1731 2403 1760 2429 et
1781 2400 1962 2429 indomabilis

302 2457 360 2483 solo
379 2456 518 2483 hircorum
538 2464 634 2482 cruore
661 2455 839 2482 dissolvitur'.
865 2477 888 2483 .,
912 2456 982 2483 haec
1006 2457 1153 2492 sanguinis
1176 2457 1317 2484 hircorum
1336 2458 1365 2483 et
1384 2455 1472 2490 ipsius
1492 2454 1562 2482 hirci
1586 2454 1691 2481 dicitur
1714 2454 1906 2485 essenatura,
1929 2454 1963 2480 ut

303 2508 340 2534 sit
358 2507 393 2534 ad
413 2507 561 2534 libidinem
580 2506 766 2534 calidissimus
786 2508 814 2534 et
833 2508 906 2541 quod
927 2508 1002 2542 ignis
1021 2508 1149 2535 edomare
1168 2509 1299 2542 nequeat,
1318 2508 1394 2535 solus
1419 2507 1496 2534 illius
1515 2506 1650 2533 dissolvat
1668 2514 1755 2533 cruor.
1836 2505 1897 2532 802.
1910 2505 1963 2532 803

306 2559 404 2586 Tmen.
423 2559 448 2591 4,
462 2559 477 2584 7
497 2558 672 2585 candidiores
686 2552 823 2585 Nazaraei
841 2559 901 2586 eius
919 2560 983 2586 nive
1003 2580 1025 2587 ..
1045 2560 1062 2586 8
1080 2560 1230 2595 denigrata
1249 2561 1291 2586 est
1310 2568 1393 2594 super
1411 2559 1545 2586 carbones
1558 2558 1644 2585 facies
1657 2566 1765 2590 eorum3
1784 2557 1836 2590 cfr.
1851 2556 1962 2591 Greyor.

304 2610 401 2637 Moral.
424 2610 557 2636 XXXII
564 2610 598 2636 22
622 2610 675 2643 (M.
702 2611 742 2642 76,
755 2610 826 2644 663).
921 2611 1060 2638 804—808
1083 2612 1134 2644 cfr,
1157 2611 1386 2638 Pseudo-Alema·
1412 2610 1445 2638 de
1473 2610 1572 2637 divinia
1597 2609 1694 2642 officiis
1721 2617 1781 2644 cap.
1798 2609 1832 2635 39
1859 2608 1964 2642 (Μᾶρκε

304 2662 361 2693 101,
377 2662 471 2695 1242).-
488 2661 611 2688 describit
630 2662 700 2688 Milo
719 2662 851 2696 poderem
870 2663 1036 2690 candentem
1055 2663 1074 2690 i.
1087 2663 1188 2697 albam,
1207 2663 1379 2690 humeralem
1399 2663 1533 2690 amictum
1550 2663 1570 2690 i.
1587 2661 1819 2696 superhumerale,
1837 2660 1963 2687 taeniam

303 2713 457 2740 lumbar-em
476 2714 493 2740 i.
512 2722 618 2747 zonam,
639 2714 741 2741 stolam
760 2715 800 2742 vel
817 2715 953 2748 orarium,
981 2715 1103 2742 casulam
1123 2717 1155 2748 (c.
1176 2724 1248 2750 quae
1268 2723 1350 2750 super
1373 2714 1467 2742 omnia
1486 2714 1652 2740 indumenta
1674 2712 1798 2748 ponitus,
1821 2712 1964 2747 signifieat

304 2766 451 2792 caritatem
469 2765 734 2799 Pseudelcm'mms),
754 2767 890 2794 sandalia.
961 2768 1013 2794 810
1032 2768 1045 2793 1
1060 2767 1135 2794 Petr.
1149 2768 1174 2798 5,
1186 2767 1203 2793 2
1222 2767 1329 2801 pascite
1347 2766 1396 2800 qui
1410 2766 1440 2792 in
1454 2765 1533 2793 vobis
1546 2767 1589 2793 est
1601 2773 1715 2800 gregem
1729 2764 1775 2791 dei
1793 2785 1800 2792 .
1811 2785 1817 2791 .
1837 2765 1855 2791 3
1871 2772 1963 2798 neque

304 2819 335 2843 ut
355 2817 531 2844 dominantes
551 2816 579 2842 in
600 2817 688 2849 cleris,
708 2819 754 2844 sed
774 2820 863 2845 forma
881 2819 950 2846 facti
968 2819 1048 2853 gregi
1067 2820 1096 2845 et
1115 2827 1147 2845 ex
1166 2818 1268 2845 animo.

1884 2860 1908 2892 ’ἶ
