2138 3106
807 193 995 220 ΡΟΕΜΑΤΙΑ
1014 195 1174 222 MICONlS.
1752 198 1816 228 319

929 323 1051 356 LXIV.

889 387 906 422 1
932 386 963 422 T
990 387 1019 423 E
1046 387 1094 423 M.

529 460 594 492 Hic
618 471 680 503 ego
705 461 764 492 sub
787 460 886 492 nimio
911 460 1112 499 Godelendis
1136 462 1223 494 fasce
1248 463 1380 504 quiesco

573 511 725 553 Telluris,
750 523 868 554 eorpus
892 512 1012 554 prodiit
1034 512 1120 544 unde
1145 513 1244 555 prius.

529 563 614 595 Nam
637 564 738 596 ternis
760 563 876 604 Nonis,
900 563 1041 604 domine,
1065 575 1107 596 ex
1130 564 1191 596 hac
1214 565 1286 597 luce
1311 566 1434 597 recessi

543 615 730 658 VrAugusti:
754 616 897 648 famulae
921 626 1006 648 nunc
1029 616 1185 648 miserere
1209 619 1294 649 tuae.

942 780 1046 812 LXV.

777 842 892 878 ITEM
917 843 1204 880 EPYTAFIVM.

530 916 594 948 Hic
619 927 680 959 ego
705 917 867 949 Gerwidis
890 917 955 949 iam
979 928 1076 950 carne
1101 918 1208 949 soluta
1231 918 1374 960 quiesco,

575 968 850 1011 Reddere-quam
875 969 990 1001 statuit
1014 970 1244 1012 cunctipotens
1267 970 1394 1002 iterum.

531 1020 673 1060 Interea,
698 1021 810 1061 lector,
833 1021 999 1053 dominum
1022 1021 1154 1064 pulsare
1178 1021 1318 1061 studeto,

573 1072 646 1109 Quo
671 1073 749 1104 mihi
772 1075 963 1115 perpetuam
986 1072 1041 1104 det
1064 1073 1207 1104 famulae
1233 1073 1388 1115 requiem.

480 1131 492 1149 ⁵
527 1123 612 1156 Nam
637 1125 748 1167 quinto
771 1123 893 1156 Februi
915 1124 1041 1156 decimo
1065 1135 1107 1156 ex
1130 1124 1192 1156 hac
1217 1125 1290 1156 luce
1315 1124 1484 1156 Kalendas

574 1175 727 1208 Decessi:
751 1175 890 1216 Christe,
915 1179 950 1208 tu
974 1177 1102 1209 veniam
1127 1177 1245 1209 tribue.

930 1340 1050 1373 LXVI.

892 1404 908 1440 I
935 1404 966 1440 T
992 1405 1022 1440 E
1049 1404 1096 1441 M.

537 1477 703 1521 Incipiunt
726 1489 846 1521 parvae
871 1489 971 1521 super
992 1479 1165 1521 euangelia
1187 1480 1301 1521 glosae

535 1530 707 1569 Quattuor,
732 1533 886 1562 enarrant
909 1531 1046 1573 sparsim
1070 1542 1154 1573 quae
1179 1531 1333 1574 dogmata
1356 1532 1487 1564 Christi.

534 1582 629 1625 Ipsae
653 1582 771 1615 devote
797 1583 986 1625 relcgatque
1011 1583 1162 1622 fideliter,
1187 1595 1254 1623 oro,
1392 1627 1394 1629 Ι

533 1634 654 1667 Lector
677 1634 826 1675 devotus,
850 1646 971 1667 nocuas
996 1636 1172 1678 reprobare
1196 1636 1353 1679 sciatque,

483 1693 495 1712 ⁵
533 1686 674 1719 Officere
697 1687 780 1720 haec
803 1687 905 1719 menti
928 1687 1060 1719 valeant
1082 1698 1123 1719 nc
1147 1687 1230 1719 forte
1254 1688 1406 1720 relectae.

532 1738 578 1770 At
600 1738 631 1770 si
651 1749 735 1781 quae
758 1739 880 1772 fuerint
903 1743 1017 1781 gratae
1041 1739 1113 1779 sibi,
1138 1740 1277 1782 pectoris
1300 1743 1393 1771 antro

532 1789 707 1822 Pertrahat
729 1794 763 1823 et
786 1791 864 1822 mihi
887 1802 945 1834 pro
968 1791 1096 1823 mendis
1121 1791 1248 1823 veniam
1271 1791 1348 1823 dare
1373 1791 1492 1823 discat:

532 1841 628 1884 Ipsas
651 1853 709 1885 pro
732 1842 819 1875 fastu
844 1842 953 1874 studui
978 1842 1033 1884 qui
1056 1843 1180 1884 fingere
1203 1843 1303 1882 nullo,

534 1892 600 1925 Sed
622 1893 779 1937 lucroque
802 1905 885 1934 meo,
909 1894 1014 1936 magis
1038 1905 1076 1926 ac
1100 1905 1198 1926 causa
1221 1905 1407 1937 puerorum.

925 2059 1066 2093 LXVII.

748 2122 863 2159 ITEM
891 2123 1045 2159 SVPER
1072 2122 1240 2159 LECTO.

533 2195 610 2234 Hic,
633 2195 715 2228 deus
739 2197 953 2237 omnivalens,
978 2196 1146 2228 recubanti
1170 2197 1253 2228 ferto
1276 2196 1436 2234 iuvamen,

533 2245 606 2282 Quo
631 2247 710 2278 mihi
733 2247 900 2291 dispositis
924 2249 1050 2280 valeam
1074 2258 1268 2290 consurgere
1293 2247 1381 2278 horis

533 2297 678 2340 Impiger
696 2301 799 2341 atque
823 2299 882 2331 tibi
907 2300 1102 2342 promissum
1126 2298 1263 2331 reddere
1288 2302 1397 2330 votum

506 2369 508 2371 -
531 2349 688 2392 Pervigil,
711 2361 730 2382 o
754 2350 895 2388 domine,
920 2351 1026 2383 zabuli
1051 2351 1121 2383 sine
1145 2349 1259 2382 fraude
1283 2349 1428 2391 maligni.

481 2407 493 2426 ⁵
531 2400 723 2444 <De)super,
746 2412 812 2441 oro,
836 2405 892 2434 tua
916 2402 1072 2434 defendat
1095 2401 1212 2433 dextra
1234 2402 1388 2439 iacentes,

534 2452 688 2495 Undique
712 2454 788 2496 quin
813 2458 967 2486 maneant
990 2454 1085 2486 tutati
1109 2456 1203 2485 nocte
1227 2453 1354 2494 dieque.

273 2564 383 2598 [hxlv.]
401 2564 418 2590 3
437 2566 530 2591 recessi
547 2566 574 2590 in
593 2566 611 2591 l.
628 2575 650 2591 r.
670 2565 695 2590 B

272 2607 370 2641 [LXV]
391 2608 402 2633 l
422 2609 554 2642 gen-nuidis
571 2617 603 2634 ex
620 2618 687 2634 corr.
705 2608 732 2634 B

272 2650 382 2684 [LXVl.]
401 2650 419 2677 4
435 2652 547 2677 deuotus
565 2651 591 2676 B
694 2652 711 2678 5
730 2652 818 2678 ualent
836 2652 861 2677 Β
878 2661 944 2677 corr.
966 2652 1064 2677 Bellim.

272 2693 395 2727 [vau.]
414 2694 431 2720 5
448 2694 548 2728 *Super
566 2694 591 2720 B

272 2769 393 2805 [LXIV]
410 2770 460 2803 osr-
477 2778 499 2797 c.
520 2770 643 2797 XLVII.

273 2821 392 2856 [LXV1.]
414 2822 700 2855 Praesatiuncula
717 2823 797 2849 libri
815 2822 988 2849 cuiusdam
1008 2821 1151 2849 Miconis
1173 2821 1234 2847 *iam
1253 2820 1423 2855 deperditi.
1512 2820 1528 2847 4
1547 2820 1595 2852 cfr.
1613 2828 1634 2846 c.
1650 2819 1779 2852 XXVII,
1795 2823 1818 2846 6.
