2040 2996
252 121 310 151 112
816 116 980 143 AUDRADI
998 115 1127 142 MODICI
1146 114 1322 141 CAR-MINA.

611 203 747 235 Praesul
770 206 804 235 et
827 214 869 235 ex
892 202 999 234 animo
1024 212 1059 233 se
1083 201 1191 232 dicere
1214 201 1293 232 talia
1315 201 1415 232 iurat:

516 262 552 281 12⁵
612 255 709 287 ‘Gara
731 255 827 287 nimis
852 255 969 286 coniux
993 257 1026 286 et
1051 253 1153 285 dulcis
1177 253 1273 291 filius,
1297 253 1357 289 ite;

612 307 657 338 Ut
680 310 788 339 vestro
812 307 925 349 generi
948 305 1082 348 dignum
1107 304 1244 337 servetis
1268 303 1435 344 honorem,

615 359 727 390 Thura
750 362 892 392 cremate
916 358 988 400 piis,
1013 357 1067 399 qui
1088 356 1182 388 vobis
1205 356 1325 398 gaudia
1347 356 1434 388 vitae

616 410 832 442 Accumulare
857 412 980 452 queunt
1003 412 1036 441 et
1059 411 1191 440 cunctas
1216 409 1342 440 solvere
1367 407 1500 451 culpas’.

249 470 273 491 C·
288 470 338 490 VII·
615 461 676 493 Oui
699 461 887 494 veneranda
911 461 1001 493 dedit
1024 471 1217 503 responsum
1239 460 1302 492 hoc
1325 460 1446 492 femina
1470 460 1588 491 solum:

517 520 555 539 1³0
613 513 698 545 ‘Non
721 524 773 545 me
795 514 965 556 permittat
987 512 1145 551 Christus,
1171 523 1267 554 quem
1289 515 1423 555 pectore
1445 514 1514 543 toto

612 566 757 608 Concepi
781 565 918 597 credens
943 565 1108 596 dominum
1132 575 1228 607 super
1252 565 1361 596 omnia
1383 575 1507 604 verum,

612 618 698 649 Ullis
721 618 786 649 iam
809 621 929 656 tecum,
952 617 1095 660 praesul,
1121 616 1325 648 sermonibus
1348 616 1406 648 uti.

613 670 774 712 Ignorans
798 669 920 701 etenim
944 679 1057 700 verum
1079 669 1253 700 simulacra
1275 668 1446 711 sequebar,

614 721 776 764 Tempore
801 732 864 764 quo
888 724 997 752 tecum
1020 731 1072 752 me
1096 721 1161 752 illis
1186 731 1342 752 curvasse
1365 719 1533 757 recordor;

519 781 555 800 1³⁵
617 773 683 805 Sed
706 784 790 805 nunc
815 773 969 805 caelestis
993 773 1056 804 iam
1080 783 1216 805 cernens
1240 772 1361 815 gaudia
1383 772 1479 812 vitae,

615 825 709 857 Haec
733 835 850 867 sequar
873 828 906 857 et
930 824 1050 856 Christi
1073 835 1250 867 numquam
1273 825 1412 867 vestigia
1435 823 1599 867 linquam’.

616 877 762 909 Callidus
785 877 860 909 hinc
883 877 990 908 animo
1013 887 1148 919 praeses
1171 877 1248 908 dum
1272 877 1455 919 comprimit
1476 877 1567 916 iram,

616 928 785 961 Convertit
805 929 924 961 faciem
946 929 1142 971 monitisque
1166 931 1285 971 urguet
1308 929 1482 969 Iulianum,

614 981 753 1013 Pronius
777 984 812 1013 ut
834 981 930 1013 flexis
956 981 1140 1013 cervicibus
1165 981 1313 1013 omnibus
1336 981 1400 1012 aris

520 1040 557 1059 14⁰
615 1033 790 1076 Impendat
813 1037 923 1076 grates
947 1044 1005 1076 pro
1030 1044 1066 1065 se
1090 1033 1266 1076 mundique
1290 1033 1406 1072 salute,

618 1085 825 1127 Adiungens:
851 1084 993 1117 ‘Dudum
1018 1085 1098 1116 mihi
1121 1088 1154 1117 te
1179 1085 1284 1124 decet,
1309 1095 1327 1116 0
1350 1085 1488 1124 Iuliane,

614 1136 689 1169 Hoc
712 1137 819 1179 ipsum
841 1137 976 1179 placidis
999 1140 1129 1180 pactum
1153 1137 1343 1169 meminisse
1366 1137 1525 1179 loquelis„

615 1188 712 1221 Unde
737 1200 799 1231 ego
822 1189 963 1221 laetatus
988 1189 1121 1221 dissolvi
1145 1199 1276 1221 carcere
1299 1189 1376 1221 ferri

616 1240 837 1283 Consultuque
859 1241 908 1280 tui
930 1252 1087 1284 praesens
1111 1241 1269 1273 sollemne
1293 1241 1417 1283 paravi,

521 1300 558 1319 14⁵
616 1293 661 1324 Ut
684 1295 716 1325 te
741 1295 904 1324 tantarum
927 1295 1083 1324 revocent
1105 1293 1263 1325 miracula
1285 1303 1393 1325 rerum

614 1345 658 1376 Et
681 1348 819 1376 mortem
839 1344 970 1387 fugiens
994 1344 1163 1376 nobiscum
1187 1345 1380 1378 nobiliteris.

618 1396 737 1429 Omnia
761 1399 836 1428 sunt
859 1399 1001 1439 praesto,
1025 1399 1062 1428 ut
1085 1396 1203 1436 cernis,
1227 1397 1293 1428 iam
1316 1396 1445 1438 iamque
1468 1395 1579 1428 venito

616 1448 660 1480 Et
684 1449 825 1491 supplex
847 1451 938 1480 orato
963 1448 1051 1486 deos,
1077 1459 1157 1491 quos
1181 1448 1421 1491 omnipotentes

617 1500 800 1532 Romanum
824 1499 998 1542 imperium
1021 1502 1089 1531 toto
1113 1502 1289 1532 veneratur
1312 1499 1444 1532 honore.

522 1559 559 1578 15⁰
618 1552 703 1584 Nam
726 1555 782 1584 tua
804 1552 870 1583 iam
892 1551 1011 1594 placidi
1033 1552 1205 1594 ignoscunt
1229 1554 1337 1584 errata
1359 1554 1511 1590 veterna;

618 1603 668 1635 Tu
690 1606 816 1635 tantum
840 1604 1003 1646 obsequiis
1027 1604 1169 1636 animum
1192 1603 1401 1635 monstrando
1425 1603 1554 1636 fidelem

617 1655 743 1687 Exerta
766 1654 916 1686 dextram
942 1655 1111 1698 cultroque
1135 1655 1247 1687 occide
1271 1655 1456 1687 columbam

619 1707 779 1739 Omnibus
803 1707 854 1738 his
878 1717 1005 1743 coram;
1029 1710 1138 1739 tecum
1160 1707 1321 1739 laetemur
1343 1710 1379 1739 ut
1402 1717 1526 1747 omnes,

620 1759 702 1791 Cum
724 1759 846 1790 fuerint
868 1758 935 1790 divi
958 1759 1079 1802 placati
1101 1770 1236 1791 munere
1259 1758 1391 1798 vestro)

255 1817 280 1837 C·
294 1817 358 1837 vm.
523 1818 559 1837 1⁵⁵
619 1810 772 1853 ‘Tempus
797 1809 910 1849 adest‚’
933 1810 1078 1842 Iulianus
1102 1811 1147 1843 ait
1171 1813 1244 1853 ‘quo
1268 1811 1373 1852 gloria
1395 1814 1507 1842 nostra

620 1862 780 1894 Omnibus
803 1862 852 1894 his
876 1862 1003 1905 populis
1027 1863 1207 1894 clarescere
1232 1862 1360 1902 debeat,
1384 1865 1420 1894 ut
1444 1863 1485 1894 sit

622 1914 761 1957 Cognita
784 1915 930 1947 venturis
953 1915 1057 1946 nostri
1078 1915 1191 1946 libatio
1216 1913 1354 1946 saeclis?

618 1966 778 1999 Laetatur
800 1960 942 2010 praeses,
966 1966 1043 1998 dum
1065 1967 1145 1998 talia
1168 1966 1278 1999 dicere
1302 1969 1450 1998 sanctum

619 2019 731 2059 Audit,
756 2022 788 2051 et
811 2018 992 2051 exhibitum
1018 2019 1138 2051 sanctis
1163 2018 1329 2050 obtutibus
1354 2018 1459 2058 offert,

526 2078 563 2097 1⁶0
621 2071 667 2103 Ut
689 2071 795 2111 feriat,
820 2071 968 2111 cultrum,
993 2082 1108 2102 munus
1133 2070 1359 2113 quodcumque
1382 2070 1610 2112 propinquum.

621 2123 666 2155 At
690 2123 795 2155 sancti
817 2123 968 2166 intrepidi
991 2123 1113 2155 vexillo
1135 2134 1170 2155 se
1194 2122 1296 2155 crucis
1321 2124 1455 2154 armant.

361 2185 427 2210 Acta
445 2185 477 2210 B.
498 2185 549 2210 Iul.

256 2242 282 2262 et.
299 2241 405 2262 matrem
423 2238 492 2263 eius:
518 2236 647 2262 ‘Accedite
664 2240 690 2262 et
707 2237 870 2270 repropitiato
894 2237 967 2262 vobis
985 2237 1057 2268 dece,
1082 2236 1176 2269 quibus
1198 2244 1268 2261 nunc
1291 2244 1374 2268 usque
1396 2235 1527 2260 servistis'.
1563 2235 1612 2260 Cui
1635 2235 1790 2260 venerabilis
1814 2233 1906 2259 mulier

259 2279 354 2312 (solum
372 2279 408 2314 B)
429 2281 477 2305 hoc
495 2280 564 2306 dedit
584 2289 746 2313 responsum:
772 2279 841 2306 ‘Non
866 2280 929 2305 mihi
952 2280 1030 2305 faciat
1051 2283 1128 2305 verus
1152 2280 1226 2310 deus,
1251 2287 1327 2312 quem
1352 2279 1474 2312 cognovi,
1499 2282 1528 2303 ut
1551 2278 1618 2303 ultra
1641 2282 1727 2303 tecum
1748 2277 1906 2310 colloquium

256 2325 369 2356 habeam5
389 2332 433 2357 per
450 2324 620 2357 ignorantiam
641 2321 721 2354 (enim
732 2323 769 2356 B)
790 2323 847 2354 feci,
866 2331 931 2356 quae
949 2323 1025 2348 dicis:
1048 2323 1099 2348 iam
1117 2322 1227 2355 cognovi
1245 2323 1385 2354 veritatem,
1403 2330 1420 2348 a
1437 2331 1488 2354 qua
1506 2330 1646 2354 numquam
1663 2321 1795 2347 recedam'.
1830 2321 1906 2346 'runc

258 2376 358 2400 praeses
379 2375 518 2392 conversus
539 2368 571 2392 ad
588 2369 616 2392 B.
637 2367 767 2392 Iulianum
785 2367 862 2392 dixit:
887 2365 962 2391 ‘Ecce
980 2366 1065 2392 omnia
1086 2369 1266 2399 paratasunt:
1289 2366 1404 2398 implete,
1429 2373 1495 2397 quae
1518 2364 1706 2398 spopondistis'.
1747 2365 1772 2389 S.
1790 2365 1810 2389 1.
1828 2363 1904 2388 dlxii:

257 2410 319 2435 ‘Iam
338 2414 376 2436 est
393 2411 455 2435 hora
474 2410 499 2435 in
517 2419 568 2442 qua
585 2411 765 2443 glorificemur,
784 2414 813 2436 ut
831 2411 950 2436 omnibus
968 2410 1115 2435 videntibus
1133 2410 1237 2443 gloriosi
1255 2409 1440 2443 appareamus'.
1477 2409 1622 2434 Marcianus
1643 2406 1757 2441 (praeses
1769 2407 1805 2440 B)
1826 2407 1905 2432 dixit:

259 2452 324 2485 ‘1⁴2st,
349 2454 370 2478 si
392 2454 470 2478 vultis
492 2453 601 2478 salutem
622 2454 761 2487 consequi'.
796 2455 825 2479 Β.
846 2455 865 2479 1.
887 2455 919 2479 ad
941 2455 1023 2479 socios
1045 2462 1105 2479 suos
1129 2454 1178 2479 ait:
1203 2453 1411 2487 ‘Appropiemus,
1436 2456 1466 2478 ut
1491 2453 1599 2478 salutem
1617 2459 1805 2484 consequamur
1827 2454 1853 2476 et
1873 2451 1907 2476 sit

258 2497 284 2521 in
309 2496 397 2521 notitia
421 2497 502 2522 seculi
525 2498 706 2529 superventuri
730 2497 896 2530 sacrificium,
928 2498 996 2530 quod
1020 2497 1113 2522 facturi
1136 2505 1226 2522 sumus
1249 2495 1342 2521 hodie'.
1384 2495 1516 2520 Praecedit
1539 2503 1641 2528 praeses
1664 2498 1690 2520 et
1713 2495 1785 2520 iubet
1807 2502 1851 2519 eos
1874 2493 1906 2519 de

259 2540 357 2572 privata
382 2540 496 2564 custodia
522 2540 610 2565 venire
637 2541 784 2566 existimans
811 2549 866 2566 esse
894 2549 997 2571 verum,
1029 2540 1098 2573 quod
1121 2540 1230 2565 volebat.
1276 2539 1388 2572 Ingressi
1414 2547 1475 2564 vero
1502 2539 1582 2564 sancti
1610 2539 1637 2563 in
1663 2538 1788 2571 templum
1810 2536 1906 2563 vexillo

363 2640 413 2667 124
430 2643 521 2668 Prasul
538 2652 605 2668 corr.
618 2643 643 2668 P
747 2643 796 2669 144
813 2643 1025 2676 *consultumque
1043 2643 1069 2668 P
1084 2644 1132 2676 cfr.
1151 2652 1173 2668 v.
1193 2642 1226 2668 92
1334 2641 1383 2667 152
1401 2642 1513 2668 *Exerce
1532 2642 1557 2667 P

368 2719 418 2746 125
439 2719 484 2751 cfr.
503 2719 570 2746 Aen.
589 2720 642 2753 IV,
662 2721 694 2746 91
713 2720 782 2747 Cara
800 2720 873 2747 Iovis
892 2719 1020 2747 coniunx.
1127 2719 1176 2746 126
1195 2719 1263 2746 Aen.
1282 2719 1371 2753 11:601
1391 2717 1513 2744 servavit
1530 2718 1671 2745 honorem.
1778 2717 1828 2743 130
1842 2716 1904 2743 Met.

260 2771 285 2804 I,
298 2771 348 2798 495
366 2771 478 2805 pectore
496 2772 564 2798 toto.
669 2772 718 2798 132
735 2772 781 2804 cfr.
800 2780 821 2798 v.
841 2772 899 2799 107.
1007 2772 1056 2798 139
1075 2771 1121 2804 cfr.
1139 2779 1161 2798 v.
1181 2771 1223 2798 96.
1329 2771 1379 2798 145
1397 2770 1504 2796 Iuvenc-
1522 2769 1564 2804 11,
1583 2770 1633 2797 641
1653 2769 1786 2796 mir-acula
1804 2777 1904 2796 rerum.

1862 2821 1883 2850 ,ἶ
