2060 3074
232 146 294 175 572

517 345 554 364 130

517 603 553 622 135

517 862 554 882 140

521 1130 558 1149 145

522 1391 560 1409 150

523 1651 559 1670 155

527 1910 563 1929 160

527 2170 563 2189 165

529 2439 566 2459 170

350 2746 400 2773 134
418 2756 524 2773 munere
538 2748 561 2772 Β

888 139 1039 167 MILONIS
1058 138 1234 166 CARMINA.

599 229 751 260 Fertilior
774 231 885 260 tamen
909 230 942 258 et
964 227 1101 258 multum
1124 225 1292 257 fecundior
1313 225 1388 256 hinc
1411 227 1470 265 est,

599 280 694 316 Quod
716 280 816 311 talem
839 279 977 311 fructum
1001 278 1186 310 venerando
1210 277 1344 320 protulit
1367 279 1448 308 ortu.

598 332 691 363 Haec
713 332 782 371 tibi,
805 332 867 363 rite
891 331 969 362 colis
994 340 1100 373 quem,
1125 329 1242 369 Gallia,
1264 329 1350 360 misit
1373 327 1568 360 Amandum.

598 384 724 415 Nobilis
747 384 821 415 huic
845 383 974 425 genitor
998 382 1114 421 fuerat,
1139 382 1193 424 qui
1215 382 1284 413 iure
1309 380 1449 412 Serenus

597 435 655 467 Est
678 435 792 475 dictus,
816 435 967 477 quoniam
991 433 1108 466 meruit
1130 443 1288 475 generare
1311 442 1478 468 serenum;

598 487 742 529 Egregia
766 490 799 518 et
821 487 961 529 genitrix
985 490 1034 518 est
1057 487 1156 526 cuius,
1180 485 1334 517 Amantia
1357 484 1452 516 dicta.

599 539 682 570 Rem
707 539 852 582 stupidus
875 539 973 570 miror
995 538 1103 570 divino
1127 538 1259 569 numine
1284 540 1420 579 gestam,

599 590 694 627 Quod
717 591 777 622 sibi
801 591 995 622 conveniunt
1018 591 1155 632 genitor,
1179 589 1320 631 genitrix
1343 589 1535 630 genitusque

598 643 789 674 Nominibus
812 643 917 685 dignis
942 642 1099 674 donorum
1121 652 1256 673 munera
1280 641 1400 672 fantes:

599 695 749 737 Namque
774 694 914 726 Serenus
939 705 1048 734 ovans,
1073 694 1214 736 genitrix
1238 696 1271 724 et
1294 692 1447 724 Amantia
1469 692 1607 735 pollens,

598 747 672 778 Non
695 747 810 778 mirum
834 749 893 786 est,
917 749 1076 788 generent
1100 746 1126 777 si
1149 745 1250 776 talem
1273 745 1343 776 iure
1366 745 1520 787 puellum,

599 798 738 830 Nomine
763 799 816 840 qui
840 798 941 830 sancti
964 800 1164 829 memoretur
1188 797 1305 828 amoris
1328 796 1506 828 Amandus.

599 850 627 882 Ο
651 850 732 882 felix
754 850 856 892 regio,
881 860 964 892 quae
988 850 1088 881 talem
1111 849 1318 891 promeruisti

600 902 753 942 Cernere,
778 902 862 933 ferre
886 902 998 941 virum,
1021 901 1159 933 nutrire:
1184 901 1268 932 hunc
1292 901 1318 932 si
1341 900 1510 941 tenuisses,

602 953 675 985 Non
699 956 808 985 tantae
833 956 1004 995 quaterent
1027 956 1059 984 te
1084 963 1167 984 nunc
1189 953 1263 984 hinc
1285 951 1360 983 inde
1384 953 1556 994 procellae.

601 1005 701 1047 Ergo,
726 1005 848 1037 Serene
872 1008 974 1047 pater,
1000 1005 1055 1036 tali
1079 1015 1138 1047 pro
1161 1005 1298 1047 pignore
1323 1005 1422 1036 salve.

602 1057 717 1089 Inclita
739 1060 854 1097 mater,
878 1068 948 1096 ave,
973 1067 1056 1099 quae
1081 1057 1167 1088 claro
1191 1056 1336 1098 germine
1361 1057 1466 1088 flores.

645 1117 719 1149 VII.
746 1117 808 1154 Qui
830 1128 912 1160 puer
935 1128 954 1148 a
977 1118 1065 1149 cunis
1089 1116 1263 1159 primordia
1286 1117 1369 1148 forte
1393 1117 1517 1148 minora

602 1169 737 1201 Sumere
765 1169 949 1201 detrectans
972 1170 1099 1211 signum
1123 1169 1214 1200 dedit
1236 1169 1463 1211 imperfectum

601 1221 643 1252 Se
666 1221 710 1252 nil
733 1222 818 1252 velle
843 1222 949 1263 sequi:
976 1231 1134 1252 summam
1158 1220 1310 1252 subvexit
1333 1220 1375 1252 ad
1397 1231 1505 1252 arcem

602 1273 748 1305 Iustitiae
773 1284 920 1315 gressum
944 1284 1092 1305 crescens
1115 1276 1225 1305 aetate
1248 1273 1374 1305 beatus.

602 1325 779 1357 Immodico
803 1326 932 1357 fervens
956 1336 1028 1357 cum
1052 1325 1170 1357 Christi
1195 1324 1326 1357 arderet
1348 1336 1469 1366 amore,

603 1377 756 1409 Deseruit
778 1377 917 1419 patriam
939 1378 1022 1409 sieut
1044 1377 1238 1409 venerabilis
1262 1375 1384 1408 Abram

605 1429 834 1471 Cognatosque
859 1440 934 1461 suos
957 1430 1104 1472 linquens
1126 1429 1299 1472 peregrina
1321 1429 1444 1471 petivit.

603 1482 663 1513 Est
685 1482 774 1513 locus
797 1480 919 1513 Oceani
944 1481 1065 1513 distans
1089 1492 1108 1513 a
1131 1482 1224 1513 litore
1249 1482 1358 1523 magni

603 1533 732 1575 Nempe
749 1536 870 1575 ,quater
893 1533 995 1574 denis,
1018 1537 1054 1565 ut
1077 1534 1186 1573 fertur,
1210 1534 1338 1565 milibus
1362 1544 1476 1576 aeque,

605 1586 715 1617 Insula
738 1596 800 1628 quo
824 1586 961 1628 praebet
982 1586 1186 1618 venientibus
1211 1585 1296 1627 Ogia
1318 1589 1458 1628 portum.

605 1637 676 1674 Quo
700 1638 834 1669 veniens
857 1648 958 1679 agnus
981 1638 1062 1669 lanis
1086 1637 1300 1669 candentibus
1324 1637 1416 1668 albus

606 1689 775 1731 Excipitur
796 1689 891 1720 niveo
915 1699 1017 1731 grege
1043 1688 1269 1731 congaudente
1293 1689 1435 1730 benigne

607 1741 811 1783 Emicuitque
835 1741 927 1772 brevi
951 1741 1073 1772 meritis
1095 1741 1128 1772 in
1150 1744 1298 1783 tempore
1322 1741 1463 1773 summis.

605 1793 649 1824 Et
671 1793 746 1835 quia
771 1793 943 1835 scripturas
966 1793 1089 1825 curavit
1112 1793 1236 1825 discere
1261 1803 1378 1834 sacras,

607 1845 686 1881 Quis
707 1845 801 1876 labor
824 1848 874 1876 est
895 1845 1010 1887 primo,
1033 1844 1092 1876 sed
1115 1847 1189 1887 post
1211 1846 1356 1887 pretiosa
1379 1845 1498 1877 laboris

606 1897 758 1928 Praemia
781 1897 950 1939 multiplici
972 1897 1127 1929 virtutum
1150 1897 1244 1939 fruge
1269 1897 1426 1940 replenda

608 1949 764 1991 Quaeque
788 1949 896 1981 cibant
918 1949 1041 1981 animas
1063 1949 1192 1980 mortali
1215 1959 1310 1981 carne
1333 1952 1496 1991 gravatas,

608 2001 824 2041 Sanctificant,
848 2004 970 2042 curant,
994 2001 1120 2033 salvant
1143 2003 1375 2044 vegetantque,
1398 2004 1589 2044 perornant:

606 2053 681 2084 Non
703 2055 814 2084 sancto
839 2052 1000 2084 desiderio
1023 2053 1182 2095 protectio
1207 2052 1326 2084 Christi

608 2106 731 2146 Defuit,
755 2105 798 2136 ad
820 2099 980 2137 summum
1003 2105 1062 2137 sed
1084 2106 1174 2137 vexit
1197 2106 1324 2137 culmen
1346 2105 1505 2137 honorum

607 2157 700 2189 Talia
724 2159 945 2199 quaerentem,
969 2157 1132 2188 sitientem
1155 2159 1189 2188 et
1212 2160 1359 2189 amanter
1381 2157 1576 2189 Amandum.

652 2217 743 2249 VIII.
768 2217 853 2249 Hinc
875 2217 1000 2249 maiora
1022 2227 1161 2260 sequens
1184 2228 1319 2260 operum
1341 2218 1496 2250 miracula
1523 2218 1638 2260 dicam,

610 2269 727 2306 Qualia
748 2270 905 2312 principio
930 2269 1051 2301 domini
1074 2269 1210 2301 devotus
1233 2273 1359 2301 amator

610 2322 740 2354 Proelia
762 2322 932 2365 pertulerit
955 2322 1009 2354 vel
1033 2324 1170 2364 quantos
1193 2321 1269 2353 inde
1292 2321 1473 2364 triumphos

611 2374 763 2417 Corporis
786 2385 825 2406 ac
847 2375 964 2406 mentis
987 2377 1140 2416 superato
1164 2374 1292 2405 sustulit
1314 2373 1419 2405 hoste.

608 2427 707 2458 Forte
731 2426 801 2458 dies
823 2426 947 2467 aderat,
971 2426 1133 2468 quaedam
1158 2418 1221 2469 qua
1243 2425 1386 2458 instabat
1409 2426 1540 2468 agenda

613 2478 719 2510 Causa
741 2479 928 2510 monasterii
950 2478 1014 2510 iam
1038 2478 1115 2510 dicti
1138 2488 1299 2521 quamque
1321 2478 1497 2520 benignum

611 2530 731 2562 Eximii
753 2531 869 2562 fratres
891 2540 1028 2572 puerum
1052 2531 1216 2572 complere
1238 2531 1385 2562 volentes

610 2583 786 2624 Iniungunt
809 2593 922 2614 causas
946 2583 1067 2625 operis:
1092 2581 1179 2625 quod
1201 2582 1346 2624 protinus
1368 2582 1423 2614 ille

611 2635 756 2677 Impiger
779 2634 951 2676 exequitur
974 2634 1095 2666 cunctis
1119 2634 1239 2666 servire
1262 2636 1404 2676 paratus,

634 2747 682 2773 138
700 2747 787 2781 talem]
801 2748 892 2773 saltem
905 2756 973 2773 corr.
985 2747 1010 2772 A
1081 2746 1130 2772 143
1149 2747 1255 2780 pignere
1268 2747 1293 2772 B
1363 2746 1412 2772 151
1431 2750 1605 2780 cognatosque
1614 2746 1639 2771 Α

250 2790 300 2815 159
319 2791 433 2823 preciosa
452 2790 486 2823 (et
503 2791 600 2816 similia
618 2792 677 2816 aliis
696 2790 769 2823 locis)
782 2791 808 2815 B
896 2790 945 2816 165
963 2791 1112 2816 sititientem
1127 2790 1152 2815 A
1242 2789 1291 2815 174
1308 2789 1439 2823 lllequitut
1450 2790 1475 2815 A

1711 2745 1761 2772 152
1778 2746 1864 2772 littore
1873 2746 1899 2771 Δ
