2060 3074
210 156 271 186 ⁴56
865 152 1001 178 HEIRICI
1022 152 1197 179 CARMINA.

573 241 823 281 Ingenitumque
849 239 969 270 homini
995 237 1130 279 pedibus
1156 237 1366 268 substernere
1393 237 1563 268 ΠΛΘΟΣ.

616 293 734 322 Lectus
759 294 829 322 erat
853 290 965 331 quadri
989 289 1119 331 gracilis
1144 288 1326 330 complexio
1352 288 1428 329 ligni
1601 296 1639 321 De
1649 295 1851 320 auateriaeatelec-

574 343 793 374 Flammarum
818 342 944 373 exuviis
969 341 1150 382 cinerisque
1175 340 1347 382 aspergine
1373 339 1443 370 duri
1663 338 1710 363 tuli
1729 338 1789 362 eius.

501 408 536 426 115
575 394 724 435 Margine
748 393 846 435 plena
870 396 975 431 tenus,
1002 392 1168 423 confectus
1191 392 1320 433 iamque
1345 391 1480 422 iacentis

573 446 737 477 Duruerat
760 444 800 476 de
824 445 910 475 mole
936 444 1016 475 cinis
1040 443 1200 485 rigidique
1225 443 1351 475 ferebat

575 498 684 539 Terga
707 498 784 532 soli;
809 496 910 527 durae
935 495 1093 527 dederant
1117 495 1270 527 stratoria
1295 499 1406 526 saetae

575 549 728 581 Pei-tenui
752 549 902 580 subiecta
925 558 1019 589 sagm
1044 558 1107 589 qua
1130 547 1269 589 plurima
1293 547 1401 578 cervix

575 601 715 632 Vcrticis
741 601 865 632 excelsi
891 610 1041 642 superam
1065 599 1234 641 consurgit
1257 598 1297 630 ad
1321 609 1440 636 arcem,

502 666 538 685 120
575 653 675 684 Nulla
699 653 757 683 viri
781 655 940 694 supposta
964 654 1062 694 caput
1086 661 1136 683 res
1162 651 1280 682 extulit
1303 661 1454 692 unquam.

575 705 757 736 Damnarat
780 705 825 735 sic
850 704 984 735 menbra
1008 704 1092 734 solo:
1118 703 1195 745 quid
1218 702 1366 734 noctibus
1389 702 1444 733 ille

575 757 669 793 Quod
693 767 756 788 non
780 756 921 788 detraxit
946 756 1034 787 fesso
1060 755 1100 787 de
1125 765 1258 797 corpore
1282 758 1407 786 vestem
1419 759 1431 785 ζ’

575 809 661 840 Rara
686 808 805 851 pedum
828 811 996 850 tegmenta
1019 808 1102 847 tulit,
1127 808 1173 839 sic
1197 807 1328 849 cingula
1351 817 1439 843 raro;

576 861 767 892 Sanctorum
792 863 904 891 sancto
929 871 991 891 non
1016 859 1156 902 dempsit
1179 859 1316 901 pignora
1339 858 1439 893 colloz

502 926 538 944 12¹5
575 913 647 944 Non
670 916 786 955 pectus
811 912 945 953 gemitu,
970 922 1034 943 non
1058 922 1094 943 os
1119 912 1250 942 inmune
1274 914 1420 953 precatu.

574 964 667 996 Haec
690 965 776 996 inter
800 965 850 995 cui
874 975 938 995 non
963 974 1110 995 somnum
1135 966 1301 995 tormenta
1325 965 1506 1004 negarent?
1533 981 1570 984 —

575 1017 602 1048 ‘I
625 1027 767 1055 carmen,
792 1016 933 1059 procede
957 1015 1050 1047 liber'
1076 1026 1167 1047 mens
1192 1015 1291 1046 anxia
1316 1015 1408 1054 dixit,

575 1068 751 1100 ‘Ulteriora
775 1067 912 1099 vocant.'
959 1068 1033 1099 Alio
1058 1078 1134 1098 mox
1158 1067 1290 1099 numine
1314 1070 1401 1098 tacta

577 1119 730 1153 ‘Stemus’
754 1121 833 1152 item
857 1119 954 1152 dixit:
979 1124 1136 1151 revocant
1159 1119 1312 1161 primaria
1337 1129 1478 1153 cursum,

505 1186 541 1204 13⁰
578 1172 648 1204 Nec
674 1172 776 1204 semel
801 1172 850 1203 his
875 1172 1022 1203 haesisse
1048 1175 1099 1203 sat
1123 1175 1189 1203 est:
1216 1171 1369 1202 refricata
1392 1170 1570 1212 placebunt

578 1225 637 1256 Illa
660 1225 779 1266 magis:
806 1224 985 1266 spectanda
1009 1224 1067 1254 viri
1093 1223 1263 1255 conversio
1289 1223 1402 1262 sancti,

577 1277 700 1318 Virque
724 1277 792 1307 viro
818 1277 919 1307 veteri
944 1286 1045 1307 novus
1069 1286 1174 1318 aequa
1197 1275 1290 1307 lance
1315 1275 1482 1307 ferendus:

579 1329 665 1365 Quid
688 1328 795 1367 fuerit,
820 1329 897 1371 qui'd
922 1329 963 1359 sit
987 1328 1104 1368 factus,
1129 1329 1201 1370 quis
1226 1327 1344 1370 prodiit
1367 1339 1408 1359 ex
1433 1338 1504 1370 quo.

578 1382 743 1413 Pransuro
768 1381 930 1423 quondam
957 1381 1058 1423 regali
1083 1380 1220 1423 prandia
1243 1380 1322 1411 luxu

503 1447 538 1466 135
577 1434 719 1466 Orbibus
744 1434 883 1475 antiquis
908 1433 1038 1476 dapium
1064 1433 1194 1464 diversa
1217 1432 1378 1464 ferebant.

578 1486 648 1517 Nec
673 1485 788 1517 modus
813 1486 970 1527 inpensae
996 1496 1056 1516 nec
1082 1484 1201 1516 edendi
1226 1484 1318 1526 copia
1342 1484 1501 1526 simplex:

578 1538 667 1569 Vilia
690 1541 767 1569 nata
790 1537 887 1573 domi³
914 1548 978 1569 non
1003 1548 1121 1579 magna
1146 1537 1326 1568 domestica
1350 1546 1515 1578 quaeque:

578 1589 658 1621 Arte
683 1589 785 1631 petita
807 1589 912 1631 magis
936 1589 1080 1630 duroque
1104 1588 1213 1620 labore
1238 1591 1431 1630 sequentum

580 1641 700 1684 Empta
723 1642 855 1683 placent
877 1641 1029 1682 quodque
1054 1644 1104 1672 est
1129 1640 1193 1671 ima
1216 1641 1334 1671 tellure
1358 1640 1508 1677 ferarum,

504 1705 540 1725 140
579 1693 673 1729 Quod
698 1693 788 1724 caelo
812 1693 979 1723 volucrum
1005 1692 1177 1734 pelagique
1202 1702 1260 1734 per
1284 1691 1394 1723 abdita
1417 1695 1565 1729 nantum„

579 1746 740 1788 Principis
765 1745 909 1776 infrenes
936 1745 1202 1776 conducebantur
1225 1743 1369 1775 adusus

580 1797 653 1829 Non
676 1797 852 1828 mandante
876 1797 972 1836 farne,
997 1799 1030 1828 at
1054 1796 1177 1828 varium
1202 1797 1309 1828 latura
1334 1806 1491 1838 saporem.

582 1850 654 1881 Has
679 1849 801 1892 epulas,
826 1849 907 1880 haec
932 1849 1058 1880 fallacis
1082 1849 1258 1880 lactamina
1280 1848 1391 1880 mundi

581 1902 709 1933 Hausta
733 1902 823 1944 prius
848 1902 956 1933 iuveni
981 1920 1020 1924 ——
1046 1912 1154 1933 rerum
1180 1901 1370 1932 commertia
1392 1901 1474 1932 mira
1498 1912 1555 1931 —1

508 1967 544 1986 ιη
582 1955 661 1986 Post
685 1957 937 1995 compensarunt
961 1957 1012 1985 ter
1035 1953 1118 1984 binis
1142 1952 1264 1984 hordea
1288 1952 1409 1991 lustris.

581 2006 690 2038 Libati
715 2005 849 2045 cineres,
875 2005 997 2036 ieiunia
1022 2005 1118 2047 longa
1141 2005 1277 2036 dierum.

584 2059 676 2095 Quae
699 2058 835 2089 veniunt
859 2057 971 2100 patriis
996 2060 1029 2088 et
1052 2057 1157 2099 prima
1181 2060 1213 2088 et
1237 2057 1375 2099 plurima
1398 2057 1495 2088 terris

582 2110 678 2148 Vina⁷
702 2109 929 2141 ministrabant
952 2120 1101 2151 gemmae
1124 2109 1270 2151 pretiosa
1293 2119 1443 2151 capaces,

584 2163 630 2194 Ut
653 2162 852 2194 diversorum
877 2165 1003 2193 taceam
1029 2164 1213 2193 commenta
1235 2161 1409 2203 liquorum:

326 2287 373 2313 112
400 2285 559 2320 ingenitum]
581 2287 703 2311 innatum
758 2282 876 2316 ΙΙΑΘΟΣ]
896 2284 1038 2317 passionem
1146 2282 1195 2309 118
1220 2282 1280 2316 qua]
1300 2283 1316 2307 i.
1336 2291 1358 2308 e.
1383 2283 1408 2307 in
1427 2291 1504 2315 quam
1523 2287 1622 2315 partem
1728 2280 1778 2306 1⁶23
1801 2282 1869 2306 Rara

220 2347 250 2350 —-
263 2333 329 2357 Raro
343 2332 368 2356 P
376 2330 418 2363 —]
432 2339 476 2363 pro
489 2339 545 2354 raro
557 2329 597 2354 vel
610 2336 668 2353 rare
740 2326 790 2352 134
808 2325 946 2359 Pransuro]
960 2328 1096 2352 Germano.
1118 2340 1148 2344 —
1168 2327 1275 2351 Collatio
1289 2326 1382 2351 veteris
1395 2332 1420 2351 et
1431 2326 1491 2351 novi
1506 2326 1615 2351 hominis
1688 2323 1736 2350 135
1754 2324 1867 2349 Orbibus

218 2373 340 2406 antiquis]
360 2374 435 2399 discis
455 2373 584 2399 nobilibus
673 2370 720 2396 137
735 2369 810 2402 Vilia}
830 2379 864 2395 sc.
884 2374 958 2395 erant
1042 2369 1091 2395 138
1111 2369 1184 2402 Arte]
1204 2370 1346 2395 venationis
1431 2368 1478 2394 141
1499 2367 1620 2401 infrenes]
1642 2368 1819 2393 inmoderatos-
1835 2380 1869 2384 —

221 2419 275 2442 Non
306 2422 334 2442 ut
363 2418 455 2442 samem
486 2417 613 2446 tollerent,
645 2415 688 2439 sed
719 2418 748 2439 ut
775 2414 931 2446 voluptatem
962 2417 1147 2438 commutarent
1177 2412 1352 2448 (cumularent
1382 2422 1394 2438 c
1423 2413 1495 2437 ‘nota
1525 2412 1580 2437 cod.
1609 2410 1701 2444 [κυρεῖ]
1730 2410 1868 2439 Boochim)

222 2460 271 2487 143
289 2459 438 2493 luctamina]
458 2461 474 2485 i.
488 2468 509 2484 e.
522 2458 692 2484 delectamina
782 2456 830 2482 144
843 2455 998 2489 commertia]
1018 2457 1237 2482 commutationes.
1257 2470 1288 2473 —
1309 2456 1468 2481 Exclamatio
1482 2456 1580 2488 poetica
1668 2454 1718 2480 145
1736 2458 1775 2479 ter
1787 2452 1865 2485 binis]

220 2506 236 2529 i.
249 2513 271 2529 e.
285 2505 390 2536 triginta
402 2503 476 2528 annis
556 2501 604 2526 146
623 2500 719 2534 Libati]
735 2501 892 2534 praegustati
975 2499 1022 2525 147
1037 2499 1152 2533 veniunt]
1167 2504 1286 2525 crescunt
1332 2499 1424 2533 prima]
1444 2499 1582 2532 praecipua
1666 2497 1714 2522 148
1736 2497 1867 2530 gemmae]

221 2548 236 2572 i.
256 2556 277 2572 e.
295 2547 388 2580 pocula
406 2554 521 2579 gemmea
593 2543 642 2569 149
661 2548 805 2570 commenta
823 2542 960 2576 liquorum]
981 2545 997 2568 i.
1011 2552 1032 2569 e.
1047 2544 1243 2577 compositiones
1256 2548 1370 2576 potuum.
1390 2557 1422 2560 —
1442 2544 1476 2568 Ut
1493 2543 1608 2567 diversas
1627 2546 1726 2567 taceam
1745 2541 1870 2574 potinum,

221 2599 285 2623 quae
303 2591 326 2615 ei
346 2594 422 2615 antea
440 2589 540 2613 diverso
560 2588 632 2612 modo
652 2589 842 2620 apparabantur
861 2588 927 2613 sicut
945 2592 971 2612 et
989 2588 1106 2612 ciborum
1124 2587 1225 2612 diversa
1244 2587 1336 2620 speties

327 2675 375 2700 114
393 2676 541 2707 cineresque
558 2683 624 2700 corr.
646 2674 668 2698 P
755 2673 804 2699 122
822 2674 855 2705 de¹
863 2674 940 2699 traxit
959 2673 983 2698 P
1070 2672 1120 2699 123
1138 2675 1205 2699 Rara
1226 2672 1359 2706 Bosclaeitw]
1380 2675 1447 2698 Raro
1466 2673 1490 2698 P
1507 2672 1679 2698 Peneum—m
1771 2669 1820 2695 127
1840 2671 1870 2695 In

222 2719 347 2744 Bacchius
455 2717 503 2743 134
522 2718 624 2751 praedia
643 2726 709 2742 corr.
729 2716 756 2741 P
858 2715 908 2742 142
926 2721 970 2742 aut
990 2726 1056 2742 corr.
1075 2716 1101 2741 P

327 2804 374 2830 134
394 2804 460 2829 Aen.
482 2803 496 2829 1
508 2803 558 2830 637
580 2802 668 2837 regali
687 2802 834 2837 splendida
853 2803 926 2829 luxu.
