2060 3074
274 189 337 220 612

569 495 593 513 55

569 754 594 773 60

571 1597 595 1616 1⁰

574 1857 597 1876 15

571 2117 598 2136 20

575 2378 600 2396 25

927 186 1079 213 MILONIS
1098 186 1143 213 CA
1149 186 1275 213 RMINA.

642 274 734 310 Quae
758 274 784 305 si
808 273 890 304 forte
914 276 969 304 tuo
994 272 1154 305 donentur
1175 283 1294 316 nempe
1318 274 1439 314 favore,

683 326 736 358 Ad
761 326 859 357 decus
883 326 1041 357 ecclesiae
1065 326 1130 357 fers
1152 326 1206 369 pia
1229 326 1315 358 dona
1337 337 1459 359 sacrae.

642 378 706 410 Hic
729 378 791 418 via,
816 378 892 418 vita,
916 378 1011 418 salus,
1036 377 1117 410 divis
1139 378 1191 410 hic
1213 378 1324 410 inclita
1346 379 1434 421 gazis

685 429 782 461 Dona
806 429 858 461 dei
881 429 1023 469 rutilant,
1047 434 1131 472 quae
1155 440 1253 472 super
1275 433 1363 462 astra
1386 434 1512 462 vocant.

639 481 710 518 Quo
734 484 767 512 te
791 480 961 512 decursum
983 484 1058 523 post
1080 481 1142 513 hoc
1166 481 1304 513 feliciter
1327 491 1444 514 aevum

684 533 802 575 Regna
824 533 922 565 beata
945 536 1059 565 tenens
1082 534 1221 565 collocet
1243 534 1456 577 omnipotens.

646 586 740 618 Haec
762 586 870 628 igitur,
894 585 1022 617 salebro
1046 586 1109 617 sint
1133 586 1278 628 quamvis
1301 587 1444 618 carmina
1465 596 1571 626 versu,

684 637 828 669 Obsecro
852 647 892 669 ne
916 640 1051 678 temnas,
1074 648 1134 669 rex
1156 638 1220 680 pie,
1244 637 1303 669 sed
1325 639 1464 680 relegas.

643 689 774 730 Caesar,
798 690 870 721 vive
894 692 1020 732 potens,
1043 689 1132 729 felix,
1157 690 1224 721 sine
1247 690 1310 722 fine
1333 691 1442 722 valeto

681 741 910 784 Hucbaldique
932 752 1057 773 memor
1079 742 1132 782 sis,
1155 752 1236 784 rogo
1259 752 1358 784 posco
1382 752 1506 785 precor.

645 853 680 885 Si
703 854 788 886 benc
813 856 845 885 te
869 856 925 885 tua
947 854 1018 885 laus
1041 855 1143 894 taxat,
1168 863 1226 885 sua
1248 854 1337 886 laute
1361 854 1497 886 tenebis.

1092 997 1124 1018 11.

615 1048 859 1085 GLORIOSO
888 1048 1004 1085 REGI
1031 1049 1232 1086 KAROLO
1260 1050 1376 1086 MILO
1405 1049 1606 1087 SUPLEX.

641 1115 844 1157 Principibus
867 1116 979 1158 priscis
1002 1119 1112 1148 vatum
1135 1116 1295 1159 placuisse
1320 1115 1481 1148 Camenas

643 1166 799 1198 Novimus
823 1170 856 1199 et
879 1171 1025 1210 sumptos
1048 1168 1106 1200 tali
1128 1179 1186 1210 pro
1210 1178 1344 1200 munere
1367 1168 1517 1202 honores.

642 1218 861 1261 Virgiliusque
885 1230 977 1251 suum
1001 1220 1126 1252 calamo
1149 1220 1276 1252 trivisse
1299 1220 1455 1252 labellum

642 1271 716 1302 Non
739 1271 851 1312 doluit,
875 1272 1027 1314 quoniam
1050 1273 1185 1304 amissos
1209 1273 1350 1304 servavit
1373 1273 1506 1315 agellos.

641 1323 741 1363 Naso,
764 1323 943 1355 Tomitanis
966 1324 1158 1367 peregrinus
1182 1327 1215 1356 et
1238 1325 1315 1356 exul
1337 1325 1370 1356 in
1393 1325 1466 1366 oris,

646 1375 795 1407 Carmine
818 1376 988 1419 multiplici
1010 1377 1174 1408 mulcebat
1195 1377 1347 1420 principis
1371 1387 1476 1410 aures,

642 1427 846 1470 Porphirium
868 1429 964 1460 variis
988 1439 1070 1471 quae
1093 1429 1199 1471 pinxit
1220 1431 1325 1460 metra
1347 1429 1477 1461 tabellis

643 1479 777 1511 Solvere
801 1479 899 1512 exilio
923 1481 1145 1521 biathanaton,
1170 1491 1226 1512 ore
1249 1483 1419 1524 putentem

643 1531 857 1573 (Christicolis
879 1533 1001 1564 vomuit
1025 1534 1101 1575 quia
1124 1533 1262 1575 plurima
1284 1533 1404 1575 probra
1427 1532 1598 1574 nefandus,

639 1583 829 1625 Conqueror
851 1584 1007 1616 auxilium
1030 1595 1087 1616 vos
1109 1585 1184 1616 huic
1208 1585 1369 1625 tribuisse,
1394 1583 1587 1627 Camenae).

642 1635 834 1678 Tarquinius
857 1636 987 1668 Priscus
1011 1637 1177 1668 Cumanae
1201 1637 1320 1679 scripta
1346 1636 1482 1668 Sibillae

643 1688 817 1730 Empturus
839 1688 936 1730 pretii
958 1688 1084 1731 pondus
1108 1691 1258 1720 causatur
1283 1699 1415 1720 enorme

643 1739 687 1771 Et
710 1739 788 1771 dare
812 1739 982 1781 detrectat,
1007 1740 1094 1782 quod
1115 1743 1207 1773 vates
1231 1751 1330 1772 avara
1354 1740 1498 1786 requirit,

644 1791 711 1823 Sed
734 1791 835 1823 tribus
859 1792 981 1823 exustis
1004 1793 1102 1824 nimio
1126 1792 1308 1826 discrimine
1331 1792 1421 1824 libris

641 1843 709 1876 Sex
732 1844 846 1886 reliqui
870 1854 943 1875 sero
966 1844 1070 1886 pretio
1095 1836 1248 1876 taxantur
1271 1843 1398 1876 eodem.

645 1896 823 1928 Graeculus
846 1895 994 1938 Augusto
1019 1907 1091 1928 cum
1114 1896 1214 1928 ferret
1236 1897 1334 1928 xenia
1357 1896 1451 1928 metri

642 1948 685 1980 Et
708 1951 841 1990 caperet
863 1948 984 1979 nullum
1008 1951 1097 1980 tanto
1122 1948 1162 1980 de
1186 1948 1329 1991 principe
1353 1948 1485 1988 donum,

643 2000 718 2032 Non
740 2001 794 2032 ille
819 2000 960 2032 audaces
984 2001 1183 2043 compescuit
1206 2003 1281 2032 ante
1306 1999 1478 2041 Camenas,

645 2052 771 2092 Donec,
795 2052 836 2084 ab
859 2051 1009 2094 Augusto
1034 2052 1150 2084 elicitis
1173 2053 1225 2084 vel
1248 2052 1406 2092 versibus,
1430 2052 1492 2095 ipsi

640 2104 809 2136 Redderet
833 2104 942 2136 oblato
967 2105 1113 2146 geminos
1135 2115 1194 2147 pro
1219 2105 1360 2136 carmine
1383 2115 1550 2136 nummos:

645 2156 792 2188 Disticon
815 2157 976 2198 accipiens
999 2166 1188 2199 pauperque
1212 2157 1335 2187 minuta
1357 2155 1544 2199 rependens

645 2208 687 2240 Se
710 2209 836 2250 largum
859 2211 1028 2248 memorat,
1051 2219 1163 2250 regem
1186 2207 1380 2239 condemnat
1403 2218 1547 2239 avarum.

645 2261 724 2292 Post
747 2260 874 2292 oblatus
898 2260 928 2291 ei
951 2270 1074 2300 corvus,
1100 2260 1175 2291 dum
1199 2270 1279 2291 voce
1305 2260 1449 2291 salutans

647 2312 823 2355 Spernitur,
846 2313 905 2344 has
929 2311 1051 2344 deflens
1075 2310 1210 2343 effundit
1234 2312 1274 2343 ab
1300 2322 1356 2343 ore
1382 2312 1548 2354 querelas:

644 2365 814 2407 Impensas
838 2374 954 2406 operas
977 2374 1161 2395 memorans
1184 2363 1317 2406 periisse
1341 2374 1402 2395 nec
1423 2364 1525 2395 ullum

650 2416 803 2448 Solamen
825 2416 934 2447 baiulo
957 2426 992 2447 se
1016 2426 1112 2458 posse
1136 2415 1317 2458 rependere
1342 2415 1462 2457 egenti,

385 2513 416 2538 61
436 2522 536 2538 versum
554 2517 727 2538 recurrentem
745 2513 782 2538 bis
799 2513 845 2544 ita,
862 2517 889 2537 ut
907 2521 972 2537 cruz
989 2511 1049 2537 inde
1061 2512 1203 2544 formetur,
1215 2515 1361 2543 pammac
1375 2510 1428 2535 ΑΕ

386 2580 431 2614 [ιι]
454 2582 465 2607 1
488 2581 544 2613 Cfr.
559 2580 627 2607 Hor.
641 2580 703 2613 Epl.
723 2580 743 2606 Ι
755 2580 794 2612 17,
807 2580 853 2611 35;
873 2579 1004 2606 Milonem
1018 2578 1178 2605 Howbaldus
1195 2578 1320 2604 imitatur
1337 2578 1368 2604 in
1385 2577 1554 2604 invocatione
1570 2580 1636 2605 ante
1654 2578 1778 2605 Laudem
1795 2578 1939 2610 calvorum,

283 2635 314 2658 ut
337 2632 475 2659 adnotavit
492 2633 671 2666 Desplanquae.
760 2633 776 2658 3
800 2631 857 2664 Cfr.
876 2631 938 2658 Ecl.
957 2631 997 2658 II
1005 2631 1048 2658 34.
1141 2631 1158 2657 4
1176 2630 1239 2657 Vide
1261 2638 1281 2656 e.
1292 2639 1317 2664 9.
1336 2629 1442 2656 Donati
1465 2629 1509 2656 vit.
1529 2629 1604 2663 Very.
1629 2629 1750 2662 (Samon.
1768 2628 1807 2656 ed.
1827 2628 1940 2662 Reiffer-

282 2683 371 2710 scheid
385 2692 450 2717 pay.
464 2684 517 2715 59).
589 2685 603 2710 7
625 2683 807 2718 Porphyrium
822 2683 999 2717 Optatianum
1017 2685 1040 2708 et
1053 2682 1243 2716 philosophum
1262 2681 1455 2715 Porphyrium,
1474 2680 1507 2707 dc
1523 2689 1577 2714 quo
1595 2681 1696 2715 leyerat
1712 2680 1789 2714 apud
1804 2680 1940 2714 Hierony-

283 2743 364 2767 mum,
382 2734 412 2760 in
429 2743 517 2761 unum
535 2735 668 2768 confudit.
759 2736 789 2761 11
812 2735 867 2767 Osr.
886 2735 956 2761 ὅση).
974 2733 1011 2760 ad
1026 2734 1094 2760 Aen.
1114 2733 1157 2760 VI
1165 2734 1205 2759 72.
1294 2734 1396 2760 16—22
1426 2732 1481 2765 Gfr.
1502 2732 1622 2759 Macrob.
1642 2732 1701 2759 Sat.
1721 2732 1791 2764 114,
1803 2733 1837 2760 31
1855 2731 1940 2765 (tonde

1626 2785 1731 2811 23—28
1750 2783 1806 2817 Gfr.
1819 2783 1940 2810 Macrob.

283 2786 394 2812 eandem
412 2786 641 2812 histo‘riunculam
659 2787 771 2820 sumpsit
788 2786 930 2813 Wibaldus
947 2785 1072 2812 Monam.
1087 2785 1232 2812 Corbeiens.
1251 2784 1289 2811 ed.
1310 2784 1379 2816 Iaffc
1392 2793 1457 2818 paq.
1470 2785 1542 2818 288).

284 2838 301 2864 l.
314 2846 335 2864 c.
350 2839 392 2864 30.

1515 2509 1566 2544 [n.]
1586 2511 1602 2537 5
1621 2511 1755 2536 tamitanis
1773 2519 1841 2535 corr.
1854 2509 1879 2534 A
