2138 3106
322 220 383 250 332

320 357 343 372 ιι.
363 350 419 373 868-

922 215 1090 242 CARMINA
1110 214 1374 241 CENTULENSIA·

1086 344 1211 377 XCIII.

419 415 516 446 Anno
540 415 773 446 incarnationis
798 414 918 446 Christi
942 413 1208 446 DCCCLXVIII
1233 414 1293 445 sub
1317 414 1371 445 die
1394 413 1444 445 XI
1467 413 1691 445 Kalendarum
1715 413 1878 455 Aprilium

319 799 344 815 a.
365 792 422 815 868.

770 465 910 497 reddidit
934 465 1051 497 Salaco
1075 465 1222 497 debitum
1245 466 1407 497 humanae
1430 466 1528 497 vitae.

686 536 778 567 Illius
803 538 836 566 et
858 535 956 567 tellus
982 536 1126 578 speciem
1152 536 1298 578 suscepit
1321 546 1435 567 avara:

730 587 876 629 Corpore
900 587 1227 629 seclusafflsuscipe,
1253 587 1393 627 Christe,
1420 588 1571 619 animam.

1087 785 1209 818 XCIV.

449 858 545 888 Anno
569 856 752 887 dominicae
775 855 1006 887 incarnationis
1030 854 1295 886 DCCCLXVIII
1317 854 1367 886 XI
1390 854 1613 886 Kalendarum
1638 854 1724 897 Aug.
1747 855 1852 886 finivit

829 907 938 938 Saudo
961 917 1173 949 praecursum
1197 907 1348 938 instantis
1371 907 1468 938 vitae.

687 977 840 1018 Suscepit
864 976 1007 1018 speciem
1032 976 1141 1016 tellus,
1165 986 1261 1018 quarn
1286 976 1422 1019 protulit
1445 979 1537 1008 ante:

730 1028 840 1070 Atque
864 1028 1002 1068 animae,
1028 1027 1170 1068 Christe,
1194 1028 1269 1059 huic
1293 1028 1439 1070 requiem
1463 1028 1578 1059 tribue.

1099 1217 1204 1250 XCV.

1016 1280 1077 1316 DE
1105 1280 1284 1317 TVRDO.

687 1356 757 1387 Iam
780 1355 906 1398 pridem
930 1345 1065 1387 nimium
1088 1355 1274 1387 residebam
1297 1358 1443 1388 maestus
1467 1365 1605 1387 amoeno

688 1407 856 1440 Promerio
880 1407 1003 1439 chiram
1027 1408 1135 1439 levam
1159 1408 1301 1450 positam
1325 1407 1578 1450 subhabensque

688 1460 740 1492 Ad
764 1461 884 1492 malam
907 1460 1008 1491 nimia
1030 1459 1164 1491 dentum
1188 1470 1247 1502 pro
1271 1462 1375 1492 morte
1398 1459 1532 1491 doloris.

688 1512 764 1544 Vox
788 1512 896 1544 subito
919 1511 1006 1543 turdi
1029 1514 1158 1543 nostras
1182 1514 1260 1543 tune
1282 1512 1422 1554 perculit
1445 1522 1541 1543 aures

637 1571 648 1588 ⁵
685 1563 850 1596 Invalidas
874 1563 979 1595 dulcis
1001 1563 1110 1595 varios
1134 1563 1291 1595 imitando
1315 1564 1476 1596 volucres.

687 1615 740 1647 Ad
765 1616 907 1647 sonitum
931 1615 1010 1657 galli
1034 1615 1211 1647 resonabat
1234 1618 1366 1658 gutture
1389 1618 1498 1652 tenso;

687 1666 769 1699 Post
790 1677 868 1699 vero
892 1667 1039 1699 merulae
1062 1677 1185 1699 morem
1209 1667 1363 1710 milvique
1387 1667 1542 1701 sonabat:

688 1718 767 1750 Inde
792 1719 888 1750 simul
912 1718 1062 1750 recinens
1085 1719 1177 1750 velut
1200 1719 1354 1751 aureolus
1377 1718 1576 1760 nitidusque,

689 1771 822 1803 Bitrisci
845 1781 959 1802 vocem
983 1770 1156 1813 frangebat
1178 1774 1211 1803 et
1233 1771 1304 1814 ipse
1326 1771 1447 1814 pusilli.

627 1830 652 1848 ¹0
689 1823 783 1855 Talia
806 1823 982 1864 demirans,
1006 1822 1176 1854 confestim
1200 1822 1329 1865 diffugit
1351 1823 1437 1855 ultro

690 1875 863 1918 Improbus
885 1875 941 1907 ille
965 1874 1067 1914 dolor,
1091 1875 1145 1917 qui
1169 1885 1220 1906 me
1244 1866 1388 1907 vexabat
1410 1885 1535 1909 amare:

687 1927 816 1959 Deinde
840 1930 957 1969 petens
982 1926 1102 1966 nidum,
1127 1930 1312 1969 memetque
1335 1926 1495 1969 laborque
1518 1926 1643 1959 revisit.

689 1978 795 2015 Quem
819 1978 900 2011 deus
925 1979 1057 2021 apellat,
1082 1989 1124 2010 ne
1147 1989 1199 2011 me
1223 1981 1376 2021 torquere
1400 1989 1576 2022 parumper

687 2030 775 2062 Exin
798 2020 872 2062 iam„
886 2027 1005 2071 valeat,
1030 2031 1194 2063 submisse
1218 2031 1340 2073 flagito,
1365 2034 1488 2064 noster.

627 2090 651 2109 ¹⁵
687 2082 824 2123 Discite,
848 2083 999 2123 lectores,
1023 2083 1132 2115 avium
1155 2086 1270 2115 cantus
1294 2083 1478 2121 variarum

690 2134 875 2177 Segnitiem
896 2135 1018 2167 mentis
1041 2138 1116 2178 post
1139 2135 1279 2178 rumpite
1302 2138 1399 2167 nocte
1423 2135 1554 2178 dieque,

689 2186 762 2223 Quo
786 2187 906 2229 iugiter
929 2186 1060 2219 domino
1082 2186 1198 2220 laudes
1220 2186 1414 2230 depromere
1439 2187 1556 2230 dignas

690 2238 838 2279 Possitis,
864 2249 991 2271 summa
1014 2239 1112 2282 digne
1136 2242 1170 2272 et
1191 2249 1249 2272 vos
1273 2239 1386 2272 audiat
1409 2249 1484 2271 arce

688 2290 868 2333 Iudiciiquc
892 2290 945 2323 die
968 2291 1068 2324 dicat:
1094 2291 1293 2334 Properate,
1316 2291 1416 2331 beati,

627 2349 652 2369 2⁰
688 2342 816 2375 Sumite
839 2353 926 2375 nunc
950 2343 1044 2376 vobis
1067 2343 1109 2376 ab
1133 2344 1258 2386 origine
1282 2354 1382 2386 regna
1405 2347 1521 2387 parata

688 2394 812 2427 Mundi’
837 2395 878 2428 de
902 2396 1003 2428 messi
1027 2396 1159 2428 latitant
1183 2407 1246 2439 quo
1268 2399 1405 2439 perpete
1427 2396 1515 2436 iusti,

688 2447 843 2479 Balsama
868 2458 931 2490 quo
955 2447 1114 2488 redolent,
1138 2448 1285 2490 fragrant
1308 2451 1341 2480 et
1363 2448 1433 2480 lilia
1457 2458 1595 2490 semper,

689 2499 761 2537 Quo
786 2499 867 2532 deus
891 2510 986 2532 omne
1010 2499 1131 2532 bonum
1154 2500 1279 2532 meritis
1303 2500 1513 2542 clemensque
1537 2499 1687 2542 rependit

688 2551 877 2584 Clementer
899 2552 1041 2593 famulis,
1066 2553 1167 2594 gratis
1191 2563 1270 2595 quos
1294 2551 1440 2585 condidit
1461 2552 1543 2595 ipse.

425 2683 520 2715 [XCV]
539 2682 556 2708 2
574 2684 703 2708 Promerio
722 2683 760 2708 B:
782 2692 835 2709 uon
859 2687 895 2709 est
923 2683 1116 2715 corrigendum,
1142 2691 1198 2708 cum
1218 2683 1301 2716 possit
1323 2683 1422 2708 subeese
1445 2682 1525 2708 Pauli
1547 2682 1661 2708 Diacom'
1684 2682 1815 2713 doctrinm
1835 2682 1979 2715 penei-iore

323 2731 432 2759 tempore
456 2726 594 2759 pomerium
617 2735 673 2751 cum
698 2727 809 2760 pomario
834 2726 1055 2759 confundebatur,
1081 2726 1126 2752 sed
1147 2727 1197 2759 cfr.
1216 2726 1346 2752 Abbonem
1369 2726 1401 2751 de
1419 2726 1475 2751 bell.
1496 2726 1583 2751 Paria.
1603 2725 1707 2758 JII,46
1732 2726 1876 2751 Pomm-ium
1897 2725 1979 2758 (loeus

321 2769 430 2801 vacuus)
449 2770 523 2802 curti,
542 2770 685 2803 pomarium
704 2778 821 2803 congrua
839 2770 921 2796 malis.
1027 2769 1060 2795 13
1077 2769 1205 2803 *appellat
1223 2769 1260 2795 B:
1278 2771 1327 2803 qfr.
1348 2768 1492 2802 CXXVII,
1504 2768 1521 2794 4

426 2853 527 2887 [XCV]
548 2854 580 2880 15
597 2854 646 2886 cfr.
668 2854 769 2880 Traube
788 2854 824 2880 ml
843 2854 915 2881 Poet.
937 2855 1023 2880 (λαγοὶ.
1043 2862 1128 2888 supra
1141 2862 1205 2888 paq.
1226 2854 1276 2880 128
1294 2862 1314 2880 c.
1335 2853 1388 2880 IV.
1503 2855 1534 2879 19
1552 2861 1604 2886 sqq.
1623 2853 1673 2885 cfr.
1693 2861 1715 2880 c.
1729 2852 1860 2886 LXXX,
1873 2853 1906 2879 19
1922 2860 1978 2886 sqq.

1950 2897 1972 2919 a·
