2040 2996
776 103 884 133 menn
901 103 949 134 DE
968 104 1089 134 roms
1108 104 1227 135 vnum
1789 112 1828 145 77

544 194 655 225 Aurae
677 195 777 234 tuque
799 192 899 225 fidem
921 194 1034 225 velans
1057 204 1213 237 responsa
1235 196 1393 238 negabas,

543 246 732 278 Altitonans
756 245 860 278 donec
881 246 970 278 misit
993 257 1044 278 me
1067 248 1213 289 partibus
1237 249 1307 280 istis

447 304 485 323 ¹³⁵
544 297 745 339 Cunctaque,
770 307 854 339 quae
877 297 986 336 retuli,
1009 297 1120 329 docuit
1143 309 1294 331 sermone
1316 301 1473 343 paterno'.

544 348 758 389 ‘Confortare,
780 359 907 391 precor,
930 349 1032 381 violet
1054 360 1094 381 ne
1118 361 1196 382 cura
1218 352 1375 393 quietem;

543 400 593 432 Sit
616 401 676 433 tibi
697 411 783 432 nunc
807 402 938 444 requies
961 402 1065 444 spatio
1089 402 1149 434 sub
1173 405 1276 435 noctis
1299 415 1431 447 opacae,

543 452 587 485 Et
610 453 764 486 veniente
788 453 841 486 die
865 453 960 486 dictis
983 464 1142 496 responsa
1163 456 1308 498 parabo’.

607 505 746 538 ‘Pallida
768 505 958 538 Luciferum
983 506 1130 548 sequitur
1153 508 1218 540 iam
1240 509 1308 540 filia
1331 509 1434 542 Solis:
1788 517 1827 539 Ηῐ-

447 564 486 583 ¹⁴⁰
543 557 583 589 ‘0
606 568 700 590 meus
723 557 890 598 Audacia,
915 568 1040 600 sospes,
1065 559 1120 598 sis,
1145 561 1271 592 somnia
1293 561 1434 604 linquis’.

541 609 580 641 ‘O
603 609 789 642 venerande
812 610 922 650 nimis,
945 621 1061 642 sanum
1083 621 1135 642 me
1159 613 1286 644 somnia
1308 614 1468 656 linquunt.
1797 621 1824 640 A·

542 660 706 703 Principio
728 661 823 700 lucis,
846 661 934 703 pacti
958 662 1010 693 vel
1034 663 1189 704 temporis
1214 663 1294 695 hora

541 712 669 744 Perfice
692 723 842 755 namque,
866 723 992 755 precor,
1016 714 1154 745 multum
1176 714 1350 747 laudabilis
1373 716 1505 758 hospes,

541 763 666 806 Pignus
690 767 724 796 et
747 774 895 807 exponas
918 765 1054 796 missum
1079 775 1152 797 cum
1177 767 1320 798 carmine
1343 767 1484 800 nodum'.

447 822 484 840 ¹⁴⁵
502 814 624 857 ‘Incipe
646 826 732 847 nune
756 826 894 854 mecum,
918 816 1072 848 caelestis
1096 817 1212 858 gratia,
1237 828 1368 850 carmen
1799 824 1826 845 H·

502 867 640 899 Aeterni
663 867 775 906 fontis,
799 867 925 910 scyphi,
949 868 1113 910 paschalis
1137 871 1171 900 et
1193 868 1302 900 horae.

542 918 592 951 Sit
613 919 685 961 regi
707 916 839 951 domino
863 920 975 960 virtus,
999 920 1082 959 laus,
1106 920 1209 962 gloria
1232 931 1378 964 semper;

541 970 634 1002 Illius
657 973 692 1003 et
712 971 832 1003 faciem
856 971 1008 1014 precibus
1030 982 1204 1014 poscamus
1227 976 1378 1016 uterque,

542 1021 702 1054 Sensibus
724 1026 762 1054 ut
782 1023 902 1054 nostris
926 1022 1072 1066 adspiret
1094 1024 1185 1055 iussa
1208 1024 1314 1057 fateri.

445 1080 483 1099 ¹⁵⁰
541 1073 606 1111 Qui
628 1073 687 1106 tibi
709 1073 832 1106 differri
852 1074 947 1107 iussit
970 1085 1030 1107 sua
1052 1075 1180 1118 pocula,
1205 1075 1307 1108 donec

541 1125 722 1158 Aeternum
744 1126 880 1158 fatearis
903 1137 978 1159 eum
1001 1127 1180 1170 credasque
1205 1128 1370 1170 colasque.

501 1177 614 1220 Incipe
637 1188 724 1210 nunc
745 1188 886 1218 mecum,
910 1178 1063 1210 caelestis
1086 1179 1202 1220 gratia,
1226 1189 1358 1211 carmen

501 1228 638 1261 Aeterni
661 1229 770 1268 fontis,
795 1229 920 1272 scyphi,
943 1230 1106 1273 paschalis
1131 1234 1164 1262 et
1187 1230 1298 1263 horae.

539 1281 621 1312 Vult
645 1281 767 1313 etenim
791 1282 876 1322 sciri,
899 1281 1012 1314 mundi
1035 1282 1089 1324 qui
1112 1285 1261 1325 tempora
1283 1282 1383 1324 ducit,

445 1339 482 1358 ¹⁵⁵
538 1332 681 1364 Pontum
705 1333 923 1376 telluremque
946 1334 1103 1376 polosque
1127 1335 1252 1366 creavit
1275 1339 1309 1366 et
1331 1335 1392 1366 illis

538 1385 627 1417 Aere
651 1385 764 1417 subtili
787 1385 925 1418 formam
949 1387 1158 1428 speciemque
1182 1386 1318 1427 reducit,

539 1437 646 1468 Astris
670 1437 725 1479 qui
748 1437 867 1478 caelos,
891 1438 988 1470 variis
1011 1438 1208 1470 animalibus
1231 1449 1353 1479 arvam,

538 1487 567 1520 E
590 1499 692 1531 grege
715 1499 891 1531 squamoso
914 1490 1030 1521 fluvios
1053 1490 1288 1533 volucrumque
1311 1495 1465 1534 perornat

538 1540 638 1581 Aera,
662 1544 737 1583 post
759 1540 922 1573 hominem
945 1541 1023 1573 fecit
1046 1542 1174 1574 ratione
1198 1542 1365 1581 refertum,

444 1599 482 1618 ¹⁶0
539 1591 675 1624 Talibus
699 1595 732 1624 et
755 1592 852 1624 dictis
875 1593 994 1625 affatur
1016 1593 1166 1625 condit'or
1187 1593 1292 1626 illum:

539 1644 720 1687 “Quaeque
736 1648 909 1676 moventur
923 1645 956 1676 in
971 1645 1050 1677 orbe
1063 1656 1145 1677 novo
1158 1645 1374 1688 frondentque
1388 1646 1567 1688 virentque,

538 1694 658 1727 Omnia
679 1695 773 1728 trado
794 1695 866 1735 tibi,
889 1696 1038 1729 mihimet
1061 1700 1096 1728 tu
1120 1697 1269 1729 subditus
1293 1702 1378 1729 esto:

539 1746 602 1778 Illa
624 1747 688 1779 tuis
711 1747 833 1788 vivant,
857 1748 979 1780 nostris
1001 1752 1037 1780 tu
1061 1748 1168 1780 cedito
1191 1749 1298 1782 iussis.

540 1798 681 1831 Confero
703 1799 806 1831 multa
827 1799 897 1839 tibi,
921 1799 1014 1831 nobis
1039 1800 1090 1831 vel
1113 1810 1218 1842 pauca
1242 1800 1420 1843 rependas:

445 1857 482 1876 ¹⁶⁵
539 1849 646 1882 Unius
669 1854 705 1882 ut
726 1851 807 1893 ligni
830 1853 947 1893 tangas
970 1862 1011 1883 ne
1034 1851 1132 1891 mala,
1156 1855 1335 1888 mement0;

538 1901 624 1933 Nam
646 1905 679 1933 te
701 1901 742 1934 de
766 1902 844 1934 limo
867 1902 932 1934 feci
955 1903 1088 1945 vitaque
1112 1903 1247 1945 replevi,

539 1953 586 1986 Ut
608 1965 741 1998 semper
762 1955 866 1995 vivas,
890 1955 918 1987 si
942 1966 1007 1987 non
1030 1956 1215 1998 neglexeris
1238 1955 1329 1995 illud,

538 2005 582 2038 Et
604 2017 731 2038 mecum
754 2017 873 2049 regnes
898 2007 990 2039 senio
1013 2018 1078 2039 non
1101 2008 1222 2039 fractus
1247 2008 1279 2039 in
1306 2018 1434 2040 aevum.

539 2057 634 2095 Quod
658 2059 694 2094 si,
710 2058 751 2091 de
774 2059 877 2092 vetita
899 2060 1085 2101 gustaveris
1108 2059 1225 2091 arbore
1249 2060 1381 2098 malum,

445 2117 482 2136 ¹⁷⁰
539 2109 702 2142 Continuo
725 2111 872 2143 mortalis
896 2111 972 2151 eris,
997 2111 1145 2154 captivus
1170 2115 1204 2143 et
1226 2111 1289 2143 ibis

538 2161 691 2204 Fonsque
714 2162 775 2194 tibi
798 2163 886 2194 vitae
909 2163 1081 2194 claudetur
1103 2173 1176 2194 cum
1199 2162 1363 2205 paradiso.

276 2263 327 2290 188
351 2265 422 2290 Aure
442 2264 464 2290 Ο
556 2263 606 2290 134
628 2274 668 2290 me
683 2259 766 2291 'mi-it
787 2265 808 2291 0
900 2266 950 2292 146
974 2267 1057 2300 sciphi
1079 2271 1107 2292 ut
1125 2267 1224 2299 panim
1240 2266 1265 2290 R
1280 2266 1360 2299 ciphri
1383 2270 1410 2290 ut
1434 2267 1461 2291 in
1485 2275 1549 2292 vere.
1573 2267 1660 2292 intere.
1683 2276 1780 2300 semper
1803 2267 1825 2292 0

171 2310 231 2332 ante
251 2306 302 2332 154
320 2306 371 2333 186
387 2307 440 2334 803
457 2312 481 2333 et
492 2312 554 2341 poet
571 2307 623 2333 222
641 2308 796 2340 fflincmasi)
813 2313 889 2334 notae
907 2310 969 2335 add.
983 2309 1016 2341 B,
1033 2318 1097 2342 quae
1115 2310 1189 2334 omisi
1205 2318 1262 2334 cum
1280 2309 1335 2334 cod.
1353 2318 1405 2333 vum
1424 2309 1472 2334 eibi
1489 2313 1615 2335 emanaret
1636 2314 1659 2335 ct
1672 2310 1732 2335 inde
1743 2319 1761 2335 α
1773 2309 1824 2335 145

171 2349 413 2376 οιιτιίαΗίποηιασ-ιι
431 2351 603 2377 ade-ibueruda
621 2356 703 2377 mem
784 2351 835 2377 155
852 2353 970 2378 tellurem
988 2362 1056 2378 corr.
1069 2353 1094 2377 B
1176 2351 1225 2377 157
1243 2351 1330 2384 *amal
1342 2352 1367 2376 B
1385 2361 1447 2377 arva
1463 2353 1483 2377 O
1500 2353 1549 2386 «ξίν.
1568 2362 1639 2385 pase.
1652 2353 1704 2378 Iul.
1718 2353 1760 2385 ΙΙ,
1773 2352 1824 2378 333

171 2397 195 2418 et
212 2401 294 2426 supra
307 2402 336 2426 p.
355 2392 390 2419 44
479 2393 528 2420 158
547 2395 568 2419 E
585 2403 664 2428 grege
688 2403 825 2427 squamoso
842 2396 870 2421 in
887 2405 941 2421 rae.
960 2396 985 2421 Β
1054 2404 1193 2429 perornans
1212 2395 1236 2420 R
1254 2395 1266 2420 1
1289 2392 1422 2428 peror(nat
1429 2395 1451 2428 5³)
1473 2395 1535 2420 add.
1553 2404 1569 2429 ρ
1658 2395 1707 2422 159
1725 2395 1824 2430 *reper-

170 2439 226 2461 tum
245 2435 296 2461 Ro
383 2436 432 2462 161
451 2441 578 2470 ursntque
596 2437 622 2462 B
639 2446 707 2463 corr.
725 2439 760 2463 al.
778 2447 847 2464 ηιαπ.
937 2439 986 2464 163
1003 2438 1120 2464 *condite
1139 2438 1188 2463 ΒΟ
1205 2439 1307 2464 subdite
1325 2438 1357 2464 F.
1377 2439 1525 2464 Dumnmler
1612 2437 1663 2464 164
1682 2439 1732 2472 vel]
1752 2444 1780 2465 tu
1803 2439 1824 2464 Ο

164 2479 233 2512 sort.
250 2483 316 2504 rede
386 2480 529 2513 rependens
547 2479 573 2504 R
590 2488 657 2505 eon.
676 2488 692 2514 ρ
781 2480 831 2506 168
849 2490 942 2514 segnes
960 2490 1026 2507 corr.
1047 2482 1071 2506 R
1141 2482 1226 2507 fractis
1244 2490 1309 2506 corr.
1331 2480 1356 2505 R
1444 2480 1493 2506 169
1510 2480 1610 2514 arbore]
1629 2491 1644 2507 a
1662 2490 1692 2507 αι·
1710 2490 1727 2507 u
1750 2481 1771 2506 R

275 2546 325 2573 135
341 2546 389 2579 ψ’.
405 2546 448 2574 46.
541 2547 590 2574 136
610 2547 676 2574 Aen.
696 2547 751 2581 IV,
769 2549 786 2575 5
808 2548 858 2575 dat
881 2557 947 2575 curs.
966 2549 1097 2583 quietem.
1191 2549 1238 2575 137
1257 2556 1277 2576 e.
1293 2556 1318 2582 9.
1337 2548 1407 2575 Aen.
1431 2547 1514 2582 VIII,
1533 2549 1584 2575 658
1602 2548 1692 2575 noctis
1711 2556 1823 2582 opacae.

171 2597 222 2624 138
241 2597 288 2624 Ge.
307 2597 362 2632 IV,
380 2598 432 2625 466
450 2598 491 2626 'I'e
509 2598 640 2626 veniente
660 2599 714 2631 die.
733 2599 808 2627 Fore.
828 2600 857 2627 V.
872 2600 913 2628 M.
927 2601 950 2634 Ι,
969 2601 1002 2628 73
1021 2602 1060 2627 Ae
1078 2600 1209 2627 veniente
1228 2600 1282 2627 die.
1371 2600 1420 2626 139
1439 2599 1503 2626 Met.
1520 2599 1580 2633 IX,
1598 2600 1648 2626 736
1667 2599 1725 2626 filia
1743 2599 1822 2626 Solis.

172 2647 260 2682 Quam
276 2649 371 2683 iqnoro
387 2649 460 2676 wude
475 2650 615 2678 Auroram
631 2653 786 2686 πηχυαῖα
802 2653 848 2686 cfr.
862 2653 960 2687 Haupt
978 2661 1019 2687 op.
1034 2653 1091 2686 ΙΙΙ,
1107 2654 1167 2679 320.
1256 2652 1306 2679 145
1323 2651 1452 2678 Audradi
1468 2660 1560 2678 versus
1577 2652 1746 2679 intercalares
1763 2660 1823 2679 cum

171 2699 230 2727 Ed.
247 2700 321 2728 VIII
334 2701 429 2736 Incipe
442 2701 595 2730 Maenalios
614 2711 730 2735 mecum,
749 2712 811 2731 mea
829 2704 908 2738 tibia,
928 2713 1022 2731 versus
1035 2704 1191 2739 amparnwit
1205 2703 1287 2730 Ebc-rt
1300 2702 1334 2730 L.
1346 2702 1372 2729 d.
1389 2703 1456 2730 MA.
1469 2703 1511 2737 ΙΙ,
1524 2704 1584 2735 275,
1596 2703 1621 2730 2.
1710 2703 1759 2729 154
1775 2702 1822 2735 cfr.

169 2750 258 2778 Scaea.
277 2751 307 2784 V,
323 2752 375 2779 389
392 2753 456 2780 Non
475 2754 538 2781 vult
555 2755 679 2789 agnosci.
