2060 3074
733 156 781 183 DE
800 156 943 185 SANCTA
962 157 1174 187 TRtNl'rATE.
1712 165 1773 194 745

492 242 631 274 Edocuit
654 243 828 286 genitoque
852 244 913 276 sibi
936 247 1067 277 eantare
1093 245 1255 287 decorem,

492 294 558 326 Per
580 304 677 336 quem
699 298 815 327 cuncta
836 298 930 338 pater
953 296 1043 328 fecit:
1067 298 1112 329 sie
1134 297 1282 340 praedita
1306 299 1371 330 vita

493 345 620 388 Coepta
642 356 702 389 per
725 350 894 379 aeternum
916 352 1106 391 reparantur
1128 349 1249 392 gaudia
1271 350 1415 382 verbum.

438 414 604 442 EXPLICIT
623 414 671 442 DE
690 415 867 443 AETERNA
886 416 969 443 FILII
988 417 1050 444 DEI
1069 418 1114 444 ET
1133 418 1288 446 HOMINIS
1306 419 1382 445 CUM
1402 419 1471 446 DEO

576 457 696 484 PATRE
714 458 998 487 COOPERA'I'IONE
1019 460 1125 487 LIBER,
1143 461 1337 489 SECUNDUS.

733 501 855 529 HABET
874 502 1011 531 VERSUS
1031 503 1176 531 .LXV1111.

657 643 832 680 INCIPIT
858 644 1001 681 LIBER
1027 645 1246 683 TERTIUS.

497 716 658 760 Tempore
682 727 745 760 quo
768 718 857 750 nasci
878 718 978 750 voluit
1000 718 1041 750 de
1064 719 1188 762 virgine
1211 730 1302 752 sacra

494 768 595 800 Filius
617 769 687 812 ipse
711 769 764 801 dei
787 769 937 812 dignatus
960 781 1087 803 sumere
1111 782 1236 814 corpus,

492 820 636 853 Delicias
659 821 745 854 vitae
770 821 921 854 doctrinis
943 823 1092 866 praebuit
1115 824 1185 856 orbi

494 872 538 905 Et
559 883 595 906 se
618 877 824 916 praesentem
847 875 962 906 summi
984 875 1142 918 sapientia
1163 876 1263 918 patris

438 939 450 957 ε.
493 925 636 968 Agnosei
658 920 760 958 voluit
781 926 1008 970 hominemque
1031 927 1192 970 deumque
1216 928 1320 970 fateri,

493 977 726 1021 Exemplisque
749 989 842 1011 suum
864 979 1004 1011 firmavit
1027 979 1146 1022 dogma
1168 980 1363 1023 redemptor.

494 1029 641 1072 Cumque
663 1030 811 1073 placeret
833 1031 864 1063 ei
885 1041 944 1073 pro
968 1031 1088 1063 mundo
1111 1042 1233 1074 ponere
1256 1033 1364 1073 vitam,

494 1081 678 1125 Complevit
700 1083 830 1126 pietatis
854 1093 945 1126 opus,
968 1087 1170 1126 mortemque
1193 1087 1395 1126 peremptam

492 1133 606 1166 Victor
627 1134 669 1167 ab
692 1135 818 1167 inferno
840 1145 990 1167 remeans
1013 1136 1152 1167 surrexit
1175 1139 1208 1167 et
1229 1136 1358 1168 umbras

427 1199 452 1219 ιο
494 1186 583 1218 Luce
606 1197 665 1218 sua
686 1187 847 1230 perimens
869 1187 975 1220 lucem
998 1187 1054 1219 lux
1075 1187 1215 1220 reddidit
1237 1188 1306 1220 orbi

492 1238 736 1281 Aeternumque
761 1238 859 1271 decus
881 1239 988 1271 stabili
1010 1240 1173 1282 reparavit
1194 1240 1327 1271 honore.
1351 1276 1353 1278 ³

493 1289 737 1333 Praelectisque
760 1291 845 1332 viris,
869 1291 984 1334 quibus
1007 1291 1114 1323 omnia
1137 1291 1291 1334 dogmata
1313 1291 1398 1323 vitae

492 1342 536 1375 Et
558 1353 718 1375 summum
741 1344 823 1376 sacri
846 1354 955 1376 curam
978 1344 1135 1376 commisit
1157 1344 1258 1384 ovilis,

491 1394 670 1438 Postquam
693 1396 842 1436 surrexit,
865 1399 1023 1428 memorat
1046 1395 1199 1428 mandata
1220 1396 1337 1439 priora.

426 1460 450 1479 ιε
492 1446 536 1479 Et
557 1457 706 1480 reserans
728 1448 811 1490 legis
834 1451 964 1480 cunctos
988 1458 1030 1480 ex
1053 1447 1164 1480 ordine
1187 1447 1296 1488 libros,

492 1498 535 1531 Se
557 1500 657 1542 patris
681 1500 806 1532 aeterni
828 1501 973 1542 genitum
996 1500 1063 1532 sine
1087 1500 1241 1542 temporis
1263 1500 1344 1531 hora

491 1550 675 1594 Aequalem
699 1551 808 1584 docuit
829 1551 1049 1595 mundumque
1072 1562 1200 1596 creasse
1222 1562 1282 1594 per
1303 1548 1402 1583 illum'

491 1602 634 1646 Exponit
656 1607 783 1646 patrem
806 1604 859 1636 vel
882 1603 1033 1647 quiequid
1056 1605 1199 1636 eontinet
1220 1604 1317 1637 orbis.

493 1679 1358 1688 ·················

231 1799 266 1827 68
283 1799 360 1827 *uite
378 1801 401 1827 0
478 1800 489 1835 Η
505 1801 522 1828 4
539 1805 682 1836 presentem
703 1802 740 1828 tic
758 1802 781 1828 0
858 1802 891 1828 10
907 1803 1052 1836 perhimens
1071 1802 1094 1828 0
1172 1801 1204 1828 16
1222 1801 1281 1827 *De
1300 1801 1322 1826 0
1389 1799 1422 1826 19
1433 1801 1514 1834 finem
1531 1800 1615 1826 deesse
1632 1799 1772 1833 significavi

161 1845 204 1870 hic
221 1845 287 1871 liber
303 1849 342 1871 est
359 1845 477 1879 seriptus,
496 1846 540 1878 qui
558 1846 660 1880 smipsit
677 1846 712 1872 sit
728 1845 886 1872 benedictus.
913 1854 987 1871 amen
1005 1844 1152 1878 mbaern‘peu‘t
1171 1844 1193 1870 Ο

229 1930 247 1957 8
263 1931 380 1958 mortem
399 1931 585 1966 peremptam,
607 1930 641 1964 cf.
664 1938 750 1965 upra
770 1939 831 1965 paq.
847 1931 897 1958 741
920 1930 958 1957 ad
974 1930 1041 1957 VIII
1056 1931 1078 1957 1.
1183 1930 1215 1956 16
1234 1928 1276 1962 Of.
1293 1928 1416 1956 Audrad.
1442 1928 1473 1955 de
1494 1928 1569 1962 fonte
1589 1928 1658 1955 vitae
1678 1935 1701 1955 v.
1718 1927 1770 1954 242

125 1982 223 2016 (mun
235 1990 301 2018 pay.
314 1982 368 2016 ⁹19).
