2060 3074
456 396 495 415 2⁵10

457 657 496 677 27⁵

456 917 496 937 ‘280

458 1184 497 1204 ²⁸5

458 1704 496 1725 2⁹⁵

461 2482 500 2503 ³1⁰

282 2670 436 2697 2591’211112
450 2669 497 2696 VB

179 2711 231 2739 295
247 2713 390 2747 corporeA
476 2711 529 2739 310

281 2789 338 2820 268.
351 2789 420 2816 Luc.
440 2789 480 2821 19,
493 2789 533 2815 17.

769 142 859 170 VITA
878 143 903 170 S.
918 143 1071 170 AMANDI.
1101 143 1209 170 LIBER
1221 144 1242 170 I.

537 228 580 260 Et
602 230 685 272 petit
706 230 777 272 ipse
800 230 902 272 fugax
923 230 1077 263 umbrosa
1100 231 1266 263 cacumina
1289 231 1384 263 tecti:

539 281 682 313 Urbibus
704 282 759 314 ille
782 282 896 314 decem
920 283 1077 325 praeferri
1099 293 1218 326 nempe
1241 283 1398 326 nequibit,

538 332 672 365 Palmae
695 337 738 375 et,
759 344 843 376 quae
859 334 957 366 fuerit
977 335 1092 376 capulo
1109 335 1188 375 sine,
1208 335 1316 377 palma
1337 334 1488 377 neganda
1509 337 1567 366 est.

538 384 612 416 Rex
634 395 726 417 meus
749 389 799 417 est
821 385 967 418 Christus
989 397 1190 429 regnumque
1213 387 1297 418 illius
1321 386 1494 429 Olympus3

538 436 600 467 Ast
623 447 685 478 ego
708 447 779 469 sum
802 438 894 470 miles
917 448 1092 480 numquam
1115 438 1291 470 vincendus
1313 438 1492 478 Amandus,

538 488 686 520 Militiam
709 489 736 520 si
758 499 852 521 servo
874 500 1000 526 meam;
1023 490 1222 532 complector
1243 493 1278 522 at
1299 490 1400 530 illum,

537 541 633 572 Illum
657 544 691 573 et
712 542 781 573 iure
805 552 933 584 sequor,
957 542 1045 574 cuius
1068 543 1260 584 cognomine
1283 542 1382 576 dicor.

539 593 690 625 Invideas
713 594 791 626 mihi
812 604 855 626 ne
878 596 996 635 tantos,
1018 597 1122 636 pater,
1146 594 1291 635 obsecro,
1314 595 1467 626 honores:

540 644 601 677 Est
622 645 701 677 mihi
724 645 870 678 Christus
893 656 984 678 amor
1006 647 1105 678 vestis
1127 647 1289 688 possessio
1312 647 1414 678 victus

538 696 581 728 Et
603 696 718 729 domus
742 700 775 729 et
797 698 902 740 patria.
925 701 958 730 et
980 698 1070 730 locus
1094 701 1128 730 et
1151 698 1331 730 substantia
1354 701 1388 730 et
1409 709 1538 735 aurum;

538 749 671 781 Viventi
692 749 771 781 mihi
792 749 860 781 vita
882 752 932 781 est
954 760 992 781 ac
1014 750 1139 782 lucrum
1162 750 1320 791 morienti,

540 800 611 838 Quo
635 801 703 833 sine
727 802 771 833 nil
795 802 888 844 cupio
913 805 947 833 et
970 812 1033 844 quo
1057 812 1130 834 cum
1152 802 1238 834 bona
1261 805 1375 834 cuncta
1398 801 1538 834 te‘nebo'.

541 852 635 885 Haec
658 853 743 895 patri
766 854 906 885 attonito
930 853 1095 885 referebat
1116 853 1217 886 verba
1238 854 1354 886 beatus

538 904 630 936 More
653 905 729 949 apis·
746 915 928 948 excerpens
953 906 1130 948 scripturae
1154 906 1299 948 germine
1321 906 1427 937 flores.

538 956 683 988 Plurima
704 957 906 1000 praeteriens
929 956 1034 989 studio
1057 957 1225 989 brevitatis
1248 958 1362 989 omitto

539 1007 657 1051 Adqiie
681 1019 731 1049 ea,
755 1019 839 1051 quae
862 1011 996 1049 restant,
1019 1009 1125 1041 veloci
1147 1009 1267 1041 famine
1291 1019 1393 1041 curro.

581 1069 624 1101 X.
646 1069 732 1102 Hinc
756 1069 929 1110 desiderio,
953 1080 1017 1112 quo
1041 1073 1205 1112 coeperat,
1229 1070 1366 1113 amplius
1389 1073 1484 1102 aucto

540 1120 678 1153 Sanctus
700 1120 868 1153 Amandus
891 1121 959 1153 adit
979 1121 1125 1153 Toronos
1148 1132 1338 1164 sacrumque
1365 1123 1547 1165 sepulcrum

540 1171 671 1204 Martini
693 1173 776 1215 petit
798 1183 837 1205 ac
861 1173 960 1205 sacris
982 1176 1162 1216 prostratus
1183 1174 1216 1206 in
1239 1174 1334 1215 arvis,

540 1224 672 1256 Affectu
695 1224 800 1256 cordis
822 1225 993 1257 lacrimans
1016 1228 1050 1257 et
1071 1229 1185 1268 pectus
1207 1226 1379 1258 honestum

540 1275 742 1309 Verberibus
763 1276 913 1316 tundens,
936 1277 1074 1320 suspiria
1095 1278 1193 1320 longa
1215 1278 1374 1311 trahendo

539 1327 610 1360 Has
633 1338 728 1360 orans
750 1329 815 1360 imo
838 1327 997 1361 fundebat
1019 1332 1152 1371 pectore
1176 1340 1286 1362 voces:

541 1379 580 1412 ‘O
603 1380 742 1413 Martine
765 1391 868 1421 sacer,
892 1391 989 1424 quem
1011 1381 1136 1414 caelica
1158 1392 1260 1424 regna
1282 1385 1455 1423 retentant,

539 1432 697 1473 Obsecro,
721 1435 757 1464 ut
779 1433 928 1465 obtineas
951 1433 1039 1476 apud
1064 1433 1163 1474 illum,
1187 1434 1277 1465 cuius
1299 1433 1440 1474 haberis,

541 1483 639 1516 Cuius
663 1487 697 1517 et
719 1484 884 1527 obsequiis
906 1485 1026 1527 iugiter
1048 1485 1218 1527 copulatus
1241 1485 1411 1526 adhaeres,

540 1535 591 1568 Ne
613 1539 762 1579 repetam
783 1537 893 1568 natale
916 1537 1022 1568 solum
1042 1540 1200 1579 notosque
1224 1537 1367 1574 relictos;

541 1587 667 1630 Dirigat
687 1598 791 1631 usque
813 1598 906 1620 meos
928 1599 1060 1631 gressus
1082 1589 1115 1620 in
1137 1589 1219 1627 calle
1243 1589 1374 1629 salubri,

540 1639 586 1672 Ut
608 1643 759 1684 coeptum
783 1651 941 1684 peragam
963 1651 1091 1673 cursum
1113 1641 1306 1684 peregrinus
1330 1644 1364 1673 et
1387 1641 1463 1673 exul

539 1692 621 1724 Fine
644 1695 749 1734 tenus,
773 1693 876 1726 carnis
900 1692 1004 1725 donec
1026 1692 1068 1725 de
1091 1703 1224 1726 carcere
1247 1691 1375 1726 solvar’.

540 1743 635 1776 Haec
658 1747 786 1777 sanctus
809 1745 934 1777 tumulo
957 1745 1074 1777 sacrati
1097 1745 1241 1788 corporis
1263 1745 1402 1778 haerens

540 1796 719 1828 Promebat
740 1797 859 1837 multis,
883 1797 972 1829 vario
996 1800 1030 1829 et
1052 1807 1211 1837 sermone,
1235 1797 1386 1839 querelis,

541 1847 593 1880 Ex
616 1848 716 1880 oculis
739 1848 888 1880 lacrimas
912 1848 1059 1889 fundens,
1083 1859 1126 1880 ex
1149 1859 1205 1881 ore
1228 1849 1386 1891 loquelas.

542 1899 624 1932 Inde
647 1910 774 1932 comam
797 1900 911 1942 capitis
934 1900 1020 1932 ferro
1043 1899 1164 1932 decidit
1185 1900 1307 1933 ibidem

539 1951 743 1995 Mutavitque
766 1952 911 1984 habitum
935 1952 1014 1984 cleri
1036 1952 1166 1984 sortitus
1188 1952 1356 1984 honorem.

541 2003 651 2047 Atque
674 2004 764 2036 velut
787 2004 881 2036 miles
906 2004 1026 2036 terreni
1049 2004 1136 2046 regis
1158 2004 1192 2036 in
1214 2004 1290 2036 aula

542 2055 681 2099 Cingula
702 2057 882 2099 suscipiens
905 2055 1031 2099 pondus
1053 2056 1199 2098 perferre
1221 2055 1342 2088 laboris

541 2107 678 2140 Ferrata
699 2108 760 2140 sub
782 2111 875 2140 veste
898 2108 991 2148 solet,
1015 2107 1060 2140 sic
1083 2107 1222 2149 belliger
1242 2107 1316 2148 iste,

541 2159 714 2202 Ingrueret
735 2159 960 2202 quodcumque
984 2159 1115 2199 malum,
1139 2159 1262 2190 laturus
1283 2158 1316 2190 in
1338 2158 1418 2190 orbe

542 2211 678 2244 Sustulit
699 2222 789 2244 arma
811 2212 914 2244 crucis
935 2212 1079 2244 victricia
1100 2211 1234 2254 signifer
1255 2211 1369 2252 almus,

542 2262 695 2307 Corporis
711 2267 752 2296 et
772 2264 891 2296 mentis
913 2267 1025 2296 contra
1046 2263 1158 2295 hostes
1180 2263 1272 2295 fortis
1294 2263 1466 2305 utrimque,

541 2315 750 2348 Multimodos
772 2315 932 2348 revehens
954 2308 1029 2348 hinc
1050 2317 1148 2358 atque
1170 2315 1244 2347 hinc
1266 2315 1327 2347 rite
1349 2314 1541 2357 triumphos.

542 2366 652 2410 Atque
674 2370 712 2399 ut
733 2377 812 2410 apes
835 2367 978 2410 prudens
1000 2366 1171 2399 intendens
1193 2366 1326 2398 floribus
1348 2366 1442 2398 almis

541 2417 692 2462 Exquirit
714 2419 842 2460 violam,
866 2429 950 2461 quae
973 2422 1081 2451 terrae
1104 2418 1254 2461 proxima
1276 2418 1388 2460 surgit,

541 2469 609 2503 Sed
630 2473 740 2502 tamen
763 2471 931 2513 egregium
954 2470 1091 2513 praebet
1113 2469 1291 2512 tinguendo
1315 2469 1457 2501 colorem

545 2521 795 2565 Purpureosque
818 2522 895 2555 facit
917 2532 1014 2564 reges
1036 2522 1229 2565 populisque
1253 2520 1455 2554 tremendos:

564 2668 616 2696 282
628 2669 715 2703 Atque
726 2669 752 2694 B
819 2667 872 2694 284
883 2672 989 2695 turonos
1002 2667 1030 2695 Β
1098 2667 1150 2694 285
1162 2668 1259 2694 sanctis
1272 2667 1296 2693 A
1365 2666 1418 2693 290
1430 2668 1545 2701 optinens
1557 2667 1583 2693 B

546 2713 668 2746 tingendo
685 2712 732 2745 (εἰσ
749 2712 858 2745 semper)
870 2711 896 2737 B

620 2789 672 2816 269
690 2793 707 2816 2
719 2788 827 2815 Timavi.
845 2789 870 2820 2,
883 2789 907 2815 5.
995 2787 1045 2814 277
1067 2787 1188 2821 Philipp.
1208 2787 1232 2819 1,
1245 2787 1286 2814 21.

1569 2838 1622 2864 73*

1763 146 1824 176 575

1651 2667 1702 2694 293
1715 2672 1795 2702 utque
1805 2668 1830 2693 B
