<?xml version="1.0" encoding="UTF-8"?>
<!DOCTYPE html PUBLIC "-//W3C//DTD XHTML 1.0 Transitional//EN"
    "http://www.w3.org/TR/xhtml1/DTD/xhtml1-transitional.dtd">
<html xmlns="http://www.w3.org/1999/xhtml" xml:lang="en" lang="en">
 <head>
  <title>
</title>
<meta http-equiv="Content-Type" content="text/html;charset=utf-8" />
  <meta name='ocr-system' content='tesseract 3.04.00' />
  <meta name='ocr-capabilities' content='ocr_page ocr_carea ocr_par ocr_line ocrx_word'/>
</head>
<body>
  <div class='ocr_page' id='page_1' title='image "./monumentagerma03geseuoft_0339.png"; bbox 0 0 2138 3106; ppageno 0'>
   <div class='ocr_carea' id='block_1_1' title="bbox 801 167 1832 207">
    <p class='ocr_par' dir='ltr' id='par_1_1' title="bbox 801 167 1832 207">
     <span class='ocr_line' id='line_1_1' title="bbox 801 167 1832 207; baseline 0.014 -14"><span class='ocrx_word' id='word_1_1' title='bbox 801 167 971 195; x_wconf 77' lang='lat' dir='ltr'>CARMINA</span> <span class='ocrx_word' id='word_1_2' title='bbox 992 169 1150 196; x_wconf 75' lang='lat' dir='ltr'><strong>FREDIGA</strong></span> <span class='ocrx_word' id='word_1_3' title='bbox 1156 171 1226 198; x_wconf 82' lang='lat' dir='ltr'>RDI.</span> <span class='ocrx_word' id='word_1_4' title='bbox 1771 177 1832 207; x_wconf 82' lang='lat'><strong>323</strong></span> 
     </span>
    </p>
   </div>
   <div class='ocr_carea' id='block_1_2' title="bbox 710 306 1306 408">
    <p class='ocr_par' dir='ltr' id='par_1_2' title="bbox 710 306 1306 408">
     <span class='ocr_line' id='line_1_2' title="bbox 941 306 1076 338; baseline 0.007 -1"><span class='ocrx_word' id='word_1_5' title='bbox 941 306 1076 338; x_wconf 89' lang='lat' dir='ltr'>LXXV.</span> 
     </span>
     <span class='ocr_line' id='line_1_3' title="bbox 710 369 1306 408; baseline 0.005 -4"><span class='ocrx_word' id='word_1_6' title='bbox 710 369 759 405; x_wconf 95' lang='lat' dir='ltr'><strong>IN</strong></span> <span class='ocrx_word' id='word_1_7' title='bbox 785 369 998 405; x_wconf 89' lang='lat' dir='ltr'>MANSION</span> <span class='ocrx_word' id='word_1_8' title='bbox 999 370 1027 405; x_wconf 90' lang='lat' dir='ltr'>E</span> <span class='ocrx_word' id='word_1_9' title='bbox 1054 369 1306 408; x_wconf 88' lang='lat' dir='ltr'>CVIVSDAM.</span> 
     </span>
    </p>
   </div>
   <div class='ocr_carea' id='block_1_3' title="bbox 547 443 1523 641">
    <p class='ocr_par' dir='ltr' id='par_1_3' title="bbox 547 443 1505 537">
     <span class='ocr_line' id='line_1_4' title="bbox 547 443 1505 490; baseline 0.005 -16"><span class='ocrx_word' id='word_1_10' title='bbox 547 443 693 485; x_wconf 85' lang='lat' dir='ltr'><strong>Quisque</strong></span> <span class='ocrx_word' id='word_1_11' title='bbox 716 443 848 475; x_wconf 85' lang='lat' dir='ltr'><strong>domum</strong></span> <span class='ocrx_word' id='word_1_12' title='bbox 870 446 1046 486; x_wconf 84' lang='lat' dir='ltr'><strong>penetrans</strong></span> <span class='ocrx_word' id='word_1_13' title='bbox 1070 445 1221 484; x_wconf 83' lang='lat' dir='ltr'><strong>alienam,</strong></span> <span class='ocrx_word' id='word_1_14' title='bbox 1246 450 1354 478; x_wconf 88' lang='lat' dir='ltr'><strong>mutus</strong></span> <span class='ocrx_word' id='word_1_15' title='bbox 1377 448 1408 478; x_wconf 91' lang='lat' dir='ltr'><strong>in</strong></span> <span class='ocrx_word' id='word_1_16' title='bbox 1433 448 1505 490; x_wconf 83' lang='lat' dir='ltr'><strong>ipsa</strong></span> 
     </span>
     <span class='ocr_line' id='line_1_5' title="bbox 590 495 1340 537; baseline 0.003 -11"><span class='ocrx_word' id='word_1_17' title='bbox 590 495 634 526; x_wconf 79' lang='lat' dir='ltr'><strong>Et</strong></span> <span class='ocrx_word' id='word_1_18' title='bbox 657 495 775 527; x_wconf 87' lang='lat' dir='ltr'><strong>surdus</strong></span> <span class='ocrx_word' id='word_1_19' title='bbox 799 496 951 537; x_wconf 81' lang='lat' dir='ltr'><strong>quoniam</strong></span> <span class='ocrx_word' id='word_1_20' title='bbox 976 495 1074 527; x_wconf 82' lang='lat' dir='ltr'><strong>debet</strong></span> <span class='ocrx_word' id='word_1_21' title='bbox 1097 495 1224 535; x_wconf 78' lang='lat' dir='ltr'>adesse,</span> <span class='ocrx_word' id='word_1_22' title='bbox 1249 498 1340 528; x_wconf 85' lang='lat' dir='ltr'><strong>sciat.</strong></span> 
     </span>
    </p>

    <p class='ocr_par' dir='ltr' id='par_1_4' title="bbox 547 546 1523 641">
     <span class='ocr_line' id='line_1_6' title="bbox 547 546 1523 592; baseline 0.004 -14"><span class='ocrx_word' id='word_1_23' title='bbox 547 546 672 578; x_wconf 83' lang='lat' dir='ltr'><strong>Surdus</strong></span> <span class='ocrx_word' id='word_1_24' title='bbox 696 548 728 579; x_wconf 90' lang='lat' dir='ltr'><strong>in</strong></span> <span class='ocrx_word' id='word_1_25' title='bbox 752 547 814 579; x_wconf 80' lang='lat' dir='ltr'><strong>hae</strong></span> <span class='ocrx_word' id='word_1_26' title='bbox 838 551 969 579; x_wconf 79' lang='lat' dir='ltr'><strong>maneat</strong></span> <span class='ocrx_word' id='word_1_27' title='bbox 993 550 1128 587; x_wconf 77' lang='lat' dir='ltr'><strong>tantum,</strong></span> <span class='ocrx_word' id='word_1_28' title='bbox 1152 551 1262 579; x_wconf 82' lang='lat' dir='ltr'><strong>mutus</strong></span> <span class='ocrx_word' id='word_1_29' title='bbox 1285 549 1391 587; x_wconf 74' lang='lat' dir='ltr'><strong>simul,</strong></span> <span class='ocrx_word' id='word_1_30' title='bbox 1415 553 1523 592; x_wconf 78' lang='lat' dir='ltr'><strong>atque,</strong></span> 
     </span>
     <span class='ocr_line' id='line_1_7' title="bbox 591 598 1346 641; baseline 0.001 -11"><span class='ocrx_word' id='word_1_31' title='bbox 591 599 679 630; x_wconf 77' lang='lat' dir='ltr'><strong>Aure</strong></span> <span class='ocrx_word' id='word_1_32' title='bbox 703 598 789 640; x_wconf 90' lang='lat' dir='ltr'><strong>quod</strong></span> <span class='ocrx_word' id='word_1_33' title='bbox 813 598 963 637; x_wconf 74' lang='lat' dir='ltr'><strong>audierit,</strong></span> <span class='ocrx_word' id='word_1_34' title='bbox 988 598 1222 630; x_wconf 82' lang='lat' dir='ltr'><strong>dissimulando</strong></span> <span class='ocrx_word' id='word_1_35' title='bbox 1247 603 1346 641; x_wconf 80' lang='lat' dir='ltr'><strong>tegat.</strong></span> 
     </span>
    </p>
   </div>
   <div class='ocr_carea' id='block_1_4' title="bbox 738 813 1280 916">
    <p class='ocr_par' dir='ltr' id='par_1_5' title="bbox 738 813 1280 916">
     <span class='ocr_line' id='line_1_8' title="bbox 932 813 1088 846; baseline 0.006 -1"><span class='ocrx_word' id='word_1_36' title='bbox 932 813 1088 846; x_wconf 88' lang='lat' dir='ltr'><strong>LXXVI.</strong></span> 
     </span>
     <span class='ocr_line' id='line_1_9' title="bbox 738 877 1280 916; baseline 0 -3"><span class='ocrx_word' id='word_1_37' title='bbox 738 877 956 913; x_wconf 86' lang='lat' dir='ltr'>DESVPER</span> <span class='ocrx_word' id='word_1_38' title='bbox 984 877 1280 916; x_wconf 87' lang='lat' dir='ltr'>CYLIPSIDRA.</span> 
     </span>
    </p>
   </div>
   <div class='ocr_carea' id='block_1_5' title="bbox 480 952 1501 1464">
    <p class='ocr_par' dir='ltr' id='par_1_6' title="bbox 480 952 1501 1464">
     <span class='ocr_line' id='line_1_10' title="bbox 546 952 1432 994; baseline 0.001 -11"><span class='ocrx_word' id='word_1_39' title='bbox 546 952 659 983; x_wconf 81' lang='lat' dir='ltr'><strong>Artem</strong></span> <span class='ocrx_word' id='word_1_40' title='bbox 683 962 779 994; x_wconf 75' lang='lat' dir='ltr'><strong>quam</strong></span> <span class='ocrx_word' id='word_1_41' title='bbox 804 955 944 994; x_wconf 78' lang='lat' dir='ltr'><strong>spectas,</strong></span> <span class='ocrx_word' id='word_1_42' title='bbox 969 962 1097 983; x_wconf 84' lang='lat' dir='ltr'><strong>cursum</strong></span> <span class='ocrx_word' id='word_1_43' title='bbox 1120 952 1179 983; x_wconf 89' lang='lat' dir='ltr'><strong>tibi</strong></span> <span class='ocrx_word' id='word_1_44' title='bbox 1205 953 1292 991; x_wconf 59' lang='lat' dir='ltr'><strong>solis,</strong></span> <span class='ocrx_word' id='word_1_45' title='bbox 1318 953 1432 990; x_wconf 78' lang='lat' dir='ltr'><strong>amice,</strong></span> 
     </span>
     <span class='ocr_line' id='line_1_11' title="bbox 546 1004 1301 1047; baseline 0 -11"><span class='ocrx_word' id='word_1_46' title='bbox 546 1004 662 1036; x_wconf 81' lang='lat' dir='ltr'><strong>Sidera</strong></span> <span class='ocrx_word' id='word_1_47' title='bbox 684 1015 744 1047; x_wconf 85' lang='lat' dir='ltr'><strong>per</strong></span> <span class='ocrx_word' id='word_1_48' title='bbox 766 1004 869 1036; x_wconf 80' lang='lat' dir='ltr'><strong>dictat</strong></span> <span class='ocrx_word' id='word_1_49' title='bbox 891 1004 981 1036; x_wconf 88' lang='lat' dir='ltr'><strong>horis</strong></span> <span class='ocrx_word' id='word_1_50' title='bbox 1005 1005 1038 1036; x_wconf 91' lang='lat' dir='ltr'><strong>in</strong></span> <span class='ocrx_word' id='word_1_51' title='bbox 1060 1004 1110 1036; x_wconf 88' lang='lat' dir='ltr'><strong>bis</strong></span> <span class='ocrx_word' id='word_1_52' title='bbox 1134 1004 1301 1037; x_wconf 82' lang='lat' dir='ltr'>duodenis.</span> 
     </span>
     <span class='ocr_line' id='line_1_12' title="bbox 546 1056 1501 1099; baseline -0.001 -11"><span class='ocrx_word' id='word_1_53' title='bbox 546 1056 641 1093; x_wconf 85' lang='lat' dir='ltr'><strong>Quod</strong></span> <span class='ocrx_word' id='word_1_54' title='bbox 665 1057 691 1088; x_wconf 88' lang='lat' dir='ltr'><strong>si</strong></span> <span class='ocrx_word' id='word_1_55' title='bbox 714 1067 809 1088; x_wconf 84' lang='lat' dir='ltr'><strong>nosse</strong></span> <span class='ocrx_word' id='word_1_56' title='bbox 834 1057 935 1099; x_wconf 71' lang='lat' dir='ltr'><strong>cupiS,</strong></span> <span class='ocrx_word' id='word_1_57' title='bbox 959 1057 1088 1099; x_wconf 80' lang='lat' dir='ltr'><strong>punctis</strong></span> <span class='ocrx_word' id='word_1_58' title='bbox 1112 1067 1190 1088; x_wconf 85' lang='lat' dir='ltr'><strong>mox</strong></span> <span class='ocrx_word' id='word_1_59' title='bbox 1214 1057 1302 1088; x_wconf 85' lang='lat' dir='ltr'><strong>solve</strong></span> <span class='ocrx_word' id='word_1_60' title='bbox 1327 1057 1501 1098; x_wconf 85' lang='lat' dir='ltr'><strong>quaternis,</strong></span> 
     </span>
     <span class='ocr_line' id='line_1_13' title="bbox 543 1109 1452 1152; baseline -0.001 -11"><span class='ocrx_word' id='word_1_61' title='bbox 543 1109 683 1141; x_wconf 82' lang='lat' dir='ltr'><strong>Horam:</strong></span> <span class='ocrx_word' id='word_1_62' title='bbox 707 1113 838 1152; x_wconf 82' lang='lat' dir='ltr'><strong>statque</strong></span> <span class='ocrx_word' id='word_1_63' title='bbox 861 1109 933 1142; x_wconf 87' lang='lat' dir='ltr'><strong>dies</strong></span> <span class='ocrx_word' id='word_1_64' title='bbox 957 1110 1004 1141; x_wconf 87' lang='lat' dir='ltr'><strong>sie</strong></span> <span class='ocrx_word' id='word_1_65' title='bbox 1028 1110 1156 1152; x_wconf 87' lang='lat' dir='ltr'><strong>punctis</strong></span> <span class='ocrx_word' id='word_1_66' title='bbox 1181 1120 1241 1141; x_wconf 82' lang='lat' dir='ltr'><strong>sex</strong></span> <span class='ocrx_word' id='word_1_67' title='bbox 1264 1109 1452 1151; x_wconf 75' lang='lat' dir='ltr'><strong>nonaginta.</strong></span> 
     </span>
     <span class='ocr_line' id='line_1_14' title="bbox 494 1161 1464 1204; baseline 0 -11"><span class='ocrx_word' id='word_1_68' title='bbox 494 1169 506 1186; x_wconf 76' lang='lat'>⁵</span> <span class='ocrx_word' id='word_1_69' title='bbox 542 1161 603 1193; x_wconf 83' lang='lat' dir='ltr'><strong>His</strong></span> <span class='ocrx_word' id='word_1_70' title='bbox 627 1173 692 1193; x_wconf 84' lang='lat' dir='ltr'><strong>nox</strong></span> <span class='ocrx_word' id='word_1_71' title='bbox 715 1165 813 1204; x_wconf 78' lang='lat' dir='ltr'><strong>atque</strong></span> <span class='ocrx_word' id='word_1_72' title='bbox 837 1161 909 1194; x_wconf 85' lang='lat' dir='ltr'><strong>dies</strong></span> <span class='ocrx_word' id='word_1_73' title='bbox 934 1165 1043 1194; x_wconf 82' lang='lat' dir='ltr'><strong>sectae</strong></span> <span class='ocrx_word' id='word_1_74' title='bbox 1068 1161 1293 1203; x_wconf 81' lang='lat' dir='ltr'><strong>scanduntque</strong></span> <span class='ocrx_word' id='word_1_75' title='bbox 1317 1161 1464 1193; x_wconf 84' lang='lat' dir='ltr'><strong>residunt</strong></span> 
     </span>
     <span class='ocr_line' id='line_1_15' title="bbox 543 1212 1405 1256; baseline 0 -11"><span class='ocrx_word' id='word_1_76' title='bbox 543 1212 646 1256; x_wconf 87' lang='lat' dir='ltr'><strong>Inque</strong></span> <span class='ocrx_word' id='word_1_77' title='bbox 670 1213 738 1245; x_wconf 75' lang='lat' dir='ltr'><strong>auis</strong></span> <span class='ocrx_word' id='word_1_78' title='bbox 760 1213 888 1245; x_wconf 67' lang='lat' dir='ltr'><strong>&#39;vicibus</strong></span> <span class='ocrx_word' id='word_1_79' title='bbox 911 1224 996 1245; x_wconf 79' lang='lat' dir='ltr'><strong>anno</strong></span> <span class='ocrx_word' id='word_1_80' title='bbox 1020 1213 1206 1256; x_wconf 83' lang='lat' dir='ltr'><strong>spaciisque</strong></span> <span class='ocrx_word' id='word_1_81' title='bbox 1230 1213 1405 1255; x_wconf 77' lang='lat' dir='ltr'><strong>quaternis.</strong></span> 
     </span>
     <span class='ocr_line' id='line_1_16' title="bbox 545 1265 1452 1308; baseline -0.001 -11"><span class='ocrx_word' id='word_1_82' title='bbox 545 1265 611 1297; x_wconf 85' lang='lat' dir='ltr'><strong>Sed</strong></span> <span class='ocrx_word' id='word_1_83' title='bbox 634 1266 716 1298; x_wconf 84' lang='lat' dir='ltr'><strong>latet</strong></span> <span class='ocrx_word' id='word_1_84' title='bbox 738 1266 886 1304; x_wconf 85' lang='lat' dir='ltr'><strong>interius,</strong></span> <span class='ocrx_word' id='word_1_85' title='bbox 911 1276 994 1308; x_wconf 92' lang='lat' dir='ltr'><strong>quae</strong></span> <span class='ocrx_word' id='word_1_86' title='bbox 1018 1265 1127 1297; x_wconf 80' lang='lat' dir='ltr'>sorbet</span> <span class='ocrx_word' id='word_1_87' title='bbox 1150 1265 1266 1308; x_wconf 81' lang='lat' dir='ltr'>hydria</span> <span class='ocrx_word' id='word_1_88' title='bbox 1287 1265 1452 1308; x_wconf 70' lang='lat' dir='ltr'><strong>limpham,</strong></span> 
     </span>
     <span class='ocr_line' id='line_1_17' title="bbox 545 1316 1473 1360; baseline 0 -11"><span class='ocrx_word' id='word_1_89' title='bbox 545 1316 645 1349; x_wconf 87' lang='lat' dir='ltr'><strong>Cuius</strong></span> <span class='ocrx_word' id='word_1_90' title='bbox 670 1318 790 1349; x_wconf 84' lang='lat' dir='ltr'><strong>sensim</strong></span> <span class='ocrx_word' id='word_1_91' title='bbox 814 1317 933 1349; x_wconf 80' lang='lat' dir='ltr'><strong>haustu</strong></span> <span class='ocrx_word' id='word_1_92' title='bbox 956 1318 1069 1360; x_wconf 87' lang='lat' dir='ltr'><strong>puncti</strong></span> <span class='ocrx_word' id='word_1_93' title='bbox 1094 1318 1282 1349; x_wconf 88' lang='lat' dir='ltr'><strong>minuuntur</strong></span> <span class='ocrx_word' id='word_1_94' title='bbox 1307 1321 1339 1348; x_wconf 86' lang='lat' dir='ltr'><strong>et</strong></span> <span class='ocrx_word' id='word_1_95' title='bbox 1362 1317 1473 1350; x_wconf 82' lang='lat' dir='ltr'><strong>horae.</strong></span> 
     </span>
     <span class='ocr_line' id='line_1_18' title="bbox 543 1369 1497 1412; baseline 0 -12"><span class='ocrx_word' id='word_1_96' title='bbox 543 1369 615 1400; x_wconf 89' lang='lat' dir='ltr'><strong>Hoc</strong></span> <span class='ocrx_word' id='word_1_97' title='bbox 638 1379 720 1412; x_wconf 80' lang='lat' dir='ltr'><strong>opus</strong></span> <span class='ocrx_word' id='word_1_98' title='bbox 744 1372 858 1401; x_wconf 81' lang='lat' dir='ltr'><strong>auctor</strong></span> <span class='ocrx_word' id='word_1_99' title='bbox 881 1370 967 1401; x_wconf 90' lang='lat' dir='ltr'><strong>enim</strong></span> <span class='ocrx_word' id='word_1_100' title='bbox 991 1370 1126 1402; x_wconf 78' lang='lat' dir='ltr'>fratrum</span> <span class='ocrx_word' id='word_1_101' title='bbox 1151 1370 1218 1412; x_wconf 85' lang='lat' dir='ltr'><strong>egit</strong></span> <span class='ocrx_word' id='word_1_102' title='bbox 1240 1372 1353 1411; x_wconf 86' lang='lat' dir='ltr'><strong>raptus</strong></span> <span class='ocrx_word' id='word_1_103' title='bbox 1377 1379 1497 1401; x_wconf 82' lang='lat' dir='ltr'><strong>amore.</strong></span> 
     </span>
     <span class='ocr_line' id='line_1_19' title="bbox 480 1421 1373 1464; baseline 0 -12"><span class='ocrx_word' id='word_1_104' title='bbox 480 1429 506 1447; x_wconf 83' lang='lat'><strong>¹⁰</strong></span> <span class='ocrx_word' id='word_1_105' title='bbox 541 1421 614 1458; x_wconf 86' lang='lat' dir='ltr'><strong>Quo</strong></span> <span class='ocrx_word' id='word_1_106' title='bbox 637 1422 763 1464; x_wconf 76' lang='lat' dir='ltr'><strong>possint</strong></span> <span class='ocrx_word' id='word_1_107' title='bbox 787 1421 892 1454; x_wconf 85' lang='lat' dir='ltr'><strong>levius</strong></span> <span class='ocrx_word' id='word_1_108' title='bbox 916 1422 1032 1464; x_wconf 83' lang='lat' dir='ltr'><strong>vigiles</strong></span> <span class='ocrx_word' id='word_1_109' title='bbox 1057 1422 1195 1454; x_wconf 83' lang='lat' dir='ltr'><strong>sufferre</strong></span> <span class='ocrx_word' id='word_1_110' title='bbox 1218 1421 1373 1453; x_wconf 81' lang='lat' dir='ltr'><strong>laborem.</strong></span> 
     </span>
    </p>
   </div>
   <div class='ocr_carea' id='block_1_6' title="bbox 798 1529 1022 1537">
    <p class='ocr_par' dir='ltr' id='par_1_7' title="bbox 798 1529 1022 1537">
     <span class='ocr_line' id='line_1_20' title="bbox 798 1529 1022 1537; baseline 0 0"><span class='ocrx_word' id='word_1_111' title='bbox 798 1529 1022 1537; x_wconf 95' lang='lat' dir='ltr'><strong> </strong></span> 
     </span>
    </p>
   </div>
   <div class='ocr_carea' id='block_1_7' title="bbox 583 1635 1415 1736">
    <p class='ocr_par' dir='ltr' id='par_1_8' title="bbox 583 1635 1415 1736">
     <span class='ocr_line' id='line_1_21' title="bbox 918 1635 1138 1670; baseline 0.009 -2"><span class='ocrx_word' id='word_1_112' title='bbox 918 1635 1091 1668; x_wconf 88' lang='lat' dir='ltr'>LXXVII.</span> <span class='ocrx_word' id='word_1_113' title='bbox 1134 1665 1138 1670; x_wconf 82' lang='lat'><em>‚</em></span> 
     </span>
     <span class='ocr_line' id='line_1_22' title="bbox 583 1697 1415 1736; baseline -0.001 -1"><span class='ocrx_word' id='word_1_114' title='bbox 583 1699 632 1735; x_wconf 91' lang='lat' dir='ltr'><strong>IN</strong></span> <span class='ocrx_word' id='word_1_115' title='bbox 658 1699 854 1736; x_wconf 89' lang='lat' dir='ltr'>TABVLA</span> <span class='ocrx_word' id='word_1_116' title='bbox 881 1698 1123 1735; x_wconf 90' lang='lat' dir='ltr'>CVIVSDAM</span> <span class='ocrx_word' id='word_1_117' title='bbox 1149 1697 1415 1735; x_wconf 88' lang='lat' dir='ltr'>IVVENCVLI.</span> 
     </span>
    </p>
   </div>
   <div class='ocr_carea' id='block_1_8' title="bbox 487 1772 1469 2179">
    <p class='ocr_par' dir='ltr' id='par_1_9' title="bbox 537 1772 1373 1868">
     <span class='ocr_line' id='line_1_23' title="bbox 537 1772 1373 1815; baseline 0.001 -11"><span class='ocrx_word' id='word_1_118' title='bbox 537 1772 624 1805; x_wconf 88' lang='lat' dir='ltr'><strong>Dum</strong></span> <span class='ocrx_word' id='word_1_119' title='bbox 647 1773 755 1815; x_wconf 84' lang='lat' dir='ltr'><strong>fuerit,</strong></span> <span class='ocrx_word' id='word_1_120' title='bbox 778 1774 914 1814; x_wconf 85' lang='lat' dir='ltr'><strong>iuvenis,</strong></span> <span class='ocrx_word' id='word_1_121' title='bbox 938 1777 1029 1806; x_wconf 82' lang='lat' dir='ltr'><strong>aetas</strong></span> <span class='ocrx_word' id='word_1_122' title='bbox 1053 1772 1166 1805; x_wconf 84' lang='lat' dir='ltr'><strong>docilis</strong></span> <span class='ocrx_word' id='word_1_123' title='bbox 1189 1773 1260 1813; x_wconf 82' lang='lat' dir='ltr'><strong>tibi,</strong></span> <span class='ocrx_word' id='word_1_124' title='bbox 1284 1773 1373 1805; x_wconf 83' lang='lat' dir='ltr'><strong>disee</strong></span> 
     </span>
     <span class='ocr_line' id='line_1_24' title="bbox 581 1824 1277 1868; baseline -0.001 -12"><span class='ocrx_word' id='word_1_125' title='bbox 581 1824 732 1857; x_wconf 84' lang='lat' dir='ltr'><strong>Scribere</strong></span> <span class='ocrx_word' id='word_1_126' title='bbox 756 1825 906 1857; x_wconf 83' lang='lat' dir='ltr'><strong>certatim</strong></span> <span class='ocrx_word' id='word_1_127' title='bbox 929 1824 1048 1868; x_wconf 80' lang='lat' dir='ltr'><strong>pollice</strong></span> <span class='ocrx_word' id='word_1_128' title='bbox 1072 1834 1145 1855; x_wconf 85' lang='lat' dir='ltr'><strong>cum</strong></span> <span class='ocrx_word' id='word_1_129' title='bbox 1169 1824 1277 1864; x_wconf 86' lang='lat' dir='ltr'><strong>celeri,</strong></span> 
     </span>
    </p>

    <p class='ocr_par' dir='ltr' id='par_1_10' title="bbox 539 1875 1414 1971">
     <span class='ocr_line' id='line_1_25' title="bbox 539 1875 1414 1918; baseline -0.001 -10"><span class='ocrx_word' id='word_1_130' title='bbox 539 1875 742 1909; x_wconf 75' lang='lat' dir='ltr'><strong>Grandaevis</strong></span> <span class='ocrx_word' id='word_1_131' title='bbox 764 1876 857 1908; x_wconf 88' lang='lat' dir='ltr'><strong>labor</strong></span> <span class='ocrx_word' id='word_1_132' title='bbox 880 1879 931 1908; x_wconf 87' lang='lat' dir='ltr'><strong>est</strong></span> <span class='ocrx_word' id='word_1_133' title='bbox 954 1876 1107 1918; x_wconf 84' lang='lat' dir='ltr'><strong>quoniam</strong></span> <span class='ocrx_word' id='word_1_134' title='bbox 1130 1875 1306 1908; x_wconf 82' lang='lat' dir='ltr'><strong>deflectere</strong></span> <span class='ocrx_word' id='word_1_135' title='bbox 1331 1875 1414 1908; x_wconf 83' lang='lat' dir='ltr'><strong>colla</strong></span> 
     </span>
     <span class='ocr_line' id='line_1_26' title="bbox 582 1927 1326 1971; baseline -0.001 -11"><span class='ocrx_word' id='word_1_136' title='bbox 582 1927 755 1960; x_wconf 85' lang='lat' dir='ltr'><strong>Scribendi</strong></span> <span class='ocrx_word' id='word_1_137' title='bbox 779 1928 903 1960; x_wconf 82' lang='lat' dir='ltr'><strong>calamo</strong></span> <span class='ocrx_word' id='word_1_138' title='bbox 927 1938 987 1971; x_wconf 88' lang='lat' dir='ltr'><strong>per</strong></span> <span class='ocrx_word' id='word_1_139' title='bbox 1010 1928 1139 1960; x_wconf 84' lang='lat' dir='ltr'><strong>tabulas</strong></span> <span class='ocrx_word' id='word_1_140' title='bbox 1162 1927 1326 1959; x_wconf 90' lang='lat' dir='ltr'><strong>iuvenum.</strong></span> 
     </span>
    </p>

    <p class='ocr_par' dir='ltr' id='par_1_11' title="bbox 487 1979 1464 2024">
     <span class='ocr_line' id='line_1_27' title="bbox 487 1979 1464 2024; baseline 0 -13"><span class='ocrx_word' id='word_1_141' title='bbox 487 1987 499 2005; x_wconf 71' lang='lat'>⁵</span> <span class='ocrx_word' id='word_1_142' title='bbox 535 1979 745 2024; x_wconf 85' lang='lat' dir='ltr'><strong>Quapropter</strong></span> <span class='ocrx_word' id='word_1_143' title='bbox 767 1991 889 2024; x_wconf 84' lang='lat' dir='ltr'><strong>parvae</strong></span> <span class='ocrx_word' id='word_1_144' title='bbox 914 1991 1046 2023; x_wconf 84' lang='lat' dir='ltr'><strong>semper</strong></span> <span class='ocrx_word' id='word_1_145' title='bbox 1068 1990 1193 2012; x_wconf 87' lang='lat' dir='ltr'><strong>memor</strong></span> <span class='ocrx_word' id='word_1_146' title='bbox 1215 1982 1285 2011; x_wconf 82' lang='lat' dir='ltr'><strong>esto</strong></span> <span class='ocrx_word' id='word_1_147' title='bbox 1309 1979 1464 2019; x_wconf 81' lang='lat' dir='ltr'><strong>tabellae,</strong></span> 
     </span>
    </p>

    <p class='ocr_par' dir='ltr' id='par_1_12' title="bbox 581 2031 1358 2074">
     <span class='ocr_line' id='line_1_28' title="bbox 581 2031 1358 2074; baseline 0 -11"><span class='ocrx_word' id='word_1_148' title='bbox 581 2032 688 2064; x_wconf 84' lang='lat' dir='ltr'><strong>Parva</strong></span> <span class='ocrx_word' id='word_1_149' title='bbox 710 2033 874 2065; x_wconf 83' lang='lat' dir='ltr'><strong>elementa</strong></span> <span class='ocrx_word' id='word_1_150' title='bbox 897 2032 975 2064; x_wconf 90' lang='lat' dir='ltr'><strong>inibi</strong></span> <span class='ocrx_word' id='word_1_151' title='bbox 998 2032 1122 2074; x_wconf 86' lang='lat' dir='ltr'><strong>fingere</strong></span> <span class='ocrx_word' id='word_1_152' title='bbox 1146 2031 1223 2073; x_wconf 87' lang='lat' dir='ltr'><strong>quin</strong></span> <span class='ocrx_word' id='word_1_153' title='bbox 1246 2032 1358 2063; x_wconf 83' lang='lat' dir='ltr'><strong>valeas</strong></span> 
     </span>
    </p>

    <p class='ocr_par' dir='ltr' id='par_1_13' title="bbox 537 2083 1469 2179">
     <span class='ocr_line' id='line_1_29' title="bbox 537 2083 1256 2127; baseline -0.003 -11"><span class='ocrx_word' id='word_1_154' title='bbox 537 2083 621 2116; x_wconf 84' lang='lat' dir='ltr'><strong>Nisu</strong></span> <span class='ocrx_word' id='word_1_155' title='bbox 644 2083 754 2116; x_wconf 83' lang='lat' dir='ltr'><strong>difieili</strong></span> <span class='ocrx_word' id='word_1_156' title='bbox 777 2087 904 2116; x_wconf 81' lang='lat' dir='ltr'><strong>tantum</strong></span> <span class='ocrx_word' id='word_1_157' title='bbox 929 2084 1010 2124; x_wconf 87' lang='lat' dir='ltr'><strong>sine,</strong></span> <span class='ocrx_word' id='word_1_158' title='bbox 1034 2084 1108 2126; x_wconf 86' lang='lat' dir='ltr'><strong>lege</strong></span> <span class='ocrx_word' id='word_1_159' title='bbox 1131 2083 1256 2127; x_wconf 85' lang='lat' dir='ltr'><strong>peritus</strong></span> 
     </span>
     <span class='ocr_line' id='line_1_30' title="bbox 581 2135 1469 2179; baseline -0.002 -11"><span class='ocrx_word' id='word_1_160' title='bbox 581 2135 848 2179; x_wconf 71' lang='lat' dir='ltr'><strong>scriptorumque</strong></span> <span class='ocrx_word' id='word_1_161' title='bbox 871 2135 989 2168; x_wconf 90' lang='lat' dir='ltr'><strong>dehinc</strong></span> <span class='ocrx_word' id='word_1_162' title='bbox 1014 2135 1059 2168; x_wconf 84' lang='lat' dir='ltr'><strong>sis</strong></span> <span class='ocrx_word' id='word_1_163' title='bbox 1083 2145 1222 2178; x_wconf 90' lang='lat' dir='ltr'><strong>quoque,</strong></span> <span class='ocrx_word' id='word_1_164' title='bbox 1245 2135 1357 2177; x_wconf 81' lang='lat' dir='ltr'><strong>glisce,</strong></span> <span class='ocrx_word' id='word_1_165' title='bbox 1379 2145 1469 2177; x_wconf 89' lang='lat' dir='ltr'><strong>puer.</strong></span> 
     </span>
    </p>
   </div>
   <div class='ocr_carea' id='block_1_9' title="bbox 650 2333 1345 2434">
    <p class='ocr_par' dir='ltr' id='par_1_14' title="bbox 650 2333 1345 2434">
     <span class='ocr_line' id='line_1_31' title="bbox 904 2333 1095 2366; baseline 0 0"><span class='ocrx_word' id='word_1_166' title='bbox 904 2333 1095 2366; x_wconf 88' lang='lat' dir='ltr'>LXXVIII.</span> 
     </span>
     <span class='ocr_line' id='line_1_32' title="bbox 650 2395 1345 2434; baseline 0 0"><span class='ocrx_word' id='word_1_167' title='bbox 650 2397 834 2434; x_wconf 85' lang='lat' dir='ltr'><strong>VERSVS</strong></span> <span class='ocrx_word' id='word_1_168' title='bbox 861 2397 910 2434; x_wconf 92' lang='lat' dir='ltr'><strong>IN</strong></span> <span class='ocrx_word' id='word_1_169' title='bbox 936 2397 1069 2434; x_wconf 91' lang='lat' dir='ltr'><strong>DOMO</strong></span> <span class='ocrx_word' id='word_1_170' title='bbox 1095 2395 1345 2434; x_wconf 86' lang='lat' dir='ltr'>POMORVM.</span> 
     </span>
    </p>
   </div>
   <div class='ocr_carea' id='block_1_10' title="bbox 537 2471 1346 2569">
    <p class='ocr_par' dir='ltr' id='par_1_15' title="bbox 537 2471 1346 2569">
     <span class='ocr_line' id='line_1_33' title="bbox 537 2471 1346 2515; baseline -0.001 -11"><span class='ocrx_word' id='word_1_171' title='bbox 537 2471 601 2504; x_wconf 88' lang='lat' dir='ltr'><strong>Hic</strong></span> <span class='ocrx_word' id='word_1_172' title='bbox 625 2472 773 2505; x_wconf 87' lang='lat' dir='ltr'><strong>redolere</strong></span> <span class='ocrx_word' id='word_1_173' title='bbox 797 2473 902 2504; x_wconf 86' lang='lat' dir='ltr'><strong>solent</strong></span> <span class='ocrx_word' id='word_1_174' title='bbox 926 2473 1072 2505; x_wconf 79' lang='lat' dir='ltr'><strong>autumni</strong></span> <span class='ocrx_word' id='word_1_175' title='bbox 1095 2471 1239 2515; x_wconf 81' lang='lat' dir='ltr'><strong>pendula</strong></span> <span class='ocrx_word' id='word_1_176' title='bbox 1261 2471 1346 2504; x_wconf 84' lang='lat' dir='ltr'><strong>mala</strong></span> 
     </span>
     <span class='ocr_line' id='line_1_34' title="bbox 580 2525 1307 2569; baseline -0.001 -11"><span class='ocrx_word' id='word_1_177' title='bbox 580 2525 751 2569; x_wconf 88' lang='lat' dir='ltr'><strong>Tempore,</strong></span> <span class='ocrx_word' id='word_1_178' title='bbox 775 2526 833 2558; x_wconf 84' lang='lat' dir='ltr'><strong>sed</strong></span> <span class='ocrx_word' id='word_1_179' title='bbox 856 2526 961 2569; x_wconf 81' lang='lat' dir='ltr'><strong>rigida</strong></span> <span class='ocrx_word' id='word_1_180' title='bbox 984 2525 1157 2567; x_wconf 82' lang='lat' dir='ltr'><strong>diffugiunt</strong></span> <span class='ocrx_word' id='word_1_181' title='bbox 1180 2525 1307 2557; x_wconf 62' lang='lat' dir='ltr'><strong>hiemis</strong></span> 
     </span>
    </p>
   </div>
   <div class='ocr_carea' id='block_1_11' title="bbox 273 2671 1117 2791">
    <p class='ocr_par' dir='ltr' id='par_1_16' title="bbox 273 2671 1117 2791">
     <span class='ocr_line' id='line_1_35' title="bbox 275 2671 558 2706; baseline 0.004 -9"><span class='ocrx_word' id='word_1_182' title='bbox 275 2672 398 2706; x_wconf 59' lang='lat' dir='ltr'><strong>[LXXV]</strong></span> <span class='ocrx_word' id='word_1_183' title='bbox 416 2671 434 2699; x_wconf 85' lang='lat'><strong>3</strong></span> <span class='ocrx_word' id='word_1_184' title='bbox 450 2672 515 2698; x_wconf 74' lang='lat' dir='ltr'><strong>*hoe</strong></span> <span class='ocrx_word' id='word_1_185' title='bbox 533 2673 558 2698; x_wconf 85' lang='grc' dir='ltr'><strong><em>Β</em></strong></span> 
     </span>
     <span class='ocr_line' id='line_1_36' title="bbox 273 2715 1117 2755; baseline 0 -15"><span class='ocrx_word' id='word_1_186' title='bbox 273 2715 410 2748; x_wconf 67' lang='lat' dir='ltr'><strong>[Lxxvm</strong></span> <span class='ocrx_word' id='word_1_187' title='bbox 429 2716 442 2741; x_wconf 91' lang='lat'>1</span> <span class='ocrx_word' id='word_1_188' title='bbox 461 2716 574 2755; x_wconf 53' lang='lat' dir='ltr'><strong>solus—ss</strong></span> <span class='ocrx_word' id='word_1_189' title='bbox 591 2725 659 2742; x_wconf 78' lang='lat' dir='ltr'><strong>corr.</strong></span> <span class='ocrx_word' id='word_1_190' title='bbox 677 2716 775 2742; x_wconf 76' lang='lat' dir='ltr'><strong>Bethm.</strong></span> <span class='ocrx_word' id='word_1_191' title='bbox 881 2716 898 2741; x_wconf 77' lang='lat'><strong>2</strong></span> <span class='ocrx_word' id='word_1_192' title='bbox 915 2715 1074 2749; x_wconf 62' lang='lat' dir='ltr'><strong>*perdictant</strong></span> <span class='ocrx_word' id='word_1_193' title='bbox 1093 2715 1117 2740; x_wconf 90' lang='lat' dir='ltr'><em>B</em></span> 
     </span>
     <span class='ocr_line' id='line_1_37' title="bbox 274 2757 964 2791; baseline 0.001 -8"><span class='ocrx_word' id='word_1_194' title='bbox 274 2757 422 2791; x_wconf 60' lang='lat' dir='ltr'><strong>[Lxxvuq</strong></span> <span class='ocrx_word' id='word_1_195' title='bbox 439 2760 554 2785; x_wconf 61' lang='lat' dir='ltr'><strong>&#39;mave</strong></span> <span class='ocrx_word' id='word_1_196' title='bbox 572 2759 598 2784; x_wconf 82' lang='grc' dir='ltr'><strong><em>Β</em></strong></span> <span class='ocrx_word' id='word_1_197' title='bbox 701 2758 716 2784; x_wconf 82' lang='lat'>7</span> <span class='ocrx_word' id='word_1_198' title='bbox 735 2760 834 2785; x_wconf 71' lang='lat' dir='ltr'><strong>difioeie</strong></span> <span class='ocrx_word' id='word_1_199' title='bbox 852 2768 918 2784; x_wconf 67' lang='lat' dir='ltr'><strong>em.</strong></span> <span class='ocrx_word' id='word_1_200' title='bbox 938 2759 964 2784; x_wconf 87' lang='grc' dir='ltr'><em>Β</em></span> 
     </span>
    </p>
   </div>
   <div class='ocr_carea' id='block_1_12' title="bbox 274 2800 1615 2875">
    <p class='ocr_par' dir='ltr' id='par_1_17' title="bbox 274 2800 1615 2875">
     <span class='ocr_line' id='line_1_38' title="bbox 274 2800 666 2835; baseline 0.003 -9"><span class='ocrx_word' id='word_1_201' title='bbox 274 2800 435 2835; x_wconf 65' lang='grc' dir='ltr'><strong>[[,ΧΧΥΙΙΗ</strong></span> <span class='ocrx_word' id='word_1_202' title='bbox 453 2802 471 2827; x_wconf 77' lang='grc'>2</span> <span class='ocrx_word' id='word_1_203' title='bbox 489 2803 570 2835; x_wconf 77' lang='lat' dir='ltr'><strong>rigida</strong></span> <span class='ocrx_word' id='word_1_204' title='bbox 588 2803 623 2827; x_wconf 71' lang='grc' dir='ltr'><strong>εἰσ</strong></span> <span class='ocrx_word' id='word_1_205' title='bbox 642 2802 666 2827; x_wconf 86' lang='lat' dir='ltr'><em>B</em></span> 
     </span>
     <span class='ocr_line' id='line_1_39' title="bbox 1561 2847 1615 2875; baseline 0 0"><span class='ocrx_word' id='word_1_206' title='bbox 1561 2847 1615 2875; x_wconf 66' lang='grc'><strong>41*</strong></span> 
     </span>
    </p>
   </div>
  </div>
 </body>
</html>
