<?xml version="1.0" encoding="UTF-8"?>
<!DOCTYPE html PUBLIC "-//W3C//DTD XHTML 1.0 Transitional//EN"
    "http://www.w3.org/TR/xhtml1/DTD/xhtml1-transitional.dtd">
<html xmlns="http://www.w3.org/1999/xhtml" xml:lang="en" lang="en">
 <head>
  <title>
</title>
<meta http-equiv="Content-Type" content="text/html;charset=utf-8" />
  <meta name='ocr-system' content='tesseract 3.04.00' />
  <meta name='ocr-capabilities' content='ocr_page ocr_carea ocr_par ocr_line ocrx_word'/>
</head>
<body>
  <div class='ocr_page' id='page_1' title='image "./monumentagerma03geseuoft/monumentagerma03geseuoft_0696.png"; bbox 0 0 2060 3074; ppageno 0'>
   <div class='ocr_carea' id='block_1_1' title="bbox 288 162 1341 198">
    <p class='ocr_par' dir='ltr' id='par_1_1' title="bbox 288 162 1341 198">
     <span class='ocr_line' id='line_1_1' title="bbox 288 162 1341 198; baseline -0.009 0"><span class='ocrx_word' id='word_1_1' title='bbox 288 168 350 198; x_wconf 87' lang='grc'>680</span> <span class='ocrx_word' id='word_1_2' title='bbox 893 163 1076 190; x_wconf 84' lang='lat' dir='ltr'>APPENDIX</span> <span class='ocrx_word' id='word_1_3' title='bbox 1095 163 1144 189; x_wconf 86' lang='lat' dir='ltr'>AD</span> <span class='ocrx_word' id='word_1_4' title='bbox 1163 162 1341 189; x_wconf 79' lang='lat' dir='ltr'><strong>MILONEM.</strong></span> 
     </span>
    </p>
   </div>
   <div class='ocr_carea' id='block_1_2' title="bbox 1093 259 1134 280">
    <p class='ocr_par' dir='ltr' id='par_1_2' title="bbox 1093 259 1134 280">
     <span class='ocr_line' id='line_1_2' title="bbox 1093 259 1134 280; baseline -0.024 0"><span class='ocrx_word' id='word_1_5' title='bbox 1093 259 1134 280; x_wconf 88' lang='grc' dir='ltr'>ΧΙ.</span> 
     </span>
    </p>
   </div>
   <div class='ocr_carea' id='block_1_3' title="bbox 417 312 1817 356">
    <p class='ocr_par' dir='ltr' id='par_1_3' title="bbox 417 312 1817 356">
     <span class='ocr_line' id='line_1_3' title="bbox 417 312 1817 356; baseline -0.001 -6"><span class='ocrx_word' id='word_1_6' title='bbox 417 314 711 350; x_wconf 89' lang='lat' dir='ltr'>EPITAPHIUM</span> <span class='ocrx_word' id='word_1_7' title='bbox 740 314 776 349; x_wconf 91' lang='lat' dir='ltr'>S.</span> <span class='ocrx_word' id='word_1_8' title='bbox 797 313 1026 349; x_wconf 87' lang='lat' dir='ltr'><strong>ANDREAE</strong></span> <span class='ocrx_word' id='word_1_9' title='bbox 1052 312 1271 356; x_wconf 86' lang='lat' dir='ltr'><strong>ABBATIS,</strong></span> <span class='ocrx_word' id='word_1_10' title='bbox 1300 312 1535 348; x_wconf 87' lang='lat' dir='ltr'>DISCIPULI</span> <span class='ocrx_word' id='word_1_11' title='bbox 1562 313 1598 349; x_wconf 91' lang='lat' dir='ltr'>S.</span> <span class='ocrx_word' id='word_1_12' title='bbox 1619 313 1817 349; x_wconf 91' lang='lat' dir='ltr'><strong>AMANDI.</strong></span> 
     </span>
    </p>
   </div>
   <div class='ocr_carea' id='block_1_4' title="bbox 597 378 1602 784">
    <p class='ocr_par' dir='ltr' id='par_1_4' title="bbox 652 378 1532 577">
     <span class='ocr_line' id='line_1_4' title="bbox 653 378 1511 421; baseline -0.001 -11"><span class='ocrx_word' id='word_1_13' title='bbox 653 379 748 410; x_wconf 87' lang='lat' dir='ltr'>Hunc</span> <span class='ocrx_word' id='word_1_14' title='bbox 771 379 930 410; x_wconf 91' lang='lat' dir='ltr'>tumulum</span> <span class='ocrx_word' id='word_1_15' title='bbox 954 379 1064 421; x_wconf 87' lang='lat' dir='ltr'>quiqui</span> <span class='ocrx_word' id='word_1_16' title='bbox 1086 389 1151 409; x_wconf 89' lang='lat' dir='ltr'>non</span> <span class='ocrx_word' id='word_1_17' title='bbox 1173 379 1390 409; x_wconf 82' lang='lat' dir='ltr'>irreverenter</span> <span class='ocrx_word' id='word_1_18' title='bbox 1412 378 1511 418; x_wconf 88' lang='lat' dir='ltr'>adite,</span> 
     </span>
     <span class='ocr_line' id='line_1_5' title="bbox 652 429 1513 473; baseline -0.001 -11"><span class='ocrx_word' id='word_1_19' title='bbox 652 431 805 462; x_wconf 80' lang='lat' dir='ltr'>Andreae</span> <span class='ocrx_word' id='word_1_20' title='bbox 830 431 932 462; x_wconf 86' lang='lat' dir='ltr'>sancti</span> <span class='ocrx_word' id='word_1_21' title='bbox 954 431 1095 462; x_wconf 92' lang='lat' dir='ltr'>loculum</span> <span class='ocrx_word' id='word_1_22' title='bbox 1119 431 1193 473; x_wconf 82' lang='lat' dir='ltr'>quia</span> <span class='ocrx_word' id='word_1_23' title='bbox 1217 429 1337 461; x_wconf 81' lang='lat' dir='ltr'><strong>claudit</strong></span> <span class='ocrx_word' id='word_1_24' title='bbox 1360 433 1393 462; x_wconf 91' lang='lat' dir='ltr'>et</span> <span class='ocrx_word' id='word_1_25' title='bbox 1415 434 1513 471; x_wconf 83' lang='lat' dir='ltr'>artus,</span> 
     </span>
     <span class='ocr_line' id='line_1_6' title="bbox 654 482 1532 525; baseline -0.001 -11"><span class='ocrx_word' id='word_1_26' title='bbox 654 482 715 518; x_wconf 85' lang='lat' dir='ltr'>Qui</span> <span class='ocrx_word' id='word_1_27' title='bbox 738 483 810 525; x_wconf 84' lang='lat' dir='ltr'>pius</span> <span class='ocrx_word' id='word_1_28' title='bbox 834 486 867 514; x_wconf 89' lang='lat' dir='ltr'>et</span> <span class='ocrx_word' id='word_1_29' title='bbox 889 482 1041 525; x_wconf 86' lang='lat' dir='ltr'>prudens,</span> <span class='ocrx_word' id='word_1_30' title='bbox 1064 482 1193 513; x_wconf 87' lang='lat' dir='ltr'>humilis</span> <span class='ocrx_word' id='word_1_31' title='bbox 1217 482 1276 513; x_wconf 86' lang='lat' dir='ltr'>fuit</span> <span class='ocrx_word' id='word_1_32' title='bbox 1300 485 1333 513; x_wconf 89' lang='lat' dir='ltr'>et</span> <span class='ocrx_word' id='word_1_33' title='bbox 1355 482 1532 514; x_wconf 87' lang='lat' dir='ltr'>venerandi</span> 
     </span>
     <span class='ocr_line' id='line_1_7' title="bbox 652 533 1505 577; baseline 0.001 -12"><span class='ocrx_word' id='word_1_34' title='bbox 652 534 836 576; x_wconf 89' lang='lat' dir='ltr'>Discipulus</span> <span class='ocrx_word' id='word_1_35' title='bbox 860 534 971 577; x_wconf 83' lang='lat' dir='ltr'>patris,</span> <span class='ocrx_word' id='word_1_36' title='bbox 994 534 1089 565; x_wconf 88' lang='lat' dir='ltr'>simul</span> <span class='ocrx_word' id='word_1_37' title='bbox 1112 537 1145 565; x_wconf 89' lang='lat' dir='ltr'>et</span> <span class='ocrx_word' id='word_1_38' title='bbox 1168 544 1333 565; x_wconf 81' lang='lat' dir='ltr'>successor</span> <span class='ocrx_word' id='word_1_39' title='bbox 1355 533 1505 567; x_wconf 86' lang='lat' dir='ltr'>Amandi.</span> 
     </span>
    </p>

    <p class='ocr_par' dir='ltr' id='par_1_5' title="bbox 597 585 1602 730">
     <span class='ocr_line' id='line_1_8' title="bbox 597 585 1534 629; baseline -0.001 -11"><span class='ocrx_word' id='word_1_40' title='bbox 597 600 608 617; x_wconf 66' lang='grc' dir='ltr'>ε.</span> <span class='ocrx_word' id='word_1_41' title='bbox 655 587 751 618; x_wconf 90' lang='lat' dir='ltr'>Hunc</span> <span class='ocrx_word' id='word_1_42' title='bbox 775 590 886 629; x_wconf 91' lang='lat' dir='ltr'>pastor</span> <span class='ocrx_word' id='word_1_43' title='bbox 910 587 1033 627; x_wconf 82' lang='lat' dir='ltr'>caulae,</span> <span class='ocrx_word' id='word_1_44' title='bbox 1056 587 1237 629; x_wconf 83' lang='lat' dir='ltr'>praesentis</span> <span class='ocrx_word' id='word_1_45' title='bbox 1261 585 1407 618; x_wconf 81' lang='lat' dir='ltr'>conditor</span> <span class='ocrx_word' id='word_1_46' title='bbox 1429 586 1534 627; x_wconf 84' lang='lat' dir='ltr'>aulae,</span> 
     </span>
     <span class='ocr_line' id='line_1_9' title="bbox 653 637 1602 681; baseline -0.001 -11"><span class='ocrx_word' id='word_1_47' title='bbox 653 638 752 680; x_wconf 88' lang='lat' dir='ltr'>Hugo</span> <span class='ocrx_word' id='word_1_48' title='bbox 776 639 888 670; x_wconf 86' lang='lat' dir='ltr'>levans</span> <span class='ocrx_word' id='word_1_49' title='bbox 913 639 1099 681; x_wconf 86' lang='lat' dir='ltr'>limphaque</span> <span class='ocrx_word' id='word_1_50' title='bbox 1123 638 1216 670; x_wconf 91' lang='lat' dir='ltr'>luens</span> <span class='ocrx_word' id='word_1_51' title='bbox 1238 638 1399 680; x_wconf 82' lang='lat' dir='ltr'>thecaque</span> <span class='ocrx_word' id='word_1_52' title='bbox 1422 637 1602 669; x_wconf 84' lang='lat' dir='ltr'>recondens</span> 
     </span>
     <span class='ocr_line' id='line_1_10' title="bbox 652 690 1442 730; baseline -0.001 -8"><span class='ocrx_word' id='word_1_53' title='bbox 652 691 808 722; x_wconf 89' lang='lat' dir='ltr'>Mundato</span> <span class='ocrx_word' id='word_1_54' title='bbox 832 691 955 723; x_wconf 91' lang='lat' dir='ltr'>tumulo</span> <span class='ocrx_word' id='word_1_55' title='bbox 979 691 1179 722; x_wconf 78' lang='lat' dir='ltr'>sollemniter</span> <span class='ocrx_word' id='word_1_56' title='bbox 1201 690 1253 722; x_wconf 87' lang='lat' dir='ltr'>hic</span> <span class='ocrx_word' id='word_1_57' title='bbox 1275 690 1442 730; x_wconf 81' lang='lat' dir='ltr'>relocavit,</span> 
     </span>
    </p>

    <p class='ocr_par' dir='ltr' id='par_1_6' title="bbox 651 742 1486 784">
     <span class='ocr_line' id='line_1_11' title="bbox 651 742 1486 784; baseline -0.001 -10"><span class='ocrx_word' id='word_1_58' title='bbox 651 743 759 774; x_wconf 89' lang='lat' dir='ltr'>Febre</span> <span class='ocrx_word' id='word_1_59' title='bbox 781 743 968 775; x_wconf 84' lang='lat' dir='ltr'>fatiscentes</span> <span class='ocrx_word' id='word_1_60' title='bbox 991 743 1047 774; x_wconf 90' lang='lat' dir='ltr'>ubi</span> <span class='ocrx_word' id='word_1_61' title='bbox 1071 742 1264 774; x_wconf 79' lang='lat' dir='ltr'>convaluere</span> <span class='ocrx_word' id='word_1_62' title='bbox 1288 742 1486 784; x_wconf 86' lang='lat' dir='ltr'>frequenter.</span> 
     </span>
    </p>
   </div>
   <div class='ocr_carea' id='block_1_5' title="bbox 1089 839 1142 861">
    <p class='ocr_par' dir='ltr' id='par_1_7' title="bbox 1089 839 1142 861">
     <span class='ocr_line' id='line_1_12' title="bbox 1089 839 1142 861; baseline 0 -1"><span class='ocrx_word' id='word_1_63' title='bbox 1089 839 1142 861; x_wconf 82' lang='lat' dir='ltr'>XII.</span> 
     </span>
    </p>
   </div>
   <div class='ocr_carea' id='block_1_6' title="bbox 287 891 1939 928">
    <p class='ocr_par' dir='ltr' id='par_1_8' title="bbox 287 891 1939 928">
     <span class='ocr_line' id='line_1_13' title="bbox 287 891 1939 928; baseline 0.001 -2"><span class='ocrx_word' id='word_1_64' title='bbox 287 891 585 927; x_wconf 88' lang='lat' dir='ltr'>EPITAPHIUM</span> <span class='ocrx_word' id='word_1_65' title='bbox 615 892 933 928; x_wconf 88' lang='lat' dir='ltr'><strong>VENERABILIS</strong></span> <span class='ocrx_word' id='word_1_66' title='bbox 961 891 1248 928; x_wconf 88' lang='lat' dir='ltr'>GILLEBERTI</span> <span class='ocrx_word' id='word_1_67' title='bbox 1280 891 1580 928; x_wconf 87' lang='lat' dir='ltr'>SACERDOTIS</span> <span class='ocrx_word' id='word_1_68' title='bbox 1607 892 1668 928; x_wconf 89' lang='lat' dir='ltr'>ET</span> <span class='ocrx_word' id='word_1_69' title='bbox 1694 891 1939 928; x_wconf 86' lang='lat' dir='ltr'>MAGISTRI.</span> 
     </span>
    </p>
   </div>
   <div class='ocr_carea' id='block_1_7' title="bbox 651 958 1573 1157">
    <p class='ocr_par' dir='ltr' id='par_1_9' title="bbox 651 958 1573 1157">
     <span class='ocr_line' id='line_1_14' title="bbox 653 958 1519 1000; baseline -0.001 -10"><span class='ocrx_word' id='word_1_70' title='bbox 653 958 726 990; x_wconf 90' lang='lat' dir='ltr'>Hoc</span> <span class='ocrx_word' id='word_1_71' title='bbox 750 958 949 990; x_wconf 85' lang='lat' dir='ltr'>Gillebertus</span> <span class='ocrx_word' id='word_1_72' title='bbox 973 958 1032 989; x_wconf 92' lang='lat' dir='ltr'>sub</span> <span class='ocrx_word' id='word_1_73' title='bbox 1056 968 1216 989; x_wconf 89' lang='lat' dir='ltr'>marmore</span> <span class='ocrx_word' id='word_1_74' title='bbox 1239 961 1355 1000; x_wconf 82' lang='lat' dir='ltr'>pausat</span> <span class='ocrx_word' id='word_1_75' title='bbox 1378 962 1519 1000; x_wconf 86' lang='lat' dir='ltr'>opertus,</span> 
     </span>
     <span class='ocr_line' id='line_1_15' title="bbox 651 1010 1449 1053; baseline 0 -11"><span class='ocrx_word' id='word_1_76' title='bbox 651 1010 804 1042; x_wconf 86' lang='lat' dir='ltr'>Formam</span> <span class='ocrx_word' id='word_1_77' title='bbox 827 1011 965 1053; x_wconf 88' lang='lat' dir='ltr'>pastoris</span> <span class='ocrx_word' id='word_1_78' title='bbox 988 1011 1105 1042; x_wconf 89' lang='lat' dir='ltr'>nostris</span> <span class='ocrx_word' id='word_1_79' title='bbox 1129 1010 1183 1053; x_wconf 91' lang='lat' dir='ltr'>qui</span> <span class='ocrx_word' id='word_1_80' title='bbox 1206 1010 1308 1052; x_wconf 84' lang='lat' dir='ltr'>gessit</span> <span class='ocrx_word' id='word_1_81' title='bbox 1329 1010 1361 1042; x_wconf 89' lang='lat' dir='ltr'>in</span> <span class='ocrx_word' id='word_1_82' title='bbox 1385 1010 1449 1042; x_wconf 89' lang='lat' dir='ltr'>oris</span> 
     </span>
     <span class='ocr_line' id='line_1_16' title="bbox 651 1062 1573 1105; baseline 0 -11"><span class='ocrx_word' id='word_1_83' title='bbox 651 1062 817 1105; x_wconf 86' lang='lat' dir='ltr'>Dogmata</span> <span class='ocrx_word' id='word_1_84' title='bbox 840 1063 914 1095; x_wconf 87' lang='lat' dir='ltr'>diva</span> <span class='ocrx_word' id='word_1_85' title='bbox 937 1063 1045 1095; x_wconf 89' lang='lat' dir='ltr'>ferens</span> <span class='ocrx_word' id='word_1_86' title='bbox 1069 1065 1102 1094; x_wconf 90' lang='lat' dir='ltr'>et</span> <span class='ocrx_word' id='word_1_87' title='bbox 1125 1062 1253 1094; x_wconf 85' lang='lat' dir='ltr'>Christo</span> <span class='ocrx_word' id='word_1_88' title='bbox 1277 1065 1364 1094; x_wconf 89' lang='lat' dir='ltr'>totus</span> <span class='ocrx_word' id='word_1_89' title='bbox 1386 1062 1573 1100; x_wconf 86' lang='lat' dir='ltr'>inhaerens;</span> 
     </span>
     <span class='ocr_line' id='line_1_17' title="bbox 653 1114 1467 1157; baseline 0.001 -12"><span class='ocrx_word' id='word_1_90' title='bbox 653 1114 800 1147; x_wconf 84' lang='lat' dir='ltr'>Tandem</span> <span class='ocrx_word' id='word_1_91' title='bbox 824 1115 970 1146; x_wconf 87' lang='lat' dir='ltr'>sublatus</span> <span class='ocrx_word' id='word_1_92' title='bbox 993 1115 1087 1146; x_wconf 86' lang='lat' dir='ltr'>terris</span> <span class='ocrx_word' id='word_1_93' title='bbox 1110 1115 1193 1157; x_wconf 89' lang='lat' dir='ltr'>petit</span> <span class='ocrx_word' id='word_1_94' title='bbox 1215 1117 1302 1146; x_wconf 84' lang='lat' dir='ltr'>astra</span> <span class='ocrx_word' id='word_1_95' title='bbox 1325 1117 1467 1146; x_wconf 85' lang='lat' dir='ltr'>vocatus.</span> 
     </span>
    </p>
   </div>
   <div class='ocr_carea' id='block_1_8' title="bbox 999 1220 1201 1223">
    <p class='ocr_par' dir='ltr' id='par_1_10' title="bbox 999 1220 1201 1223">
     <span class='ocr_line' id='line_1_18' title="bbox 999 1220 1201 1223; baseline 0 0"><span class='ocrx_word' id='word_1_96' title='bbox 999 1220 1201 1223; x_wconf 95' lang='lat' dir='ltr'> </span> 
     </span>
    </p>
   </div>
   <div class='ocr_carea' id='block_1_9' title="bbox 1082 1306 1143 1389">
    <p class='ocr_par' dir='ltr' id='par_1_11' title="bbox 1082 1306 1143 1389">
     <span class='ocr_line' id='line_1_19' title="bbox 1082 1306 1143 1338; baseline -0.016 0"><span class='ocrx_word' id='word_1_97' title='bbox 1082 1306 1143 1338; x_wconf 91' lang='lat' dir='ltr'>III.</span> 
     </span>
     <span class='ocr_line' id='line_1_20' title="bbox 1105 1368 1113 1389; baseline 0 0"><span class='ocrx_word' id='word_1_98' title='bbox 1105 1368 1113 1389; x_wconf 90' lang='lat'>1</span> 
     </span>
    </p>
   </div>
   <div class='ocr_carea' id='block_1_10' title="bbox 286 1396 1942 1458">
    <p class='ocr_par' dir='ltr' id='par_1_12' title="bbox 286 1396 1942 1458">
     <span class='ocr_line' id='line_1_21' title="bbox 286 1396 1942 1458; baseline 0.003 -7"><span class='ocrx_word' id='word_1_99' title='bbox 286 1417 485 1454; x_wconf 87' lang='lat' dir='ltr'>HYMNUS</span> <span class='ocrx_word' id='word_1_100' title='bbox 508 1419 567 1455; x_wconf 88' lang='grc' dir='ltr'>-ΙΝ</span> <span class='ocrx_word' id='word_1_101' title='bbox 595 1420 755 1457; x_wconf 91' lang='lat' dir='ltr'><strong>LAUDE</strong></span> <span class='ocrx_word' id='word_1_102' title='bbox 782 1396 1138 1458; x_wconf 40' lang='lat' dir='ltr'><strong>BEAT1⁸AMAND1</strong></span> <span class='ocrx_word' id='word_1_103' title='bbox 1169 1421 1367 1458; x_wconf 90' lang='lat' dir='ltr'>IAMBICO</span> <span class='ocrx_word' id='word_1_104' title='bbox 1394 1420 1726 1457; x_wconf 83' lang='lat' dir='ltr'><strong>TETRAMETRO</strong></span> <span class='ocrx_word' id='word_1_105' title='bbox 1759 1418 1942 1456; x_wconf 88' lang='lat' dir='ltr'>EDITUS.</span> 
     </span>
    </p>
   </div>
   <div class='ocr_carea' id='block_1_11' title="bbox 417 1478 1770 2136">
    <p class='ocr_par' dir='ltr' id='par_1_13' title="bbox 419 1478 1662 1684">
     <span class='ocr_line' id='line_1_22' title="bbox 419 1478 1660 1530; baseline 0.002 -14"><span class='ocrx_word' id='word_1_106' title='bbox 419 1488 443 1516; x_wconf 91' lang='grc'>1.</span> <span class='ocrx_word' id='word_1_107' title='bbox 469 1485 618 1518; x_wconf 90' lang='lat' dir='ltr'>Amande</span> <span class='ocrx_word' id='word_1_108' title='bbox 642 1488 771 1530; x_wconf 83' lang='lat' dir='ltr'>praesul</span> <span class='ocrx_word' id='word_1_109' title='bbox 795 1478 944 1530; x_wconf 37' lang='lat' dir='ltr'>optimes</span> <span class='ocrx_word' id='word_1_110' title='bbox 1142 1490 1172 1520; x_wconf 84' lang='lat'>4.</span> <span class='ocrx_word' id='word_1_111' title='bbox 1197 1487 1297 1519; x_wconf 87' lang='lat' dir='ltr'>Pater</span> <span class='ocrx_word' id='word_1_112' title='bbox 1318 1488 1400 1530; x_wconf 74' lang='lat' dir='ltr'>piuS,</span> <span class='ocrx_word' id='word_1_113' title='bbox 1423 1490 1535 1530; x_wconf 85' lang='lat' dir='ltr'>pastor</span> <span class='ocrx_word' id='word_1_114' title='bbox 1557 1487 1660 1519; x_wconf 88' lang='lat' dir='ltr'>bonus</span> 
     </span>
     <span class='ocr_line' id='line_1_23' title="bbox 514 1537 1644 1582; baseline 0.001 -13"><span class='ocrx_word' id='word_1_115' title='bbox 514 1537 629 1580; x_wconf 84' lang='lat' dir='ltr'>dignus</span> <span class='ocrx_word' id='word_1_116' title='bbox 653 1542 708 1571; x_wconf 87' lang='lat' dir='ltr'>tuo</span> <span class='ocrx_word' id='word_1_117' title='bbox 733 1539 786 1582; x_wconf 90' lang='lat' dir='ltr'>qui</span> <span class='ocrx_word' id='word_1_118' title='bbox 808 1540 938 1571; x_wconf 84' lang='lat' dir='ltr'>nomine</span> <span class='ocrx_word' id='word_1_119' title='bbox 1241 1539 1350 1570; x_wconf 88' lang='lat' dir='ltr'>multis</span> <span class='ocrx_word' id='word_1_120' title='bbox 1373 1539 1460 1571; x_wconf 86' lang='lat' dir='ltr'>fuisti</span> <span class='ocrx_word' id='word_1_121' title='bbox 1483 1539 1644 1582; x_wconf 85' lang='lat' dir='ltr'>gentibus,</span> 
     </span>
     <span class='ocr_line' id='line_1_24' title="bbox 513 1590 1662 1634; baseline 0.002 -12"><span class='ocrx_word' id='word_1_122' title='bbox 513 1590 651 1622; x_wconf 85' lang='lat' dir='ltr'>amando</span> <span class='ocrx_word' id='word_1_123' title='bbox 676 1591 838 1623; x_wconf 79' lang='lat' dir='ltr'>Christum</span> <span class='ocrx_word' id='word_1_124' title='bbox 862 1602 1039 1634; x_wconf 87' lang='lat' dir='ltr'>congruum</span> <span class='ocrx_word' id='word_1_125' title='bbox 1238 1591 1296 1622; x_wconf 87' lang='lat' dir='ltr'>has</span> <span class='ocrx_word' id='word_1_126' title='bbox 1317 1591 1497 1623; x_wconf 84' lang='lat' dir='ltr'>recreando</span> <span class='ocrx_word' id='word_1_127' title='bbox 1520 1592 1662 1633; x_wconf 83' lang='lat' dir='ltr'>flumine,</span> 
     </span>
     <span class='ocr_line' id='line_1_25' title="bbox 512 1642 1637 1684; baseline 0.002 -11"><span class='ocrx_word' id='word_1_128' title='bbox 512 1643 643 1674; x_wconf 87' lang='lat' dir='ltr'>sortitus</span> <span class='ocrx_word' id='word_1_129' title='bbox 667 1653 702 1674; x_wconf 89' lang='lat' dir='ltr'>es</span> <span class='ocrx_word' id='word_1_130' title='bbox 724 1643 928 1684; x_wconf 85' lang='lat' dir='ltr'>vocabulum,</span> <span class='ocrx_word' id='word_1_131' title='bbox 1240 1642 1312 1674; x_wconf 86' lang='lat' dir='ltr'>illas</span> <span class='ocrx_word' id='word_1_132' title='bbox 1335 1643 1483 1675; x_wconf 86' lang='lat' dir='ltr'>docendo</span> <span class='ocrx_word' id='word_1_133' title='bbox 1507 1643 1637 1675; x_wconf 78' lang='lat' dir='ltr'>famine.</span> 
     </span>
    </p>

    <p class='ocr_par' dir='ltr' id='par_1_14' title="bbox 417 1711 1770 1912">
     <span class='ocr_line' id='line_1_26' title="bbox 417 1711 1599 1755; baseline 0.003 -13"><span class='ocrx_word' id='word_1_134' title='bbox 417 1713 444 1743; x_wconf 85' lang='lat'>2.</span> <span class='ocrx_word' id='word_1_135' title='bbox 469 1711 556 1743; x_wconf 76' lang='lat' dir='ltr'>Audi</span> <span class='ocrx_word' id='word_1_136' title='bbox 580 1715 709 1744; x_wconf 88' lang='lat' dir='ltr'>tuorum</span> <span class='ocrx_word' id='word_1_137' title='bbox 733 1712 840 1745; x_wconf 83' lang='lat' dir='ltr'>dulcia</span> <span class='ocrx_word' id='word_1_138' title='bbox 1146 1715 1174 1744; x_wconf 88' lang='grc'>5.</span> <span class='ocrx_word' id='word_1_139' title='bbox 1198 1712 1315 1744; x_wconf 83' lang='lat' dir='ltr'>Frater</span> <span class='ocrx_word' id='word_1_140' title='bbox 1337 1713 1451 1755; x_wconf 88' lang='lat' dir='ltr'>pupilli</span> <span class='ocrx_word' id='word_1_141' title='bbox 1473 1713 1599 1754; x_wconf 86' lang='lat' dir='ltr'>flebilis,</span> 
     </span>
     <span class='ocr_line' id='line_1_27' title="bbox 513 1765 1654 1807; baseline 0.001 -12"><span class='ocrx_word' id='word_1_142' title='bbox 513 1765 757 1796; x_wconf 85' lang='lat' dir='ltr'>vernaculorum</span> <span class='ocrx_word' id='word_1_143' title='bbox 781 1766 932 1806; x_wconf 84' lang='lat' dir='ltr'>carmina,</span> <span class='ocrx_word' id='word_1_144' title='bbox 1238 1775 1328 1796; x_wconf 89' lang='lat' dir='ltr'>soror</span> <span class='ocrx_word' id='word_1_145' title='bbox 1351 1765 1511 1807; x_wconf 85' lang='lat' dir='ltr'>gementis</span> <span class='ocrx_word' id='word_1_146' title='bbox 1535 1766 1654 1801; x_wconf 74' lang='lat' dir='ltr'>exulis:</span> 
     </span>
     <span class='ocr_line' id='line_1_28' title="bbox 514 1816 1703 1860; baseline 0.002 -13"><span class='ocrx_word' id='word_1_147' title='bbox 514 1827 597 1858; x_wconf 89' lang='lat' dir='ltr'>quae</span> <span class='ocrx_word' id='word_1_148' title='bbox 622 1817 793 1848; x_wconf 90' lang='lat' dir='ltr'>concinunt</span> <span class='ocrx_word' id='word_1_149' title='bbox 816 1816 999 1859; x_wconf 83' lang='lat' dir='ltr'>gratissimo</span> <span class='ocrx_word' id='word_1_150' title='bbox 1241 1819 1367 1858; x_wconf 85' lang='lat' dir='ltr'>patrem</span> <span class='ocrx_word' id='word_1_151' title='bbox 1390 1817 1518 1848; x_wconf 85' lang='lat' dir='ltr'>vocavit</span> <span class='ocrx_word' id='word_1_152' title='bbox 1541 1817 1703 1860; x_wconf 85' lang='lat' dir='ltr'>orphanus</span> 
     </span>
     <span class='ocr_line' id='line_1_29' title="bbox 513 1867 1770 1912; baseline 0.002 -13"><span class='ocrx_word' id='word_1_153' title='bbox 513 1867 775 1909; x_wconf 85' lang='lat' dir='ltr'>praecordiorum</span> <span class='ocrx_word' id='word_1_154' title='bbox 799 1867 930 1910; x_wconf 87' lang='lat' dir='ltr'>gaudio.</span> <span class='ocrx_word' id='word_1_155' title='bbox 1241 1870 1443 1910; x_wconf 89' lang='lat' dir='ltr'>matremque</span> <span class='ocrx_word' id='word_1_156' title='bbox 1467 1869 1568 1900; x_wconf 85' lang='lat' dir='ltr'>sensit</span> <span class='ocrx_word' id='word_1_157' title='bbox 1590 1870 1770 1912; x_wconf 80' lang='lat' dir='ltr'>languidus,</span> 
     </span>
    </p>

    <p class='ocr_par' dir='ltr' id='par_1_15' title="bbox 417 1936 1720 2136">
     <span class='ocr_line' id='line_1_30' title="bbox 417 1936 1610 1980; baseline 0.002 -12"><span class='ocrx_word' id='word_1_158' title='bbox 417 1940 446 1969; x_wconf 80' lang='lat'>3.</span> <span class='ocrx_word' id='word_1_159' title='bbox 470 1938 557 1969; x_wconf 90' lang='lat' dir='ltr'>Dum</span> <span class='ocrx_word' id='word_1_160' title='bbox 580 1938 714 1969; x_wconf 85' lang='lat' dir='ltr'>floruisti</span> <span class='ocrx_word' id='word_1_161' title='bbox 737 1948 883 1980; x_wconf 84' lang='lat' dir='ltr'>corpore,</span> <span class='ocrx_word' id='word_1_162' title='bbox 1146 1939 1177 1968; x_wconf 86' lang='grc'>6.</span> <span class='ocrx_word' id='word_1_163' title='bbox 1203 1936 1318 1968; x_wconf 83' lang='lat' dir='ltr'>ancis</span> <span class='ocrx_word' id='word_1_164' title='bbox 1341 1937 1463 1969; x_wconf 89' lang='lat' dir='ltr'>ocellus</span> <span class='ocrx_word' id='word_1_165' title='bbox 1485 1937 1610 1970; x_wconf 89' lang='lat' dir='ltr'>lucidus</span> 
     </span>
     <span class='ocr_line' id='line_1_31' title="bbox 514 1989 1720 2033; baseline 0.001 -11"><span class='ocrx_word' id='word_1_166' title='bbox 514 1990 667 2022; x_wconf 90' lang='lat' dir='ltr'>mundum</span> <span class='ocrx_word' id='word_1_167' title='bbox 691 1991 825 2033; x_wconf 89' lang='lat' dir='ltr'>replesti</span> <span class='ocrx_word' id='word_1_168' title='bbox 847 1990 980 2030; x_wconf 80' lang='lat' dir='ltr'>lumine,</span> <span class='ocrx_word' id='word_1_169' title='bbox 1241 1989 1429 2031; x_wconf 85' lang='lat' dir='ltr'>claudisque</span> <span class='ocrx_word' id='word_1_170' title='bbox 1453 2000 1511 2032; x_wconf 87' lang='lat' dir='ltr'>pes</span> <span class='ocrx_word' id='word_1_171' title='bbox 1533 1991 1720 2031; x_wconf 77' lang='lat' dir='ltr'>tutissimus,</span> 
     </span>
     <span class='ocr_line' id='line_1_32' title="bbox 514 2041 1716 2086; baseline 0.001 -12"><span class='ocrx_word' id='word_1_172' title='bbox 514 2046 635 2074; x_wconf 84' lang='lat' dir='ltr'>astrum</span> <span class='ocrx_word' id='word_1_173' title='bbox 658 2043 725 2085; x_wconf 91' lang='lat' dir='ltr'>poli</span> <span class='ocrx_word' id='word_1_174' title='bbox 748 2053 832 2074; x_wconf 88' lang='lat' dir='ltr'>nunc</span> <span class='ocrx_word' id='word_1_175' title='bbox 855 2041 1059 2085; x_wconf 83' lang='lat' dir='ltr'>splendidam</span> <span class='ocrx_word' id='word_1_176' title='bbox 1243 2052 1303 2084; x_wconf 85' lang='lat' dir='ltr'>per</span> <span class='ocrx_word' id='word_1_177' title='bbox 1325 2045 1423 2084; x_wconf 86' lang='lat' dir='ltr'>teque</span> <span class='ocrx_word' id='word_1_178' title='bbox 1446 2043 1534 2084; x_wconf 86' lang='lat' dir='ltr'>ligno</span> <span class='ocrx_word' id='word_1_179' title='bbox 1557 2043 1716 2086; x_wconf 88' lang='lat' dir='ltr'>pendulus</span> 
     </span>
     <span class='ocr_line' id='line_1_33' title="bbox 515 2094 1668 2136; baseline 0.002 -10"><span class='ocrx_word' id='word_1_180' title='bbox 515 2095 654 2126; x_wconf 85' lang='lat' dir='ltr'>candore</span> <span class='ocrx_word' id='word_1_181' title='bbox 678 2095 778 2126; x_wconf 90' lang='lat' dir='ltr'>vincis</span> <span class='ocrx_word' id='word_1_182' title='bbox 802 2094 978 2126; x_wconf 83' lang='lat' dir='ltr'>Cinthiam.</span> <span class='ocrx_word' id='word_1_183' title='bbox 1244 2094 1343 2125; x_wconf 80' lang='lat' dir='ltr'>vitam</span> <span class='ocrx_word' id='word_1_184' title='bbox 1367 2095 1492 2136; x_wconf 82' lang='lat' dir='ltr'>recepit</span> <span class='ocrx_word' id='word_1_185' title='bbox 1514 2099 1668 2128; x_wconf 88' lang='lat' dir='ltr'>mortuus.</span> 
     </span>
    </p>
   </div>
   <div class='ocr_carea' id='block_1_12' title="bbox 395 2164 1841 2169">
    <p class='ocr_par' dir='ltr' id='par_1_16' title="bbox 395 2164 1841 2169">
     <span class='ocr_line' id='line_1_34' title="bbox 395 2164 1841 2169; baseline 0 0"><span class='ocrx_word' id='word_1_186' title='bbox 395 2164 1841 2169; x_wconf 95' lang='lat' dir='ltr'> </span> 
     </span>
    </p>
   </div>
   <div class='ocr_carea' id='block_1_13' title="bbox 282 2207 2060 2840">
    <p class='ocr_par' dir='ltr' id='par_1_17' title="bbox 282 2207 2060 2840">
     <span class='ocr_line' id='line_1_35' title="bbox 393 2207 1948 2244; baseline 0.003 -11"><span class='ocrx_word' id='word_1_187' title='bbox 393 2208 448 2242; x_wconf 65' lang='lat' dir='ltr'>[XL]</span> <span class='ocrx_word' id='word_1_188' title='bbox 474 2208 488 2233; x_wconf 94' lang='lat'>1</span> <span class='ocrx_word' id='word_1_189' title='bbox 512 2207 625 2240; x_wconf 73' lang='lat' dir='ltr'>*quiquo</span> <span class='ocrx_word' id='word_1_190' title='bbox 642 2208 667 2233; x_wconf 88' lang='lat' dir='ltr'><em>P</em></span> <span class='ocrx_word' id='word_1_191' title='bbox 757 2207 773 2233; x_wconf 80' lang='grc'><strong>6</strong></span> <span class='ocrx_word' id='word_1_192' title='bbox 796 2209 938 2242; x_wconf 80' lang='lat' dir='ltr'>linphaque</span> <span class='ocrx_word' id='word_1_193' title='bbox 957 2208 982 2233; x_wconf 91' lang='lat' dir='ltr'><strong><em>P</em></strong></span> <span class='ocrx_word' id='word_1_194' title='bbox 1004 2209 1152 2241; x_wconf 80' lang='lat' dir='ltr'>limphaque</span> <span class='ocrx_word' id='word_1_195' title='bbox 1174 2209 1263 2233; x_wconf 75' lang='lat' dir='ltr'>lavans</span> <span class='ocrx_word' id='word_1_196' title='bbox 1286 2208 1342 2234; x_wconf 73' lang='lat' dir='ltr'>eod.</span> <span class='ocrx_word' id='word_1_197' title='bbox 1366 2208 1535 2234; x_wconf 61' lang='lat' dir='ltr'>Tor-nocentis</span> <span class='ocrx_word' id='word_1_198' title='bbox 1624 2210 1688 2244; x_wconf 68' lang='lat' dir='ltr'>[xm]</span> <span class='ocrx_word' id='word_1_199' title='bbox 1707 2211 1724 2236; x_wconf 77' lang='grc'>2</span> <span class='ocrx_word' id='word_1_200' title='bbox 1742 2221 1778 2238; x_wconf 82' lang='lat' dir='ltr'>an</span> <span class='ocrx_word' id='word_1_201' title='bbox 1796 2212 1948 2239; x_wconf 59' lang='lat' dir='ltr'>*normamss</span> 
     </span>
     <span class='ocr_line' id='line_1_36' title="bbox 323 2252 2060 2279; baseline 0.001 -1"><span class='ocrx_word' id='word_1_202' title='bbox 323 2253 392 2279; x_wconf 82' lang='lat' dir='ltr'>horis</span> <span class='ocrx_word' id='word_1_203' title='bbox 404 2253 429 2277; x_wconf 91' lang='lat' dir='ltr'><em>P</em></span> <span class='ocrx_word' id='word_1_204' title='bbox 446 2261 513 2277; x_wconf 85' lang='lat' dir='ltr'>corr.</span> <span class='ocrx_word' id='word_1_205' title='bbox 534 2252 644 2277; x_wconf 83' lang='lat' dir='ltr'>Mabilio</span> <span class='ocrx_word' id='word_1_206' title='bbox 2056 2261 2060 2271; x_wconf 86' lang='lat'><strong><em>¹</em></strong></span> 
     </span>
     <span class='ocr_line' id='line_1_37' title="bbox 393 2277 2060 2328; baseline 0.001 -8"><span class='ocrx_word' id='word_1_207' title='bbox 393 2294 460 2328; x_wconf 87' lang='lat'>[111.]</span> <span class='ocrx_word' id='word_1_208' title='bbox 488 2294 527 2328; x_wconf 78' lang='grc'><strong>[1.]</strong></span> <span class='ocrx_word' id='word_1_209' title='bbox 551 2299 619 2320; x_wconf 69' lang='lat' dir='ltr'>extat</span> <span class='ocrx_word' id='word_1_210' title='bbox 643 2295 670 2320; x_wconf 78' lang='lat' dir='ltr'>in</span> <span class='ocrx_word' id='word_1_211' title='bbox 689 2294 835 2320; x_wconf 71' lang='lat' dir='ltr'>Haumienai</span> <span class='ocrx_word' id='word_1_212' title='bbox 858 2295 920 2320; x_wconf 76' lang='lat' dir='ltr'>Tou.</span> <span class='ocrx_word' id='word_1_213' title='bbox 940 2293 992 2320; x_wconf 81' lang='lat'>520</span> <span class='ocrx_word' id='word_1_214' title='bbox 1010 2295 1064 2328; x_wconf 87' lang='lat' dir='ltr'>sol.</span> <span class='ocrx_word' id='word_1_215' title='bbox 1084 2293 1133 2320; x_wconf 61' lang='lat'>62⁸*</span> <span class='ocrx_word' id='word_1_216' title='bbox 1155 2293 1229 2320; x_wconf 73' lang='lat' dir='ltr'>e163</span> <span class='ocrx_word' id='word_1_217' title='bbox 1253 2294 1316 2328; x_wconf 66' lang='lat' dir='ltr'>(cfr.</span> <span class='ocrx_word' id='word_1_218' title='bbox 1334 2303 1416 2327; x_wconf 70' lang='lat' dir='ltr'>supra</span> <span class='ocrx_word' id='word_1_219' title='bbox 1436 2303 1500 2328; x_wconf 73' lang='lat' dir='ltr'>pay.</span> <span class='ocrx_word' id='word_1_220' title='bbox 1521 2295 1594 2328; x_wconf 81' lang='lat'><em>559),</em></span> <span class='ocrx_word' id='word_1_221' title='bbox 1620 2296 1787 2323; x_wconf 47' lang='lat' dir='ltr'>Bam-eum&amp;</span> <span class='ocrx_word' id='word_1_222' title='bbox 1808 2297 1947 2324; x_wconf 79' lang='grc'>8721-28</span> <span class='ocrx_word' id='word_1_223' title='bbox 2055 2277 2060 2324; x_wconf 54' lang='lat'>⁴2</span> 
     </span>
     <span class='ocr_line' id='line_1_38' title="bbox 282 2330 2060 2382; baseline 0.002 -19"><span class='ocrx_word' id='word_1_224' title='bbox 282 2339 336 2372; x_wconf 86' lang='lat' dir='ltr'>sol.</span> <span class='ocrx_word' id='word_1_225' title='bbox 355 2339 404 2364; x_wconf 65' lang='grc'>567</span> <span class='ocrx_word' id='word_1_226' title='bbox 427 2338 521 2371; x_wconf 73' lang='lat' dir='ltr'>(snpra</span> <span class='ocrx_word' id='word_1_227' title='bbox 537 2347 598 2371; x_wconf 75' lang='lat' dir='ltr'>paq.</span> <span class='ocrx_word' id='word_1_228' title='bbox 611 2337 683 2370; x_wconf 81' lang='lat'><strong>559),</strong></span> <span class='ocrx_word' id='word_1_229' title='bbox 703 2338 911 2371; x_wconf 74' lang='lat' dir='ltr'>Cantabriyienei</span> <span class='ocrx_word' id='word_1_230' title='bbox 927 2338 996 2364; x_wconf 79' lang='lat' dir='ltr'>univ.</span> <span class='ocrx_word' id='word_1_231' title='bbox 1010 2337 1059 2363; x_wconf 81' lang='lat'>771</span> <span class='ocrx_word' id='word_1_232' title='bbox 1080 2338 1132 2364; x_wconf 75' lang='lat' dir='ltr'>Dal.</span> <span class='ocrx_word' id='word_1_233' title='bbox 1152 2338 1217 2363; x_wconf 81' lang='lat' dir='ltr'>XII</span> <span class='ocrx_word' id='word_1_234' title='bbox 1229 2337 1264 2363; x_wconf 85' lang='lat'>54</span> <span class='ocrx_word' id='word_1_235' title='bbox 1288 2347 1352 2363; x_wconf 73' lang='lat' dir='ltr'>saec.</span> <span class='ocrx_word' id='word_1_236' title='bbox 1372 2338 1454 2364; x_wconf 87' lang='lat' dir='ltr'><em>XIII</em></span> <span class='ocrx_word' id='word_1_237' title='bbox 1473 2338 1534 2372; x_wconf 60' lang='lat' dir='ltr'>(cfr.</span> <span class='ocrx_word' id='word_1_238' title='bbox 1554 2339 1704 2366; x_wconf 74' lang='lat' dir='ltr'>Duemmler</span> <span class='ocrx_word' id='word_1_239' title='bbox 1725 2341 1760 2367; x_wconf 90' lang='lat' dir='ltr'>N.</span> <span class='ocrx_word' id='word_1_240' title='bbox 1778 2341 1810 2367; x_wconf 68' lang='grc' dir='ltr'>Α,</span> <span class='ocrx_word' id='word_1_241' title='bbox 1831 2340 1947 2373; x_wconf 69' lang='grc'><strong><em>17308,</em></strong></span> <span class='ocrx_word' id='word_1_242' title='bbox 2013 2371 2018 2374; x_wconf 91' lang='lat'><em>.</em></span> <span class='ocrx_word' id='word_1_243' title='bbox 2054 2330 2060 2382; x_wconf 58' lang='lat'>¹¹</span> 
     </span>
     <span class='ocr_line' id='line_1_39' title="bbox 290 2380 1945 2419; baseline 0.002 -12"><span class='ocrx_word' id='word_1_244' title='bbox 290 2383 423 2407; x_wconf 79' lang='lat' dir='ltr'>Clzevalier</span> <span class='ocrx_word' id='word_1_245' title='bbox 448 2381 580 2414; x_wconf 77' lang='lat' dir='ltr'>Repertor.</span> <span class='ocrx_word' id='word_1_246' title='bbox 599 2381 765 2414; x_wconf 61' lang='lat' dir='ltr'>hymnologia</span> <span class='ocrx_word' id='word_1_247' title='bbox 787 2380 876 2414; x_wconf 84' lang='lat'><strong><em>160),·</em></strong></span> <span class='ocrx_word' id='word_1_248' title='bbox 899 2386 958 2407; x_wconf 78' lang='lat' dir='ltr'>ntor</span> <span class='ocrx_word' id='word_1_249' title='bbox 982 2382 1128 2407; x_wconf 77' lang='lat' dir='ltr'>Havniemi</span> <span class='ocrx_word' id='word_1_250' title='bbox 1151 2381 1196 2413; x_wconf 87' lang='lat'>(=</span> <span class='ocrx_word' id='word_1_251' title='bbox 1216 2381 1256 2414; x_wconf 87' lang='lat' dir='ltr'>K)</span> <span class='ocrx_word' id='word_1_252' title='bbox 1279 2387 1302 2407; x_wconf 81' lang='lat' dir='ltr'>et</span> <span class='ocrx_word' id='word_1_253' title='bbox 1324 2382 1492 2408; x_wconf 68' lang='lat' dir='ltr'>Brwellemi</span> <span class='ocrx_word' id='word_1_254' title='bbox 1515 2382 1560 2414; x_wconf 92' lang='lat'>(=</span> <span class='ocrx_word' id='word_1_255' title='bbox 1578 2383 1615 2416; x_wconf 89' lang='lat' dir='ltr'>B)</span> <span class='ocrx_word' id='word_1_256' title='bbox 1707 2384 1731 2417; x_wconf 76' lang='grc' dir='ltr'>Β,</span> <span class='ocrx_word' id='word_1_257' title='bbox 1745 2384 1761 2410; x_wconf 88' lang='lat'><strong>3</strong></span> <span class='ocrx_word' id='word_1_258' title='bbox 1785 2386 1834 2411; x_wconf 80' lang='lat' dir='ltr'>Per</span> <span class='ocrx_word' id='word_1_259' title='bbox 1858 2383 1945 2419; x_wconf 70' lang='lat' dir='ltr'>meque]</span> 
     </span>
     <span class='ocr_line' id='line_1_40' title="bbox 289 2425 1214 2458; baseline 0.002 -8"><span class='ocrx_word' id='word_1_260' title='bbox 289 2427 410 2458; x_wconf 80' lang='lat' dir='ltr'>l’critque</span> <span class='ocrx_word' id='word_1_261' title='bbox 422 2425 447 2450; x_wconf 91' lang='lat' dir='ltr'><em>B</em></span> <span class='ocrx_word' id='word_1_262' title='bbox 1210 2426 1214 2428; x_wconf 44' lang='grc'><strong>“</strong></span> 
     </span>
     <span class='ocr_line' id='line_1_41' title="bbox 392 2492 1946 2530; baseline 0.003 -11"><span class='ocrx_word' id='word_1_263' title='bbox 392 2493 448 2527; x_wconf 68' lang='grc' dir='ltr'>[Χι]</span> <span class='ocrx_word' id='word_1_264' title='bbox 468 2493 647 2526; x_wconf 76' lang='lat' dir='ltr'>Epitaphium</span> <span class='ocrx_word' id='word_1_265' title='bbox 665 2492 802 2526; x_wconf 58' lang='lat' dir='ltr'>Andreae,</span> <span class='ocrx_word' id='word_1_266' title='bbox 823 2492 851 2520; x_wconf 87' lang='lat' dir='ltr'>S.</span> <span class='ocrx_word' id='word_1_267' title='bbox 866 2492 986 2519; x_wconf 78' lang='lat' dir='ltr'>Amandi</span> <span class='ocrx_word' id='word_1_268' title='bbox 1005 2492 1144 2527; x_wconf 71' lang='lat' dir='ltr'>discipuli,</span> <span class='ocrx_word' id='word_1_269' title='bbox 1163 2493 1198 2519; x_wconf 84' lang='lat' dir='ltr'>ab</span> <span class='ocrx_word' id='word_1_270' title='bbox 1215 2492 1333 2527; x_wconf 75' lang='lat' dir='ltr'>Huqone</span> <span class='ocrx_word' id='word_1_271' title='bbox 1350 2493 1442 2520; x_wconf 78' lang='lat' dir='ltr'>abbate</span> <span class='ocrx_word' id='word_1_272' title='bbox 1459 2493 1618 2520; x_wconf 57' lang='lat' dir='ltr'>Etmanes·</span> <span class='ocrx_word' id='word_1_273' title='bbox 1636 2503 1662 2521; x_wconf 87' lang='lat' dir='ltr'>a.</span> <span class='ocrx_word' id='word_1_274' title='bbox 1677 2495 1745 2522; x_wconf 85' lang='lat'>1088</span> <span class='ocrx_word' id='word_1_275' title='bbox 1763 2503 1797 2522; x_wconf 68' lang='lat' dir='ltr'>ea:</span> <span class='ocrx_word' id='word_1_276' title='bbox 1814 2495 1946 2530; x_wconf 65' lang='lat' dir='ltr'>&amp;aphani</span> 
     </span>
     <span class='ocr_line' id='line_1_42' title="bbox 288 2544 1948 2580; baseline 0.002 -9"><span class='ocrx_word' id='word_1_277' title='bbox 288 2548 372 2571; x_wconf 75' lang='lat' dir='ltr'>vetere</span> <span class='ocrx_word' id='word_1_278' title='bbox 402 2545 508 2571; x_wconf 80' lang='lat' dir='ltr'>ecclesia</span> <span class='ocrx_word' id='word_1_279' title='bbox 534 2545 566 2571; x_wconf 86' lang='lat' dir='ltr'>in</span> <span class='ocrx_word' id='word_1_280' title='bbox 593 2553 688 2572; x_wconf 76' lang='lat' dir='ltr'>‘novam</span> <span class='ocrx_word' id='word_1_281' title='bbox 715 2545 843 2572; x_wconf 78' lang='lat' dir='ltr'>translati</span> <span class='ocrx_word' id='word_1_282' title='bbox 873 2545 936 2578; x_wconf 75' lang='lat' dir='ltr'>(cfr.</span> <span class='ocrx_word' id='word_1_283' title='bbox 964 2545 1115 2572; x_wconf 75' lang='lat' dir='ltr'>Bethmann</span> <span class='ocrx_word' id='word_1_284' title='bbox 1142 2544 1180 2571; x_wconf 83' lang='lat' dir='ltr'>ad</span> <span class='ocrx_word' id='word_1_285' title='bbox 1206 2545 1253 2572; x_wconf 84' lang='lat' dir='ltr'>SS.</span> <span class='ocrx_word' id='word_1_286' title='bbox 1275 2545 1326 2572; x_wconf 91' lang='lat' dir='ltr'>XI</span> <span class='ocrx_word' id='word_1_287' title='bbox 1338 2545 1408 2579; x_wconf 80' lang='lat'><em>412).</em></span> <span class='ocrx_word' id='word_1_288' title='bbox 1501 2546 1568 2580; x_wconf 67' lang='grc' dir='ltr'><strong>[κη]</strong></span> <span class='ocrx_word' id='word_1_289' title='bbox 1602 2546 1784 2580; x_wconf 65' lang='lat' dir='ltr'>Epitaphium»</span> <span class='ocrx_word' id='word_1_290' title='bbox 1814 2547 1948 2574; x_wconf 59' lang='lat' dir='ltr'>Gazaba&amp;</span> 
     </span>
     <span class='ocr_line' id='line_1_43' title="bbox 290 2596 1947 2631; baseline 0.001 -9"><span class='ocrx_word' id='word_1_291' title='bbox 290 2597 410 2630; x_wconf 71' lang='lat' dir='ltr'>mayistri</span> <span class='ocrx_word' id='word_1_292' title='bbox 437 2599 460 2623; x_wconf 83' lang='lat' dir='ltr'>et</span> <span class='ocrx_word' id='word_1_293' title='bbox 482 2597 620 2630; x_wconf 67' lang='lat' dir='ltr'>smptom&#39;s</span> <span class='ocrx_word' id='word_1_294' title='bbox 645 2597 828 2630; x_wconf 77' lang='lat' dir='ltr'>Elnonensis,</span> <span class='ocrx_word' id='word_1_295' title='bbox 863 2597 964 2623; x_wconf 78' lang='lat' dir='ltr'>mortui</span> <span class='ocrx_word' id='word_1_296' title='bbox 993 2605 1018 2624; x_wconf 85' lang='lat' dir='ltr'>a.</span> <span class='ocrx_word' id='word_1_297' title='bbox 1039 2597 1107 2623; x_wconf 82' lang='lat'>1095</span> <span class='ocrx_word' id='word_1_298' title='bbox 1132 2599 1156 2623; x_wconf 76' lang='lat' dir='ltr'>et</span> <span class='ocrx_word' id='word_1_299' title='bbox 1182 2597 1280 2630; x_wconf 76' lang='lat' dir='ltr'>sepulti</span> <span class='ocrx_word' id='word_1_300' title='bbox 1308 2597 1340 2623; x_wconf 79' lang='lat' dir='ltr'>in</span> <span class='ocrx_word' id='word_1_301' title='bbox 1367 2596 1473 2624; x_wconf 68' lang='lat' dir='ltr'>ecclesia</span> <span class='ocrx_word' id='word_1_302' title='bbox 1495 2596 1522 2623; x_wconf 80' lang='lat' dir='ltr'>S.</span> <span class='ocrx_word' id='word_1_303' title='bbox 1543 2597 1620 2624; x_wconf 73' lang='lat' dir='ltr'>Petri</span> <span class='ocrx_word' id='word_1_304' title='bbox 1645 2598 1705 2631; x_wconf 78' lang='lat' dir='ltr'>(cfr.</span> <span class='ocrx_word' id='word_1_305' title='bbox 1727 2597 1882 2625; x_wconf 66' lang='lat' dir='ltr'>Bethmann</span> <span class='ocrx_word' id='word_1_306' title='bbox 1908 2598 1947 2624; x_wconf 80' lang='lat' dir='ltr'>ad</span> 
     </span>
     <span class='ocr_line' id='line_1_44' title="bbox 290 2648 733 2683; baseline 0.005 -9"><span class='ocrx_word' id='word_1_307' title='bbox 290 2648 335 2675; x_wconf 82' lang='lat' dir='ltr'>SS.</span> <span class='ocrx_word' id='word_1_308' title='bbox 358 2649 476 2681; x_wconf 83' lang='lat' dir='ltr'><strong>X1413,</strong></span> <span class='ocrx_word' id='word_1_309' title='bbox 497 2648 546 2675; x_wconf 81' lang='lat' dir='ltr'>SS.</span> <span class='ocrx_word' id='word_1_310' title='bbox 568 2649 733 2683; x_wconf 85' lang='lat' dir='ltr'><em>XIII388).</em></span> 
     </span>
     <span class='ocr_line' id='line_1_45' title="bbox 393 2700 1945 2735; baseline 0.001 -9"><span class='ocrx_word' id='word_1_311' title='bbox 393 2700 467 2734; x_wconf 79' lang='lat' dir='ltr'><strong>[IIL]</strong></span> <span class='ocrx_word' id='word_1_312' title='bbox 491 2701 569 2734; x_wconf 78' lang='grc' dir='ltr'><strong>[ι.ιι.”Ι</strong></span> <span class='ocrx_word' id='word_1_313' title='bbox 599 2701 722 2735; x_wconf 80' lang='lat' dir='ltr'>Hymni</span> <span class='ocrx_word' id='word_1_314' title='bbox 749 2701 787 2727; x_wconf 81' lang='lat' dir='ltr'>de</span> <span class='ocrx_word' id='word_1_315' title='bbox 815 2701 843 2728; x_wconf 79' lang='lat' dir='ltr'>S.</span> <span class='ocrx_word' id='word_1_316' title='bbox 862 2701 1016 2728; x_wconf 81' lang='lat' dir='ltr'>Amando</span> <span class='ocrx_word' id='word_1_317' title='bbox 1042 2702 1177 2735; x_wconf 69' lang='lat' dir='ltr'>compositi</span> <span class='ocrx_word' id='word_1_318' title='bbox 1203 2701 1234 2727; x_wconf 81' lang='lat' dir='ltr'>in</span> <span class='ocrx_word' id='word_1_319' title='bbox 1256 2701 1417 2728; x_wconf 75' lang='lat' dir='ltr'>monasterio</span> <span class='ocrx_word' id='word_1_320' title='bbox 1444 2701 1616 2734; x_wconf 75' lang='lat' dir='ltr'>Elmnemi,</span> <span class='ocrx_word' id='word_1_321' title='bbox 1637 2701 1717 2735; x_wconf 71' lang='lat' dir='ltr'>prior</span> <span class='ocrx_word' id='word_1_322' title='bbox 1738 2701 1845 2728; x_wconf 68' lang='lat' dir='ltr'>saeculo</span> <span class='ocrx_word' id='word_1_323' title='bbox 1865 2706 1945 2735; x_wconf 76' lang='lat' dir='ltr'>nono,</span> 
     </span>
     <span class='ocr_line' id='line_1_46' title="bbox 290 2751 1947 2787; baseline 0.002 -11"><span class='ocrx_word' id='word_1_324' title='bbox 290 2751 359 2777; x_wconf 79' lang='lat' dir='ltr'>alter</span> <span class='ocrx_word' id='word_1_325' title='bbox 376 2751 465 2777; x_wconf 78' lang='lat' dir='ltr'>nescio</span> <span class='ocrx_word' id='word_1_326' title='bbox 487 2760 525 2777; x_wconf 83' lang='lat' dir='ltr'>an</span> <span class='ocrx_word' id='word_1_327' title='bbox 542 2752 684 2785; x_wconf 77' lang='lat' dir='ltr'>recentior,</span> <span class='ocrx_word' id='word_1_328' title='bbox 708 2752 771 2778; x_wconf 82' lang='lat' dir='ltr'>editi</span> <span class='ocrx_word' id='word_1_329' title='bbox 792 2755 870 2779; x_wconf 80' lang='lat' dir='ltr'>erant</span> <span class='ocrx_word' id='word_1_330' title='bbox 893 2761 906 2778; x_wconf 82' lang='lat' dir='ltr'>e</span> <span class='ocrx_word' id='word_1_331' title='bbox 927 2753 1016 2779; x_wconf 82' lang='lat' dir='ltr'>codice</span> <span class='ocrx_word' id='word_1_332' title='bbox 1038 2753 1209 2780; x_wconf 72' lang='lat' dir='ltr'>Bruoeellensi</span> <span class='ocrx_word' id='word_1_333' title='bbox 1226 2762 1244 2779; x_wconf 91' lang='grc' dir='ltr'><em>α</em></span> <span class='ocrx_word' id='word_1_334' title='bbox 1263 2753 1456 2780; x_wconf 75' lang='lat' dir='ltr'>Bollandt&#39;anis</span> <span class='ocrx_word' id='word_1_335' title='bbox 1478 2753 1513 2780; x_wconf 83' lang='grc' dir='ltr'>Δ.</span> <span class='ocrx_word' id='word_1_336' title='bbox 1526 2752 1574 2779; x_wconf 83' lang='lat' dir='ltr'>SS.</span> <span class='ocrx_word' id='word_1_337' title='bbox 1597 2752 1678 2779; x_wconf 77' lang='lat' dir='ltr'>Febr.</span> <span class='ocrx_word' id='word_1_338' title='bbox 1698 2753 1719 2779; x_wconf 94' lang='grc' dir='ltr'><strong><em>Ι</em></strong></span> <span class='ocrx_word' id='word_1_339' title='bbox 1725 2753 1776 2779; x_wconf 84' lang='grc'>903</span> <span class='ocrx_word' id='word_1_340' title='bbox 1795 2758 1840 2786; x_wconf 87' lang='lat'>(=</span> <span class='ocrx_word' id='word_1_341' title='bbox 1853 2753 1947 2787; x_wconf 64' lang='grc' dir='ltr'><em>Μᾶρκε</em></span> 
     </span>
     <span class='ocr_line' id='line_1_47' title="bbox 289 2802 1441 2840; baseline 0.003 -12"><span class='ocrx_word' id='word_1_342' title='bbox 289 2803 331 2834; x_wconf 84' lang='grc'>87,</span> <span class='ocrx_word' id='word_1_343' title='bbox 347 2803 434 2835; x_wconf 80' lang='grc'>1273),</span> <span class='ocrx_word' id='word_1_344' title='bbox 451 2802 495 2828; x_wconf 76' lang='lat' dir='ltr'>sed</span> <span class='ocrx_word' id='word_1_345' title='bbox 512 2811 636 2830; x_wconf 70' lang='lat' dir='ltr'>versuum</span> <span class='ocrx_word' id='word_1_346' title='bbox 654 2804 749 2830; x_wconf 77' lang='lat' dir='ltr'>ordine</span> <span class='ocrx_word' id='word_1_347' title='bbox 767 2807 906 2838; x_wconf 80' lang='lat' dir='ltr'>tantopere</span> <span class='ocrx_word' id='word_1_348' title='bbox 922 2805 1087 2839; x_wconf 54' lang='lat' dir='ltr'>perturbato,</span> <span class='ocrx_word' id='word_1_349' title='bbox 1106 2808 1137 2831; x_wconf 81' lang='lat' dir='ltr'>ut</span> <span class='ocrx_word' id='word_1_350' title='bbox 1155 2805 1274 2840; x_wconf 73' lang='lat' dir='ltr'>intelleyi</span> <span class='ocrx_word' id='word_1_351' title='bbox 1291 2805 1441 2839; x_wconf 70' lang='lat' dir='ltr'>nequirent.</span> 
     </span>
    </p>
   </div>
  </div>
 </body>
</html>
