2060 3074
0 2507 22 2544 ’θ’
0 2457 22 2494 (Γ
0 1969 21 2446 ἱθἾνῙΨἭἋΜ
0 1906 12 1959 '⁴⁸¹⁹'
0 1587 18 1898 “WW*²”
0 1557 9 1573 '⁷
3 1539 5 1546 ““
0 1510 3 1523 “’
0 1462 7 1486 Τ

0 2597 13 2640 ‘aa‘
0 2547 19 2587 1¹⁸&

483 364 520 383 1³0

484 623 521 643 135

483 883 520 902 14⁰

480 1143 518 1162 145

480 1403 517 1422 150

478 1663 515 1683 155

478 1923 516 1942 160

477 2183 514 2202 165

475 2443 512 2462 1¹10

749 160 860 187 VITAE
879 161 904 187 S.
923 161 1091 188 GERMANI
1110 161 1216 188 LIBER
1230 162 1276 188 IV.

558 247 665 279 Sacris
690 247 852 289 explicitis
875 247 990 279 rutilus
1015 248 1186 290 splendore
1210 249 1329 280 lavacri

558 300 655 332 Miles
679 299 712 330 in
735 310 825 330 arma
849 300 911 331 ruit
934 301 1082 342 votisque
1105 300 1146 332 ad
1169 301 1267 333 fortia
1290 302 1446 344 promptis

560 351 655 383 Stare
677 355 772 393 parat
795 355 906 383 contra
930 352 990 383 soli
1015 352 1195 384 concedere
1220 353 1350 385 tandem

557 403 707 435 Obnixus
731 403 836 434 morti.
882 403 1019 435 Praesul
1044 405 1231 436 certaminis
1255 405 1350 436 huius

558 455 691 486 Arbiter
713 455 872 496 ancipites
897 455 1073 497 disponens
1096 455 1157 487 rite
1182 456 1329 487 cohortes

556 506 660 538 Infert
684 517 718 538 se
742 506 882 538 medium
907 507 1057 548 elataque
1081 507 1121 538 ad
1146 507 1263 549 sydera
1287 508 1403 539 dextra

558 558 622 590 ‘Me
646 558 728 590 duce
752 557 814 590 me’
839 558 922 589 dixit
945 558 1075 590 ‘bellurn
1098 560 1289 590 tractabitur
1313 571 1422 592 omne:

560 610 703 652 Signifer
725 609 866 641 indictae
891 610 1026 641 subeam
1051 611 1225 652 primordia
1247 611 1397 653 pugnae.q

557 662 650 694 Haec
673 662 729 694 ubi
753 661 842 693 dicta
865 661 963 695 dedit.
987 662 1119 704 longum
1143 673 1337 705 progressus
1361 664 1392 694 in
1417 674 1534 705 agmen

555 714 709 746 Delectos
734 714 868 745 comites
893 724 1026 745 numero
1050 714 1184 745 sortitur
1207 714 1247 745 ab
1271 715 1358 746 omni

555 766 784 808 Lustratisque
809 766 897 799 locis.
923 776 987 807 qua
1010 766 1093 797 forte
1116 766 1317 808 inrumperet
1340 766 1452 801 hostis.

556 818 721 850 Montibus
745 817 919 849 obductam
944 818 1047 849 cernit
1071 818 1282 860 procumbere
1306 818 1438 849 vallem:

558 870 691 902 Sistitur
713 869 765 902 bic
789 869 932 912 pulchris
957 869 1087 901 radians
1111 869 1274 900 exercitus
1297 869 1405 901 armis.

556 922 628 962 Illo,
652 921 737 964 quod
761 932 926 964 nunquam
950 921 1029 953 laeti
1053 921 1163 952 videre
1187 921 1345 954 Britanni.

557 974 682 1016 Nempe
707 973 759 1006 die
783 974 977 1005 instructum
1000 983 1117 1014 magno
1141 972 1222 1004 duce
1246 973 1397 1015 praesule
1422 973 1557 1004 bellum:

557 1026 624 1058 Res
648 1036 742 1065 nova,
766 1025 823 1057 sed
848 1028 1003 1067 quantum
1027 1025 1133 1067 longis
1156 1025 1320 1066 incognita
1345 1025 1470 1058 saeclis.

558 1078 712 1110 Aeternis
736 1081 826 1109 tanto
850 1088 945 1119 mage
969 1076 1225 1119 condignissima
1247 1077 1351 1109 fastis.

556 1130 690 1172 Iamque
715 1130 807 1161 ferox
830 1129 944 1161 aderat
968 1129 1107 1160 confisus
1131 1128 1254 1160 viribus
1278 1128 1391 1160 hostis.

555 1181 706 1214 Confisus
730 1181 877 1221 latebris,
902 1191 1086 1224 quanquam
1110 1180 1241 1212 detecta
1264 1184 1413 1223 paterent

553 1234 671 1266 Omnia
694 1237 871 1276 praecauto
896 1233 976 1266 satis
1001 1233 1170 1275 explorata
1193 1232 1314 1265 labore.

555 1286 636 1318 Cum
661 1289 756 1329 pater
779 1286 920 1318 edictum
946 1289 1068 1317 turmas
1093 1284 1228 1327 exponit
1251 1285 1283 1315 in
1307 1294 1430 1315 omnes:

555 1338 660 1374 Quem
684 1338 772 1380 prior
795 1337 936 1369 ediderit
957 1337 1073 1368 librata
1096 1347 1176 1368 voce
1200 1346 1362 1369 canorem.

554 1389 699 1422 Vocibus
723 1389 820 1422 elatis
844 1389 937 1421 miles
962 1388 1158 1432 respondeat
1181 1389 1294 1420 omnis.

556 1442 698 1474 Securus
722 1440 877 1484 praedae,
902 1451 1037 1473 securus
1061 1441 1202 1483 denique
1226 1439 1336 1472 caedis

553 1494 668 1526 Hostis
692 1493 803 1530 adest;
826 1497 942 1536 pactae
966 1493 1098 1536 praesul
1122 1503 1187 1524 non
1211 1492 1369 1524 inmemor
1393 1491 1491 1522 horae

553 1545 666 1588 Exigit
688 1547 854 1588 ingentem
878 1546 974 1588 pleno
999 1545 1038 1578 de
1064 1548 1196 1588 pectore
1220 1554 1333 1576 vocem

556 1598 701 1631 Alleluia
724 1598 811 1641 pium
836 1598 938 1630 ternis
961 1596 1174 1630 concentibus
1198 1607 1328 1638 urgens.

553 1650 752 1683 Cunctorum
777 1650 924 1692 sequitur
946 1649 1094 1681 sublatus
1118 1648 1159 1680 ad
1183 1651 1294 1680 aetera
1317 1647 1452 1679 clamor:

552 1702 704 1734 Pressius
728 1705 903 1744 exceptum
926 1701 1092 1743 triplicant
1115 1703 1268 1732 montana
1291 1709 1450 1730 sonorem.

553 1754 717 1786 Sternitur
739 1753 854 1785 infelix
877 1753 994 1785 animis
1018 1752 1238 1784 marcentibus
1262 1751 1364 1783 hostis

550 1806 657 1848 Seque
679 1816 779 1848 super
802 1809 912 1837 vastas
935 1815 999 1837 non
1023 1807 1148 1836 tantum
1171 1802 1359 1835 incumbere
1383 1812 1490 1844 rupes.

552 1858 637 1895 Quin
660 1859 760 1890 etiam
784 1858 903 1890 metuit
925 1867 1078 1899 superum
1103 1865 1250 1887 convexa
1273 1854 1431 1898 polorum.

553 1910 648 1947 Quod
672 1913 775 1942 restat
800 1909 970 1951 solumque
995 1910 1109 1951 putant
1132 1917 1306 1950 superesse
1331 1906 1440 1937 saluti:

551 1962 753 1994 Conmittunt
775 1961 912 2004 pedibus
934 1959 1081 2003 trepidae
1106 1958 1296 1991 commertia
1318 1958 1414 1989 vitae.

552 2013 628 2046 Non
652 2013 732 2046 haec
756 2013 922 2045 sufficiunt
945 2012 1069 2044 celeres
1093 2011 1134 2043 ad
1157 2010 1266 2042 munia
1287 2010 1420 2052 plantae

551 2066 594 2098 Et
617 2077 802 2109 quanquam
827 2066 977 2098 volueres
1001 2063 1159 2107 plaudant
1181 2061 1382 2104 fugientibus
1406 2061 1488 2094 alae.

550 2118 668 2151 Omnia
691 2119 785 2161 pigra
807 2120 925 2160 putant
948 2127 1012 2149 nec
1036 2118 1112 2148 sunt
1134 2114 1336 2157 fugientibus
1359 2114 1442 2145 alae.

553 2170 706 2202 Fundunt
729 2180 819 2202 arma
841 2169 951 2212 procul
975 2167 1159 2210 gaudentes
1183 2177 1320 2208 corpora
1342 2168 1466 2197 tantum

555 2222 761 2255 Subduxisse
786 2222 870 2254 neci'.
915 2220 1134 2262 Consumptos
1157 2218 1290 2250 flumine
1313 2218 1423 2260 plures

553 2274 758 2317 Accipimus:
783 2274 973 2315 cuicumque
997 2272 1069 2303 leve
1093 2274 1144 2302 est
1167 2269 1354 2302 incumbere
1378 2269 1472 2305 loeto,

551 2325 734 2358 Dummodo
758 2325 924 2366 contingat
946 2324 1044 2355 duras
1067 2323 1188 2365 inpune
1212 2323 1404 2363 sequentum

550 2377 705 2410 Evasisse
729 2387 854 2409 manus.
901 2375 1108 2408 Caelestibus
1131 2373 1212 2406 ultio
1235 2373 1346 2405 flabris

549 2430 632 2462 Acta
655 2429 733 2461 furit
759 2439 820 2461 nee
843 2428 907 2460 fert
930 2428 1075 2470 requiem
1100 2425 1339 2468 trepidantibus
1364 2425 1473 2456 ullam.

550 2482 622 2513 Stat
644 2481 746 2513 victor
771 2481 978 2522 cumulatque
1003 2489 1088 2510 novo
1113 2488 1181 2509 rem
1205 2477 1347 2508 carmine
1371 2476 1464 2507 miles

291 2585 397 2610 Scholia
415 2600 447 2604 -
467 2585 517 2612 153
535 2584 631 2619 Exigit]
650 2586 770 2619 exprimit
874 2584 923 2611 156
941 2582 1068 2616 Pressius]
1087 2583 1205 2609 Gravius.
1224 2595 1257 2599 —
1275 2582 1324 2606 I‘er
1343 2582 1407 2605 uxo

293 2669 342 2696 1³3
359 2671 443 2697 sidera
461 2674 477 2696 2
495 2680 526 2696 m.
546 2671 572 2696 1²
674 2669 722 2697 141
738 2671 830 2697 britani
849 2679 915 2696 corr.
934 2670 959 2694 P
1062 2667 1111 2694 162
1128 2667 1238 2693 caeleres
1256 2676 1322 2692 corr.
1341 2666 1366 2692 Ρ

296 2755 345 2782 129
371 2755 476 2782 Lucan.
505 2755 556 2782 ΙΙΙ
572 2757 604 2783 37
633 2756 722 2783 Maior
747 2756 775 2782 in
803 2763 880 2782 amia
908 2753 970 2780 ruit.

193 2805 242 2837 155
260 2805 385 2838 sublatus
403 2807 439 2836 ad
457 2807 572 2837 aethera
590 2807 693 2835 clamor
711 2807 779 2835 Aen.
799 2805 903 2835 11338.
1010 2805 1058 2832 157
1077 2803 1215 2831 Sternitur
1234 2802 1330 2831 infelix
1350 2803 1418 2830 Aen.
1439 2802 1469 2829 X
1480 2802 1536 2830 781.

1773 164 1834 194 479

1086 2753 1134 2779 136
1161 2752 1237 2778 Haec
1265 2751 1311 2778 ubi
1340 2751 1415 2778 (licta
1442 2751 1519 2778 dedit
1542 2760 1561 2778 e.
1582 2760 1607 2785 {J-
1631 2753 1698 2779 Aen.
1722 2753 1757 2778 II
1772 2754 1828 2781 790.
