2138 3106
820 175 970 202 MICONIS
989 175 1165 203 CARMINA.
1756 179 1814 210 361

272 261 425 294 Ceterum
461 262 501 293 de
536 262 701 294 fucatione
736 263 869 294 ermelai
903 265 979 294 tuae
1014 264 1086 295 sine
1122 265 1236 306 loquor
1266 264 1356 296 fuco:
1391 264 1477 297 unde
1515 265 1663 306 adgressi
1698 265 1818 297 fuimus

168 314 306 345 lustrare
330 313 439 345 studui
462 313 503 345 ad
526 313 608 346 fines
625 317 764 353 nostros,
788 318 895 346 utrum
920 326 1023 346 necne
1047 315 1108 346 isto
1132 316 1164 347 in
1181 316 1303 347 chi-ono
1327 317 1438 358 perfici
1455 317 1627 358 potuisset.
1672 317 1818 359 Repperi

168 369 278 397 tamen
309 365 368 397 hoc
398 366 530 398 minime
565 366 634 398 fieri
665 377 777 408 posse,
812 366 874 397 nisi
904 366 936 397 in
967 367 1101 398 maturis
1130 367 1263 399 solibus.
1316 367 1538 410 Quapropter,
1570 369 1614 400 sis
1643 369 1816 408 sustinere,

168 417 276 459 quoad
292 418 423 448 venient
438 418 575 453 sustine;
599 418 650 449 sin
673 418 814 458 minime,
838 420 930 450 utere
954 422 1019 457 tua,
1043 429 1105 460 quo
1129 419 1223 451 sedet
1238 420 1357 451 animo.
1403 419 1525 451 Fateor
1548 420 1644 459 enim,
1669 421 1697 452 si
1719 431 1816 462 posse

116 482 128 500 ⁵
166 467 297 500 adesset
319 469 421 500 veluti
444 472 495 501 est
518 469 613 509 velle,
637 469 791 501 citissime
814 469 912 501 finem
937 469 1075 501 haberet
1097 473 1234 512 uterque
1256 473 1402 502 nostrum
1425 471 1458 502 in
1479 472 1579 508 velle;
1604 471 1690 513 quod
1712 471 1815 511 deest,

168 524 219 552 est
251 521 346 552 modo
376 521 408 552 in
436 531 542 563 posse.
587 521 672 553 Vale
702 521 767 553 fine
796 525 891 554 tenus
918 524 985 553 tam
1016 522 1080 553 isto
1112 522 1144 553 in
1172 522 1305 554 chosmo
1334 534 1431 565 quam
1462 524 1567 566 magis
1599 526 1714 566 postea
1743 534 1816 555 cum

167 573 342 613 caelicolis,
365 583 495 615 quaeso.

141 629 144 633 '
533 624 584 656 Ad
609 624 707 656 finem
730 624 851 666 rogito:
876 634 1005 666 semper
1028 625 1098 656 sine
1122 625 1186 656 fine
1211 625 1329 658 valeto.

531 675 621 712 Quos
643 676 750 707 iunxit
771 676 900 715 caritas,
925 676 998 707 illos
1023 675 1210 718 disiungere
1233 678 1310 710 noli.

933 882 1050 914 cmx.

782 946 847 982 AD
875 943 1196 985 CORI(DONEM>.

572 1021 743 1061 Troehete,
767 1021 864 1063 dique
886 1021 980 1060 deae,
1005 1020 1222 1054 Choridonem
1240 1022 1401 1063 stringere
1426 1022 1554 1053 vinclis:

529 1073 560 1105 A
584 1076 676 1115 tergo
699 1073 848 1105 manibus
871 1073 1003 1105 strictus
1028 1073 1203 1116 venietque
1227 1073 1378 1115 nigellus.

529 1125 582 1157 Sic
606 1125 743 1167 pedibus
767 1126 860 1157 nexis
884 1125 994 1167 flagris
1019 1125 1216 1168 compingite
1240 1125 1318 1156 diris

529 1177 701 1219 Rugosum
724 1177 922 1219 dorsumque
947 1187 1071 1208 comam
1097 1176 1249 1219 deponite
1274 1180 1401 1215 tetram,

479 1242 490 1259 ⁵
528 1228 578 1260 Ae
601 1228 696 1260 simul
721 1231 754 1260 et
777 1228 912 1260 barbam
937 1239 1066 1260 sursum
1091 1228 1282 1271 suspendite
1307 1232 1449 1265 tonsam;

529 1281 608 1312 Post
631 1281 749 1312 iterum
774 1280 917 1312 inlusum
941 1280 1077 1312 nimium
1101 1291 1158 1312 vos
1181 1280 1308 1313 caedite
1331 1280 1479 1312 bardum.

572 1401 658 1434 Dum
682 1401 820 1433 recubas
843 1401 944 1441 solus,
968 1401 1028 1433 hos
1050 1401 1180 1444 pellege
1204 1404 1337 1444 gutture
1359 1412 1472 1444 presso

530 1454 638 1495 Atque
661 1452 814 1496 pudenda
836 1453 932 1484 simul
955 1453 1113 1496 posthaec
1138 1457 1173 1485 tu
1197 1454 1321 1496 corrige
1345 1454 1447 1496 plura.

530 1505 576 1537 Ut
599 1505 720 1544 valeas,
745 1505 844 1537 etiam
867 1505 1024 1537 mandant
1046 1504 1104 1536 tibi
1127 1505 1264 1548 plurime
1288 1506 1390 1537 nostri

467 1571 491 1590 10
528 1557 642 1589 Codex
665 1555 840 1599 Grapinus,
865 1555 1042 1589 Gravulfus
1066 1560 1100 1589 et
1122 1557 1194 1599 ipse
1218 1557 1424 1591 Gotendach:

529 1609 696 1652 Asclipius
720 1619 781 1641 nec
804 1619 868 1640 non
892 1607 1040 1641 Gisulfus
1063 1614 1220 1652 prospera
1243 1609 1370 1646 dicunt:

528 1660 760 1704 Calvellusque
783 1663 871 1701 tuus,
895 1661 1055 1704 siquidem
1079 1660 1258 1693 Mareulfus
1281 1664 1316 1693 et
1338 1661 1410 1693 ille:

530 1712 621 1744 Unus
645 1713 731 1745 enim
755 1712 835 1744 dicit
857 1715 967 1744 noster
990 1713 1048 1745 tibi
1073 1715 1188 1755 satque
1211 1713 1331 1753 valere,

530 1764 706 1804 Admonet,
728 1767 765 1796 ut
788 1763 933 1803 studeas,
957 1765 1049 1804 alter,
1076 1764 1269 1807 humilisque
1292 1775 1436 1797 manere.

938 1953 1038 1988 CLX.

818 2018 883 2054 AD
910 2018 1160 2055 TISVLFVM.

531 2092 618 2124 Dum
641 2093 789 2125 residens
813 2097 934 2133 noster,
958 2093 1104 2125 Tisulfus
1127 2094 1270 2134 nomine,
1294 2093 1400 2125 laetus

529 2144 752 2181 Quorumdam
776 2146 808 2177 in
832 2148 939 2185 coetu,
962 2145 1050 2177 Boso
1074 2147 1274 2187 veniensque
1298 2145 1416 2187 ligatus

529 2196 631 2238 Inque
655 2206 714 2228 suo
738 2196 863 2238 gremio
886 2197 1048 2229 recubans
1074 2207 1133 2228 ceu
1156 2195 1240 2228 fidus
1264 2197 1400 2235 amicus,

529 2246 658 2287 ‘Salve’‚
683 2248 797 2291 iuquit,
821 2247 934 2280 ‘frater
957 2249 1092 2281 veniens
1116 2252 1151 2280 tu
1174 2248 1280 2280 visere
1304 2251 1434 2280 nostros

478 2312 490 2330 ⁵
527 2299 697 2331 Hactenus
721 2299 961 2342 adventumque
984 2302 1075 2332 tuum
1099 2299 1194 2331 simul
1218 2300 1437 2342 opperientes.

268 2446 282 2471 1
302 2455 338 2471 cm
354 2445 573 2481 *omanadum
590 2448 637 2479 cfr.
657 2447 713 2472 Do.
732 2457 751 2473 ε.
770 2456 792 2472 υ.
810 2447 972 2472 ‘armiluum’
1076 2447 1093 2472 2
1111 2447 1207 2473 chrouo
1224 2455 1255 2473 ex
1273 2455 1340 2472 corr.
1359 2447 1384 2472 B

269 2487 376 2523 [cnm]
394 2489 505 2523 *adeost
522 2490 548 2515 B
1150 2514 1159 2524 2
1219 2514 1229 2526 <,

268 2531 363 2565 [CLX]
377 2537 437 2566 poet
453 2526 529 2559 tisnlt'
543 2533 605 2558 add.
624 2534 717 2566 glande
741 2542 800 2559 sues
824 2534 884 2560 laeti
909 2535 1015 2560 redeunt
1039 2534 1064 2558 id
1087 2537 1126 2559 est
1143 2528 1236 2559 GORG
1254 2533 1310 2565 (hoc
1327 2537 1378 2559 not.
1401 2532 1488 2558 Ἰῖτοπ.
1506 2531 1603 2566 ccv-ipe.)
1621 2531 1658 2558 B:
1673 2540 1762 2558 cereus
1779 2535 1814 2557 est

167 2575 212 2601 Ge.
231 2575 272 2608 II,
285 2574 337 2602 520
387 2584 424 2602 an
441 2575 605 2602 minulfum?
622 2578 670 2608 cfr.
690 2586 710 2602 c.
731 2576 828 2609 CLIX,
841 2577 871 2602 11
976 2577 994 2602 5
1011 2577 1153 2610 operientes
1171 2585 1238 2603 corr.
1256 2576 1282 2601 B

272 2661 284 2687 1
303 2668 357 2694 sqq.
375 2661 426 2694 cfr.
444 2668 529 2694 supra
545 2669 565 2688 c.
587 2661 687 2687 XXII
696 2670 726 2695 p.
744 2662 802 2688 305.
906 2662 923 2688 8
942 2662 991 2694 cfr.
1010 2669 1030 2687 c.
1052 2661 1082 2687 X
1088 2661 1136 2694 VI,
1150 2661 1191 2688 77.

269 2711 381 2747 [cmx]
401 2712 524 2747 Corydon
540 2712 618 2739 modii
635 2713 692 2739 aevi
706 2714 794 2746 poetis
811 2721 843 2739 ex
861 2713 970 2747 Ecloffl's
984 2721 1036 2746 pro
1052 2712 1155 2739 homine
1172 2712 1252 2738 mato
1269 2714 1313 2744 est,
1332 2714 1362 2738 ut
1383 2711 1486 2738 Codrus
1503 2711 1564 2738 item
1583 2719 1616 2738 ew
1635 2711 1747 2745 Verffl'lio
1761 2719 1814 2746 pro

165 2763 256 2791 imt'do
272 2763 327 2790 sive
343 2771 376 2790 ea:
394 2763 522 2791 Iuvenale
535 2772 588 2798 pro
602 2773 725 2799 paupere
743 2765 784 2792 vel
799 2768 875 2798 pocta
894 2766 970 2792 malo.
1061 2766 1092 2791 10
1103 2764 1203 2798 Codex,
1222 2764 1394 2797 Gotendach‚
1412 2763 1552 2799 Asclipius
1569 2763 1725 2798 coynomina
1742 2765 1812 2790 sunt.

270 2814 368 2850 [CLX]
387 2815 478 2849 Μαρία
496 2816 601 2854 vulgari
618 2823 735 2842 sermone
751 2816 839 2843 utitur
855 2817 981 2843 multo.

270 2861 373 2888 Pon-uz
390 2870 473 2889 ιΑτικι
491 2870 550 2889 Αινι
567 2863 693 2890 cineum
711 2863 759 2896 111,
771 2864 796 2890 2.
1575 2862 1610 2889 46
