<?xml version="1.0" encoding="UTF-8"?>
<!DOCTYPE html PUBLIC "-//W3C//DTD XHTML 1.0 Transitional//EN"
    "http://www.w3.org/TR/xhtml1/DTD/xhtml1-transitional.dtd">
<html xmlns="http://www.w3.org/1999/xhtml" xml:lang="en" lang="en">
 <head>
  <title>
</title>
<meta http-equiv="Content-Type" content="text/html;charset=utf-8" />
  <meta name='ocr-system' content='tesseract 3.04.00' />
  <meta name='ocr-capabilities' content='ocr_page ocr_carea ocr_par ocr_line ocrx_word'/>
</head>
<body>
  <div class='ocr_page' id='page_1' title='image "./monumentagerma03geseuoft/monumentagerma03geseuoft_0446.png"; bbox 0 0 2060 3074; ppageno 0'>
   <div class='ocr_carea' id='block_1_1' title="bbox 245 145 1231 180">
    <p class='ocr_par' dir='ltr' id='par_1_1' title="bbox 245 145 1231 180">
     <span class='ocr_line' id='line_1_1' title="bbox 245 145 1231 180; baseline -0.009 0"><span class='ocrx_word' id='word_1_1' title='bbox 245 150 306 180; x_wconf 81' lang='lat'>430</span> <span class='ocrx_word' id='word_1_2' title='bbox 900 145 1037 172; x_wconf 83' lang='lat' dir='ltr'>HEIRICI</span> <span class='ocrx_word' id='word_1_3' title='bbox 1056 145 1231 172; x_wconf 81' lang='lat' dir='ltr'>CARMINA.</span> 
     </span>
    </p>
   </div>
   <div class='ocr_carea' id='block_1_2' title="bbox 242 230 1898 2501">
    <p class='ocr_par' dir='ltr' id='par_1_2' title="bbox 243 230 1893 948">
     <span class='ocr_line' id='line_1_2' title="bbox 346 230 1888 274; baseline -0.002 -10"><span class='ocrx_word' id='word_1_4' title='bbox 346 233 505 270; x_wconf 81' lang='lat' dir='ltr'>Quorsum</span> <span class='ocrx_word' id='word_1_5' title='bbox 529 234 591 264; x_wconf 87' lang='lat' dir='ltr'>ista</span> <span class='ocrx_word' id='word_1_6' title='bbox 614 233 817 274; x_wconf 88' lang='lat' dir='ltr'>protulerim,</span> <span class='ocrx_word' id='word_1_7' title='bbox 842 232 921 263; x_wconf 89' lang='lat' dir='ltr'>illud</span> <span class='ocrx_word' id='word_1_8' title='bbox 945 233 978 263; x_wconf 91' lang='lat' dir='ltr'>in</span> <span class='ocrx_word' id='word_1_9' title='bbox 1001 242 1100 263; x_wconf 86' lang='lat' dir='ltr'>causa</span> <span class='ocrx_word' id='word_1_10' title='bbox 1122 235 1185 263; x_wconf 87' lang='lat' dir='ltr'>est:</span> <span class='ocrx_word' id='word_1_11' title='bbox 1209 232 1303 264; x_wconf 86' lang='lat' dir='ltr'>divae</span> <span class='ocrx_word' id='word_1_12' title='bbox 1326 231 1501 263; x_wconf 83' lang='lat' dir='ltr'>memoriae</span> <span class='ocrx_word' id='word_1_13' title='bbox 1523 230 1733 262; x_wconf 87' lang='lat' dir='ltr'>Hlotharium</span> <span class='ocrx_word' id='word_1_14' title='bbox 1756 233 1888 262; x_wconf 85' lang='lat' dir='ltr'>vestrae</span> 
     </span>
     <span class='ocr_line' id='line_1_3' title="bbox 243 280 1888 326; baseline -0.003 -9"><span class='ocrx_word' id='word_1_15' title='bbox 243 287 343 318; x_wconf 87' lang='lat' dir='ltr'>filium</span> <span class='ocrx_word' id='word_1_16' title='bbox 368 286 555 323; x_wconf 88' lang='lat' dir='ltr'>maiestatis,</span> <span class='ocrx_word' id='word_1_17' title='bbox 580 285 672 316; x_wconf 85' lang='lat' dir='ltr'>annis</span> <span class='ocrx_word' id='word_1_18' title='bbox 697 295 843 326; x_wconf 91' lang='lat' dir='ltr'>puerum,</span> <span class='ocrx_word' id='word_1_19' title='bbox 867 287 976 315; x_wconf 86' lang='lat' dir='ltr'>mente</span> <span class='ocrx_word' id='word_1_20' title='bbox 1000 284 1239 326; x_wconf 89' lang='lat' dir='ltr'>philosophum,</span> <span class='ocrx_word' id='word_1_21' title='bbox 1263 285 1404 325; x_wconf 87' lang='lat' dir='ltr'>ingenue</span> <span class='ocrx_word' id='word_1_22' title='bbox 1423 283 1578 314; x_wconf 88' lang='lat' dir='ltr'>confiteor</span> <span class='ocrx_word' id='word_1_23' title='bbox 1601 282 1699 313; x_wconf 86' lang='lat' dir='ltr'>animi</span> <span class='ocrx_word' id='word_1_24' title='bbox 1722 280 1831 313; x_wconf 91' lang='lat' dir='ltr'>indole</span> <span class='ocrx_word' id='word_1_25' title='bbox 1855 284 1888 313; x_wconf 87' lang='lat' dir='ltr'>et</span> 
     </span>
     <span class='ocr_line' id='line_1_4' title="bbox 245 333 1888 379; baseline -0.003 -11"><span class='ocrx_word' id='word_1_26' title='bbox 245 338 408 369; x_wconf 82' lang='lat' dir='ltr'>sollertiae</span> <span class='ocrx_word' id='word_1_27' title='bbox 437 337 551 379; x_wconf 87' lang='lat' dir='ltr'>opibus</span> <span class='ocrx_word' id='word_1_28' title='bbox 576 336 626 378; x_wconf 87' lang='lat' dir='ltr'>(ut</span> <span class='ocrx_word' id='word_1_29' title='bbox 651 335 740 367; x_wconf 89' lang='lat' dir='ltr'>vobis</span> <span class='ocrx_word' id='word_1_30' title='bbox 764 336 819 366; x_wconf 86' lang='lat' dir='ltr'>uni</span> <span class='ocrx_word' id='word_1_31' title='bbox 844 335 1036 377; x_wconf 77' lang='lat' dir='ltr'>concedam)</span> <span class='ocrx_word' id='word_1_32' title='bbox 1067 346 1144 378; x_wconf 88' lang='lat' dir='ltr'>prae</span> <span class='ocrx_word' id='word_1_33' title='bbox 1175 335 1314 367; x_wconf 85' lang='lat' dir='ltr'>caeteris</span> <span class='ocrx_word' id='word_1_34' title='bbox 1346 335 1394 366; x_wconf 91' lang='lat' dir='ltr'>sui</span> <span class='ocrx_word' id='word_1_35' title='bbox 1424 335 1496 366; x_wconf 85' lang='lat' dir='ltr'>aevi</span> <span class='ocrx_word' id='word_1_36' title='bbox 1525 333 1714 365; x_wconf 80' lang='lat' dir='ltr'>mortalibus</span> <span class='ocrx_word' id='word_1_37' title='bbox 1738 333 1888 365; x_wconf 80' lang='lat' dir='ltr'><strong>extitisse</strong></span> 
     </span>
     <span class='ocr_line' id='line_1_5' title="bbox 246 383 1890 432; baseline -0.003 -12"><span class='ocrx_word' id='word_1_38' title='bbox 246 390 430 432; x_wconf 83' lang='lat' dir='ltr'>pretiosum.</span> <span class='ocrx_word' id='word_1_39' title='bbox 470 389 512 427; x_wconf 89' lang='lat' dir='ltr'>Is,</span> <span class='ocrx_word' id='word_1_40' title='bbox 538 388 623 430; x_wconf 89' lang='lat' dir='ltr'>quod</span> <span class='ocrx_word' id='word_1_41' title='bbox 641 390 749 418; x_wconf 80' lang='lat' dir='ltr'>vestra</span> <span class='ocrx_word' id='word_1_42' title='bbox 765 387 975 430; x_wconf 78' lang='lat' dir='ltr'>dispositione</span> <span class='ocrx_word' id='word_1_43' title='bbox 993 391 1026 419; x_wconf 91' lang='lat' dir='ltr'>et</span> <span class='ocrx_word' id='word_1_44' title='bbox 1041 387 1102 419; x_wconf 94' lang='lat' dir='ltr'>deo</span> <span class='ocrx_word' id='word_1_45' title='bbox 1120 387 1256 419; x_wconf 89' lang='lat' dir='ltr'>devotus</span> <span class='ocrx_word' id='word_1_46' title='bbox 1273 390 1304 418; x_wconf 93' lang='lat' dir='ltr'>et</span> <span class='ocrx_word' id='word_1_47' title='bbox 1322 387 1418 418; x_wconf 90' lang='lat' dir='ltr'>beato</span> <span class='ocrx_word' id='word_1_48' title='bbox 1435 385 1598 418; x_wconf 89' lang='lat' dir='ltr'>Germano</span> <span class='ocrx_word' id='word_1_49' title='bbox 1623 384 1662 416; x_wconf 88' lang='lat' dir='ltr'>ad</span> <span class='ocrx_word' id='word_1_50' title='bbox 1687 383 1890 416; x_wconf 87' lang='lat' dir='ltr'>educandum</span> 
     </span>
     <span class='ocr_line' id='line_1_6' title="bbox 244 437 1888 478; baseline -0.004 -6"><span class='ocrx_word' id='word_1_51' title='bbox 244 442 351 473; x_wconf 84' lang='lat' dir='ltr'>fuerat</span> <span class='ocrx_word' id='word_1_52' title='bbox 381 441 643 478; x_wconf 89' lang='lat' dir='ltr'>commendatus,</span> <span class='ocrx_word' id='word_1_53' title='bbox 675 442 799 471; x_wconf 77' lang='lat' dir='ltr'>tantum</span> <span class='ocrx_word' id='word_1_54' title='bbox 828 439 1010 471; x_wconf 86' lang='lat' dir='ltr'>devotionis</span> <span class='ocrx_word' id='word_1_55' title='bbox 1041 439 1079 470; x_wconf 86' lang='lat' dir='ltr'>in</span> <span class='ocrx_word' id='word_1_56' title='bbox 1103 442 1268 475; x_wconf 76' lang='lat' dir='ltr'>sanctum,</span> <span class='ocrx_word' id='word_1_57' title='bbox 1304 442 1429 470; x_wconf 89' lang='lat' dir='ltr'>tantum</span> <span class='ocrx_word' id='word_1_58' title='bbox 1459 437 1583 468; x_wconf 87' lang='lat' dir='ltr'>ardoris</span> <span class='ocrx_word' id='word_1_59' title='bbox 1611 437 1643 468; x_wconf 91' lang='lat' dir='ltr'>in</span> <span class='ocrx_word' id='word_1_60' title='bbox 1672 437 1780 468; x_wconf 90' lang='lat' dir='ltr'>locum</span> <span class='ocrx_word' id='word_1_61' title='bbox 1811 446 1888 467; x_wconf 91' lang='lat' dir='ltr'>con-</span> 
     </span>
     <span class='ocr_line' id='line_1_7' title="bbox 245 487 1892 534; baseline -0.003 -11"><span class='ocrx_word' id='word_1_62' title='bbox 245 496 386 534; x_wconf 76' lang='lat' dir='ltr'>ceperat,</span> <span class='ocrx_word' id='word_1_63' title='bbox 411 496 447 523; x_wconf 90' lang='lat' dir='ltr'>ut</span> <span class='ocrx_word' id='word_1_64' title='bbox 470 492 569 523; x_wconf 81' lang='lat' dir='ltr'>vitam</span> <span class='ocrx_word' id='word_1_65' title='bbox 593 491 679 523; x_wconf 85' lang='lat' dir='ltr'>illius</span> <span class='ocrx_word' id='word_1_66' title='bbox 703 502 790 523; x_wconf 88' lang='lat' dir='ltr'>mors</span> <span class='ocrx_word' id='word_1_67' title='bbox 814 491 912 523; x_wconf 85' lang='lat' dir='ltr'>livida</span> <span class='ocrx_word' id='word_1_68' title='bbox 928 492 1019 523; x_wconf 88' lang='lat' dir='ltr'>nobis</span> <span class='ocrx_word' id='word_1_69' title='bbox 1037 492 1151 523; x_wconf 86' lang='lat' dir='ltr'>merito</span> <span class='ocrx_word' id='word_1_70' title='bbox 1168 491 1321 522; x_wconf 89' lang='lat' dir='ltr'>invidisse</span> <span class='ocrx_word' id='word_1_71' title='bbox 1338 493 1476 532; x_wconf 88' lang='lat' dir='ltr'>putetur.</span> <span class='ocrx_word' id='word_1_72' title='bbox 1518 489 1664 530; x_wconf 83' lang='lat' dir='ltr'>Cumque</span> <span class='ocrx_word' id='word_1_73' title='bbox 1686 491 1774 520; x_wconf 87' lang='lat' dir='ltr'>esset</span> <span class='ocrx_word' id='word_1_74' title='bbox 1789 487 1892 519; x_wconf 87' lang='lat' dir='ltr'>divini</span> 
     </span>
     <span class='ocr_line' id='line_1_8' title="bbox 244 539 1891 586; baseline -0.003 -11"><span class='ocrx_word' id='word_1_75' title='bbox 244 555 324 586; x_wconf 87' lang='lat' dir='ltr'>puer</span> <span class='ocrx_word' id='word_1_76' title='bbox 348 544 469 586; x_wconf 87' lang='lat' dir='ltr'>ingenii</span> <span class='ocrx_word' id='word_1_77' title='bbox 494 546 590 585; x_wconf 88' lang='lat' dir='ltr'>atque</span> <span class='ocrx_word' id='word_1_78' title='bbox 614 553 691 585; x_wconf 87' lang='lat' dir='ltr'>erga</span> <span class='ocrx_word' id='word_1_79' title='bbox 715 554 824 574; x_wconf 89' lang='lat' dir='ltr'>rerum</span> <span class='ocrx_word' id='word_1_80' title='bbox 848 543 995 575; x_wconf 88' lang='lat' dir='ltr'>notitiam</span> <span class='ocrx_word' id='word_1_81' title='bbox 1020 554 1145 575; x_wconf 90' lang='lat' dir='ltr'>summe</span> <span class='ocrx_word' id='word_1_82' title='bbox 1164 543 1345 581; x_wconf 87' lang='lat' dir='ltr'>studiosus,</span> <span class='ocrx_word' id='word_1_83' title='bbox 1370 541 1503 583; x_wconf 86' lang='lat' dir='ltr'>contigit</span> <span class='ocrx_word' id='word_1_84' title='bbox 1527 551 1601 572; x_wconf 92' lang='lat' dir='ltr'>eum</span> <span class='ocrx_word' id='word_1_85' title='bbox 1625 540 1657 572; x_wconf 92' lang='lat' dir='ltr'>in</span> <span class='ocrx_word' id='word_1_86' title='bbox 1680 550 1746 571; x_wconf 87' lang='lat' dir='ltr'>una</span> <span class='ocrx_word' id='word_1_87' title='bbox 1768 539 1891 571; x_wconf 88' lang='lat' dir='ltr'>dierum</span> 
     </span>
     <span class='ocr_line' id='line_1_9' title="bbox 245 592 1892 637; baseline -0.003 -11"><span class='ocrx_word' id='word_1_88' title='bbox 245 596 317 626; x_wconf 89' lang='lat' dir='ltr'>libri</span> <span class='ocrx_word' id='word_1_89' title='bbox 342 595 509 627; x_wconf 90' lang='lat' dir='ltr'>cuiusdam</span> <span class='ocrx_word' id='word_1_90' title='bbox 538 596 670 637; x_wconf 88' lang='lat' dir='ltr'>paenita</span> <span class='ocrx_word' id='word_1_91' title='bbox 696 598 957 637; x_wconf 80' lang='lat' dir='ltr'>perscrutantem</span> <span class='ocrx_word' id='word_1_92' title='bbox 990 595 1137 636; x_wconf 87' lang='lat' dir='ltr'>geminas</span> <span class='ocrx_word' id='word_1_93' title='bbox 1170 595 1326 637; x_wconf 81' lang='lat' dir='ltr'>epistolas</span> <span class='ocrx_word' id='word_1_94' title='bbox 1358 593 1548 625; x_wconf 81' lang='lat' dir='ltr'>offendisse:</span> <span class='ocrx_word' id='word_1_95' title='bbox 1584 593 1617 623; x_wconf 91' lang='lat' dir='ltr'>in</span> <span class='ocrx_word' id='word_1_96' title='bbox 1647 592 1752 623; x_wconf 86' lang='lat' dir='ltr'>altera</span> <span class='ocrx_word' id='word_1_97' title='bbox 1781 601 1892 623; x_wconf 91' lang='lat' dir='ltr'>earum</span> 
     </span>
     <span class='ocr_line' id='line_1_10' title="bbox 244 643 1891 688; baseline -0.002 -10"><span class='ocrx_word' id='word_1_98' title='bbox 244 647 468 678; x_wconf 85' lang='lat' dir='ltr'>sanctissimus</span> <span class='ocrx_word' id='word_1_99' title='bbox 482 647 659 685; x_wconf 77' lang='lat' dir='ltr'>Aunarius,</span> <span class='ocrx_word' id='word_1_100' title='bbox 677 650 789 678; x_wconf 80' lang='lat' dir='ltr'>sextus</span> <span class='ocrx_word' id='word_1_101' title='bbox 802 651 876 688; x_wconf 90' lang='lat' dir='ltr'>post</span> <span class='ocrx_word' id='word_1_102' title='bbox 892 646 1025 678; x_wconf 89' lang='lat' dir='ltr'>beatum</span> <span class='ocrx_word' id='word_1_103' title='bbox 1037 646 1237 678; x_wconf 84' lang='lat' dir='ltr'>Germanum</span> <span class='ocrx_word' id='word_1_104' title='bbox 1255 645 1476 677; x_wconf 86' lang='lat' dir='ltr'>Autissioderi</span> <span class='ocrx_word' id='word_1_105' title='bbox 1498 644 1671 686; x_wconf 86' lang='lat' dir='ltr'>episcopus</span> <span class='ocrx_word' id='word_1_106' title='bbox 1688 643 1891 685; x_wconf 83' lang='lat' dir='ltr'>Stephanum</span> 
     </span>
     <span class='ocr_line' id='line_1_11' title="bbox 245 694 1892 740; baseline -0.002 -11"><span class='ocrx_word' id='word_1_107' title='bbox 245 699 435 730; x_wconf 86' lang='lat' dir='ltr'>Africanum</span> <span class='ocrx_word' id='word_1_108' title='bbox 466 699 698 740; x_wconf 89' lang='lat' dir='ltr'>presbiterum,</span> <span class='ocrx_word' id='word_1_109' title='bbox 730 702 765 729; x_wconf 92' lang='lat' dir='ltr'>ut</span> <span class='ocrx_word' id='word_1_110' title='bbox 798 699 898 730; x_wconf 87' lang='lat' dir='ltr'>vitam</span> <span class='ocrx_word' id='word_1_111' title='bbox 929 698 1078 730; x_wconf 85' lang='lat' dir='ltr'>eiusdem</span> <span class='ocrx_word' id='word_1_112' title='bbox 1106 698 1302 730; x_wconf 83' lang='lat' dir='ltr'>sanctissimi</span> <span class='ocrx_word' id='word_1_113' title='bbox 1329 697 1430 740; x_wconf 86' lang='lat' dir='ltr'>patris</span> <span class='ocrx_word' id='word_1_114' title='bbox 1454 696 1554 728; x_wconf 85' lang='lat' dir='ltr'>nostri</span> <span class='ocrx_word' id='word_1_115' title='bbox 1578 695 1733 726; x_wconf 83' lang='lat' dir='ltr'>Germani</span> <span class='ocrx_word' id='word_1_116' title='bbox 1756 694 1892 726; x_wconf 89' lang='lat' dir='ltr'>metrica</span> 
     </span>
     <span class='ocr_line' id='line_1_12' title="bbox 244 747 1891 792; baseline -0.002 -11"><span class='ocrx_word' id='word_1_117' title='bbox 244 751 368 781; x_wconf 86' lang='lat' dir='ltr'>ratione</span> <span class='ocrx_word' id='word_1_118' title='bbox 392 750 564 791; x_wconf 77' lang='lat' dir='ltr'>digereret,</span> <span class='ocrx_word' id='word_1_119' title='bbox 589 750 742 792; x_wconf 83' lang='lat' dir='ltr'>precibus</span> <span class='ocrx_word' id='word_1_120' title='bbox 765 750 948 787; x_wconf 87' lang='lat' dir='ltr'>ambiebat;</span> <span class='ocrx_word' id='word_1_121' title='bbox 977 750 1009 781; x_wconf 90' lang='lat' dir='ltr'>in</span> <span class='ocrx_word' id='word_1_122' title='bbox 1034 750 1137 781; x_wconf 87' lang='lat' dir='ltr'>altera</span> <span class='ocrx_word' id='word_1_123' title='bbox 1160 750 1245 782; x_wconf 91' lang='lat' dir='ltr'>idem</span> <span class='ocrx_word' id='word_1_124' title='bbox 1274 749 1459 791; x_wconf 81' lang='lat' dir='ltr'>Stephanus</span> <span class='ocrx_word' id='word_1_125' title='bbox 1483 747 1630 790; x_wconf 83' lang='lat' dir='ltr'>praefato</span> <span class='ocrx_word' id='word_1_126' title='bbox 1654 757 1688 778; x_wconf 91' lang='lat' dir='ltr'>se</span> <span class='ocrx_word' id='word_1_127' title='bbox 1713 747 1891 789; x_wconf 89' lang='lat' dir='ltr'>pariturum</span> 
     </span>
     <span class='ocr_line' id='line_1_13' title="bbox 245 798 1893 844; baseline -0.002 -12"><span class='ocrx_word' id='word_1_128' title='bbox 245 802 387 844; x_wconf 86' lang='lat' dir='ltr'>pontifici</span> <span class='ocrx_word' id='word_1_129' title='bbox 413 812 454 832; x_wconf 89' lang='lat' dir='ltr'>ex</span> <span class='ocrx_word' id='word_1_130' title='bbox 478 802 637 844; x_wconf 87' lang='lat' dir='ltr'>rescripto</span> <span class='ocrx_word' id='word_1_131' title='bbox 665 801 879 843; x_wconf 86' lang='lat' dir='ltr'>significabat.</span> <span class='ocrx_word' id='word_1_132' title='bbox 926 801 1072 837; x_wconf 85' lang='lat' dir='ltr'>Quarum</span> <span class='ocrx_word' id='word_1_133' title='bbox 1103 802 1238 833; x_wconf 87' lang='lat' dir='ltr'>formam</span> <span class='ocrx_word' id='word_1_134' title='bbox 1269 801 1479 843; x_wconf 86' lang='lat' dir='ltr'>epistolarum</span> <span class='ocrx_word' id='word_1_135' title='bbox 1510 799 1562 830; x_wconf 88' lang='lat' dir='ltr'>hic</span> <span class='ocrx_word' id='word_1_136' title='bbox 1590 809 1718 840; x_wconf 92' lang='lat' dir='ltr'>quoque</span> <span class='ocrx_word' id='word_1_137' title='bbox 1741 798 1893 830; x_wconf 84' lang='lat' dir='ltr'>interseri</span> 
     </span>
     <span class='ocr_line' id='line_1_14' title="bbox 245 850 1891 895; baseline -0.002 -11"><span class='ocrx_word' id='word_1_138' title='bbox 245 854 401 884; x_wconf 89' lang='lat' dir='ltr'>obtimum</span> <span class='ocrx_word' id='word_1_139' title='bbox 426 853 515 884; x_wconf 88' lang='lat' dir='ltr'>factu</span> <span class='ocrx_word' id='word_1_140' title='bbox 541 853 699 891; x_wconf 84' lang='lat' dir='ltr'>iudicavi,</span> <span class='ocrx_word' id='word_1_141' title='bbox 728 857 764 884; x_wconf 85' lang='lat' dir='ltr'>ut</span> <span class='ocrx_word' id='word_1_142' title='bbox 792 853 873 885; x_wconf 88' lang='lat' dir='ltr'>ratio</span> <span class='ocrx_word' id='word_1_143' title='bbox 904 853 1001 895; x_wconf 86' lang='lat' dir='ltr'>regiis</span> <span class='ocrx_word' id='word_1_144' title='bbox 1029 853 1161 885; x_wconf 89' lang='lat' dir='ltr'>auribus</span> <span class='ocrx_word' id='word_1_145' title='bbox 1185 852 1378 884; x_wconf 85' lang='lat' dir='ltr'>insinuanda</span> <span class='ocrx_word' id='word_1_146' title='bbox 1401 862 1530 883; x_wconf 90' lang='lat' dir='ltr'>omnem</span> <span class='ocrx_word' id='word_1_147' title='bbox 1556 850 1776 892; x_wconf 83' lang='lat' dir='ltr'>ambiguitatis</span> <span class='ocrx_word' id='word_1_148' title='bbox 1801 860 1891 881; x_wconf 88' lang='lat' dir='ltr'>scru-</span> 
     </span>
     <span class='ocr_line' id='line_1_15' title="bbox 245 905 657 948; baseline -0.002 -12"><span class='ocrx_word' id='word_1_149' title='bbox 245 906 356 948; x_wconf 89' lang='lat' dir='ltr'>pulum</span> <span class='ocrx_word' id='word_1_150' title='bbox 381 905 489 936; x_wconf 88' lang='lat' dir='ltr'>valeat</span> <span class='ocrx_word' id='word_1_151' title='bbox 513 905 657 936; x_wconf 89' lang='lat' dir='ltr'>eluctari.</span> 
     </span>
    </p>

    <p class='ocr_par' dir='ltr' id='par_1_3' title="bbox 242 951 1898 1868">
     <span class='ocr_line' id='line_1_16' title="bbox 348 951 1893 988; baseline -0.003 -1"><span class='ocrx_word' id='word_1_152' title='bbox 348 956 572 988; x_wconf 84' lang='lat' dir='ltr'><strong>EPISTULA</strong></span> <span class='ocrx_word' id='word_1_153' title='bbox 595 955 790 988; x_wconf 87' lang='lat' dir='ltr'><strong>AUNARII</strong></span> <span class='ocrx_word' id='word_1_154' title='bbox 814 956 1022 988; x_wconf 84' lang='lat' dir='ltr'>EPISCOPI</span> <span class='ocrx_word' id='word_1_155' title='bbox 1054 956 1117 988; x_wconf 91' lang='lat' dir='ltr'>AD</span> <span class='ocrx_word' id='word_1_156' title='bbox 1147 955 1425 988; x_wconf 82' lang='lat' dir='ltr'>STEPHANUM</span> <span class='ocrx_word' id='word_1_157' title='bbox 1449 952 1766 986; x_wconf 84' lang='lat' dir='ltr'>PRESBITERUM</span> <span class='ocrx_word' id='word_1_158' title='bbox 1790 951 1893 984; x_wconf 87' lang='lat' dir='ltr'><strong>PRO·</strong></span> 
     </span>
     <span class='ocr_line' id='line_1_17' title="bbox 245 1004 1893 1050; baseline -0.002 -11"><span class='ocrx_word' id='word_1_159' title='bbox 245 1007 431 1039; x_wconf 86' lang='lat' dir='ltr'>VINTIAE</span> <span class='ocrx_word' id='word_1_160' title='bbox 462 1007 669 1039; x_wconf 84' lang='lat' dir='ltr'>AFRICAE.</span> <span class='ocrx_word' id='word_1_161' title='bbox 725 1008 974 1047; x_wconf 81' lang='lat' dir='ltr'>„Dilectissimo</span> <span class='ocrx_word' id='word_1_162' title='bbox 1007 1011 1104 1050; x_wconf 85' lang='lat' dir='ltr'>atque</span> <span class='ocrx_word' id='word_1_163' title='bbox 1134 1008 1355 1039; x_wconf 84' lang='lat' dir='ltr'>amantissimo</span> <span class='ocrx_word' id='word_1_164' title='bbox 1385 1011 1418 1038; x_wconf 86' lang='lat' dir='ltr'>et</span> <span class='ocrx_word' id='word_1_165' title='bbox 1452 1007 1598 1038; x_wconf 87' lang='lat' dir='ltr'>internae</span> <span class='ocrx_word' id='word_1_166' title='bbox 1633 1005 1730 1036; x_wconf 89' lang='lat' dir='ltr'>michi</span> <span class='ocrx_word' id='word_1_167' title='bbox 1765 1004 1893 1036; x_wconf 89' lang='lat' dir='ltr'>vinculo</span> 
     </span>
     <span class='ocr_line' id='line_1_18' title="bbox 246 1055 1895 1102; baseline -0.003 -11"><span class='ocrx_word' id='word_1_168' title='bbox 246 1061 389 1091; x_wconf 82' lang='lat' dir='ltr'>caritatis</span> <span class='ocrx_word' id='word_1_169' title='bbox 422 1069 546 1091; x_wconf 85' lang='lat' dir='ltr'>conexo</span> <span class='ocrx_word' id='word_1_170' title='bbox 577 1060 666 1091; x_wconf 83' lang='lat' dir='ltr'>fratri</span> <span class='ocrx_word' id='word_1_171' title='bbox 692 1060 860 1102; x_wconf 86' lang='lat' dir='ltr'>Stephano</span> <span class='ocrx_word' id='word_1_172' title='bbox 887 1060 1068 1102; x_wconf 87' lang='lat' dir='ltr'>presbitero</span> <span class='ocrx_word' id='word_1_173' title='bbox 1092 1060 1258 1091; x_wconf 88' lang='lat' dir='ltr'>Aunarius</span> <span class='ocrx_word' id='word_1_174' title='bbox 1289 1059 1396 1101; x_wconf 84' lang='lat' dir='ltr'>gratia</span> <span class='ocrx_word' id='word_1_175' title='bbox 1423 1058 1476 1090; x_wconf 89' lang='lat' dir='ltr'>dei</span> <span class='ocrx_word' id='word_1_176' title='bbox 1503 1058 1672 1100; x_wconf 84' lang='lat' dir='ltr'>episcopus</span> <span class='ocrx_word' id='word_1_177' title='bbox 1702 1057 1734 1087; x_wconf 92' lang='lat' dir='ltr'>in</span> <span class='ocrx_word' id='word_1_178' title='bbox 1765 1055 1895 1087; x_wconf 88' lang='lat' dir='ltr'>domino</span> 
     </span>
     <span class='ocr_line' id='line_1_19' title="bbox 245 1107 1897 1153; baseline -0.002 -10"><span class='ocrx_word' id='word_1_179' title='bbox 245 1116 410 1143; x_wconf 82' lang='lat' dir='ltr'>aeternam</span> <span class='ocrx_word' id='word_1_180' title='bbox 428 1112 579 1144; x_wconf 86' lang='lat' dir='ltr'>salutem.</span> <span class='ocrx_word' id='word_1_181' title='bbox 617 1111 708 1143; x_wconf 86' lang='lat' dir='ltr'>Tuae</span> <span class='ocrx_word' id='word_1_182' title='bbox 731 1112 829 1143; x_wconf 88' lang='lat' dir='ltr'>nobis</span> <span class='ocrx_word' id='word_1_183' title='bbox 847 1111 1015 1143; x_wconf 84' lang='lat' dir='ltr'>doctrinae</span> <span class='ocrx_word' id='word_1_184' title='bbox 1040 1112 1151 1143; x_wconf 87' lang='lat' dir='ltr'>multis</span> <span class='ocrx_word' id='word_1_185' title='bbox 1177 1111 1239 1142; x_wconf 88' lang='lat' dir='ltr'>iam</span> <span class='ocrx_word' id='word_1_186' title='bbox 1264 1110 1499 1153; x_wconf 81' lang='lat' dir='ltr'>experimentis</span> <span class='ocrx_word' id='word_1_187' title='bbox 1522 1109 1700 1151; x_wconf 85' lang='lat' dir='ltr'>adprobata</span> <span class='ocrx_word' id='word_1_188' title='bbox 1723 1107 1897 1150; x_wconf 82' lang='lat' dir='ltr'>prudentia</span> 
     </span>
     <span class='ocr_line' id='line_1_20' title="bbox 245 1159 1895 1205; baseline -0.002 -11"><span class='ocrx_word' id='word_1_189' title='bbox 245 1163 401 1205; x_wconf 86' lang='lat' dir='ltr'>compulit</span> <span class='ocrx_word' id='word_1_190' title='bbox 425 1173 484 1194; x_wconf 88' lang='lat' dir='ltr'>nos</span> <span class='ocrx_word' id='word_1_191' title='bbox 517 1163 679 1205; x_wconf 88' lang='lat' dir='ltr'>quandam</span> <span class='ocrx_word' id='word_1_192' title='bbox 712 1164 777 1195; x_wconf 89' lang='lat' dir='ltr'>tuis</span> <span class='ocrx_word' id='word_1_193' title='bbox 809 1164 955 1195; x_wconf 90' lang='lat' dir='ltr'>humeris</span> <span class='ocrx_word' id='word_1_194' title='bbox 985 1163 1194 1205; x_wconf 85' lang='lat' dir='ltr'>imperiosam</span> <span class='ocrx_word' id='word_1_195' title='bbox 1225 1172 1445 1205; x_wconf 89' lang='lat' dir='ltr'>superponere</span> <span class='ocrx_word' id='word_1_196' title='bbox 1477 1161 1692 1195; x_wconf 83' lang='lat' dir='ltr'>sarcinulam;</span> <span class='ocrx_word' id='word_1_197' title='bbox 1723 1159 1781 1191; x_wconf 87' lang='lat' dir='ltr'>sed</span> <span class='ocrx_word' id='word_1_198' title='bbox 1812 1170 1895 1199; x_wconf 85' lang='lat' dir='ltr'>eam,</span> 
     </span>
     <span class='ocr_line' id='line_1_21' title="bbox 245 1210 1894 1258; baseline -0.003 -11"><span class='ocrx_word' id='word_1_199' title='bbox 245 1226 328 1257; x_wconf 84' lang='lat' dir='ltr'>quae</span> <span class='ocrx_word' id='word_1_200' title='bbox 353 1216 412 1247; x_wconf 89' lang='lat' dir='ltr'>tibi</span> <span class='ocrx_word' id='word_1_201' title='bbox 437 1226 501 1247; x_wconf 91' lang='lat' dir='ltr'>non</span> <span class='ocrx_word' id='word_1_202' title='bbox 526 1216 567 1246; x_wconf 89' lang='lat' dir='ltr'>sit</span> <span class='ocrx_word' id='word_1_203' title='bbox 590 1217 708 1254; x_wconf 88' lang='lat' dir='ltr'>oneris,</span> <span class='ocrx_word' id='word_1_204' title='bbox 733 1216 791 1248; x_wconf 88' lang='lat' dir='ltr'>sed</span> <span class='ocrx_word' id='word_1_205' title='bbox 814 1216 964 1252; x_wconf 84' lang='lat' dir='ltr'>honoris;</span> <span class='ocrx_word' id='word_1_206' title='bbox 990 1226 1050 1247; x_wconf 85' lang='lat' dir='ltr'>nec</span> <span class='ocrx_word' id='word_1_207' title='bbox 1078 1225 1161 1258; x_wconf 86' lang='lat' dir='ltr'>quae</span> <span class='ocrx_word' id='word_1_208' title='bbox 1186 1214 1338 1246; x_wconf 88' lang='lat' dir='ltr'>deorsum</span> <span class='ocrx_word' id='word_1_209' title='bbox 1361 1214 1471 1256; x_wconf 90' lang='lat' dir='ltr'>iniquo</span> <span class='ocrx_word' id='word_1_210' title='bbox 1495 1212 1639 1256; x_wconf 89' lang='lat' dir='ltr'>pondere</span> <span class='ocrx_word' id='word_1_211' title='bbox 1662 1214 1804 1254; x_wconf 86' lang='lat' dir='ltr'>premat,</span> <span class='ocrx_word' id='word_1_212' title='bbox 1835 1210 1894 1243; x_wconf 87' lang='lat' dir='ltr'>sed</span> 
     </span>
     <span class='ocr_line' id='line_1_22' title="bbox 245 1263 1898 1310; baseline -0.003 -11"><span class='ocrx_word' id='word_1_213' title='bbox 245 1278 328 1309; x_wconf 83' lang='lat' dir='ltr'>quae</span> <span class='ocrx_word' id='word_1_214' title='bbox 359 1268 466 1310; x_wconf 87' lang='lat' dir='ltr'>potius</span> <span class='ocrx_word' id='word_1_215' title='bbox 499 1268 625 1299; x_wconf 90' lang='lat' dir='ltr'>coelum</span> <span class='ocrx_word' id='word_1_216' title='bbox 655 1279 759 1310; x_wconf 84' lang='lat' dir='ltr'>usque</span> <span class='ocrx_word' id='word_1_217' title='bbox 788 1268 948 1299; x_wconf 86' lang='lat' dir='ltr'>sustollat.</span> <span class='ocrx_word' id='word_1_218' title='bbox 1001 1267 1175 1309; x_wconf 83' lang='lat' dir='ltr'>Cognitum</span> <span class='ocrx_word' id='word_1_219' title='bbox 1205 1267 1264 1298; x_wconf 90' lang='lat' dir='ltr'>tibi</span> <span class='ocrx_word' id='word_1_220' title='bbox 1297 1269 1360 1305; x_wconf 90' lang='lat' dir='ltr'>est,</span> <span class='ocrx_word' id='word_1_221' title='bbox 1389 1265 1560 1297; x_wconf 87' lang='lat' dir='ltr'>karissime</span> <span class='ocrx_word' id='word_1_222' title='bbox 1591 1264 1709 1303; x_wconf 89' lang='lat' dir='ltr'>frater,</span> <span class='ocrx_word' id='word_1_223' title='bbox 1742 1273 1826 1305; x_wconf 87' lang='lat' dir='ltr'>quae</span> <span class='ocrx_word' id='word_1_224' title='bbox 1855 1263 1898 1295; x_wconf 88' lang='lat' dir='ltr'>sit</span> 
     </span>
     <span class='ocr_line' id='line_1_23' title="bbox 245 1315 1895 1362; baseline -0.003 -12"><span class='ocrx_word' id='word_1_225' title='bbox 245 1320 457 1351; x_wconf 84' lang='lat' dir='ltr'>humanarum</span> <span class='ocrx_word' id='word_1_226' title='bbox 481 1320 639 1351; x_wconf 89' lang='lat' dir='ltr'>mentium</span> <span class='ocrx_word' id='word_1_227' title='bbox 663 1320 836 1352; x_wconf 87' lang='lat' dir='ltr'>diversitas</span> <span class='ocrx_word' id='word_1_228' title='bbox 861 1323 895 1351; x_wconf 86' lang='lat' dir='ltr'>et</span> <span class='ocrx_word' id='word_1_229' title='bbox 917 1319 1191 1362; x_wconf 86' lang='lat' dir='ltr'>quemadmodum</span> <span class='ocrx_word' id='word_1_230' title='bbox 1216 1318 1324 1350; x_wconf 90' lang='lat' dir='ltr'>studia</span> <span class='ocrx_word' id='word_1_231' title='bbox 1348 1319 1379 1349; x_wconf 93' lang='lat' dir='ltr'>in</span> <span class='ocrx_word' id='word_1_232' title='bbox 1406 1317 1566 1348; x_wconf 88' lang='lat' dir='ltr'>contraria</span> <span class='ocrx_word' id='word_1_233' title='bbox 1584 1326 1649 1347; x_wconf 93' lang='lat' dir='ltr'>non</span> <span class='ocrx_word' id='word_1_234' title='bbox 1673 1315 1775 1346; x_wconf 91' lang='lat' dir='ltr'>solum</span> <span class='ocrx_word' id='word_1_235' title='bbox 1798 1315 1895 1346; x_wconf 84' lang='lat' dir='ltr'>inane</span> 
     </span>
     <span class='ocr_line' id='line_1_24' title="bbox 246 1367 1895 1413; baseline -0.003 -11"><span class='ocrx_word' id='word_1_236' title='bbox 246 1372 377 1412; x_wconf 88' lang='lat' dir='ltr'>vulgus,</span> <span class='ocrx_word' id='word_1_237' title='bbox 403 1382 513 1403; x_wconf 88' lang='lat' dir='ltr'>verum</span> <span class='ocrx_word' id='word_1_238' title='bbox 539 1371 638 1403; x_wconf 88' lang='lat' dir='ltr'>etiam</span> <span class='ocrx_word' id='word_1_239' title='bbox 664 1373 819 1404; x_wconf 87' lang='lat' dir='ltr'>universa</span> <span class='ocrx_word' id='word_1_240' title='bbox 843 1372 1009 1404; x_wconf 87' lang='lat' dir='ltr'>scindatur</span> <span class='ocrx_word' id='word_1_241' title='bbox 1029 1372 1195 1404; x_wconf 86' lang='lat' dir='ltr'>nobilitas.</span> <span class='ocrx_word' id='word_1_242' title='bbox 1240 1371 1283 1402; x_wconf 89' lang='lat' dir='ltr'>Et</span> <span class='ocrx_word' id='word_1_243' title='bbox 1307 1370 1437 1413; x_wconf 83' lang='lat' dir='ltr'>quidam</span> <span class='ocrx_word' id='word_1_244' title='bbox 1461 1369 1592 1411; x_wconf 87' lang='lat' dir='ltr'>quidem</span> <span class='ocrx_word' id='word_1_245' title='bbox 1617 1368 1763 1411; x_wconf 89' lang='lat' dir='ltr'>prosaico</span> <span class='ocrx_word' id='word_1_246' title='bbox 1786 1367 1895 1398; x_wconf 89' lang='lat' dir='ltr'>oblec-</span> 
     </span>
     <span class='ocr_line' id='line_1_25' title="bbox 244 1419 1895 1464; baseline -0.002 -10"><span class='ocrx_word' id='word_1_247' title='bbox 244 1426 352 1454; x_wconf 87' lang='lat' dir='ltr'>tantur</span> <span class='ocrx_word' id='word_1_248' title='bbox 369 1423 453 1456; x_wconf 83' lang='lat' dir='ltr'>stilo.</span> <span class='ocrx_word' id='word_1_249' title='bbox 477 1423 607 1464; x_wconf 88' lang='lat' dir='ltr'>quidam</span> <span class='ocrx_word' id='word_1_250' title='bbox 630 1427 740 1455; x_wconf 88' lang='lat' dir='ltr'>autem</span> <span class='ocrx_word' id='word_1_251' title='bbox 763 1424 909 1455; x_wconf 88' lang='lat' dir='ltr'>numeris</span> <span class='ocrx_word' id='word_1_252' title='bbox 935 1433 968 1454; x_wconf 89' lang='lat' dir='ltr'>se</span> <span class='ocrx_word' id='word_1_253' title='bbox 985 1423 1155 1454; x_wconf 89' lang='lat' dir='ltr'>rithmisve</span> <span class='ocrx_word' id='word_1_254' title='bbox 1177 1433 1215 1454; x_wconf 90' lang='lat' dir='ltr'>ac</span> <span class='ocrx_word' id='word_1_255' title='bbox 1232 1422 1380 1454; x_wconf 87' lang='lat' dir='ltr'>cantibus</span> <span class='ocrx_word' id='word_1_256' title='bbox 1397 1431 1549 1453; x_wconf 89' lang='lat' dir='ltr'>versuum</span> <span class='ocrx_word' id='word_1_257' title='bbox 1566 1420 1723 1451; x_wconf 87' lang='lat' dir='ltr'>delectari</span> <span class='ocrx_word' id='word_1_258' title='bbox 1740 1419 1895 1451; x_wconf 82' lang='lat' dir='ltr'>fatentur.</span> 
     </span>
     <span class='ocr_line' id='line_1_26' title="bbox 243 1470 1894 1517; baseline -0.003 -11"><span class='ocrx_word' id='word_1_259' title='bbox 243 1474 330 1517; x_wconf 79' lang='lat' dir='ltr'>Ergo</span> <span class='ocrx_word' id='word_1_260' title='bbox 354 1479 390 1506; x_wconf 92' lang='lat' dir='ltr'>ut</span> <span class='ocrx_word' id='word_1_261' title='bbox 413 1475 555 1506; x_wconf 91' lang='lat' dir='ltr'>omnium</span> <span class='ocrx_word' id='word_1_262' title='bbox 579 1475 662 1506; x_wconf 89' lang='lat' dir='ltr'>votis</span> <span class='ocrx_word' id='word_1_263' title='bbox 687 1485 894 1506; x_wconf 90' lang='lat' dir='ltr'>occurrerem</span> <span class='ocrx_word' id='word_1_264' title='bbox 918 1477 951 1506; x_wconf 90' lang='lat' dir='ltr'>et</span> <span class='ocrx_word' id='word_1_265' title='bbox 974 1474 1082 1506; x_wconf 88' lang='lat' dir='ltr'>nullus</span> <span class='ocrx_word' id='word_1_266' title='bbox 1113 1484 1171 1505; x_wconf 89' lang='lat' dir='ltr'>suo</span> <span class='ocrx_word' id='word_1_267' title='bbox 1200 1473 1361 1505; x_wconf 88' lang='lat' dir='ltr'>desiderio</span> <span class='ocrx_word' id='word_1_268' title='bbox 1389 1471 1610 1510; x_wconf 86' lang='lat' dir='ltr'>fraudaretur,</span> <span class='ocrx_word' id='word_1_269' title='bbox 1639 1470 1762 1513; x_wconf 82' lang='lat' dir='ltr'>placuit</span> <span class='ocrx_word' id='word_1_270' title='bbox 1785 1470 1894 1510; x_wconf 88' lang='lat' dir='ltr'>michi,</span> 
     </span>
     <span class='ocr_line' id='line_1_27' title="bbox 242 1522 1897 1569; baseline -0.003 -11"><span class='ocrx_word' id='word_1_271' title='bbox 242 1530 278 1558; x_wconf 89' lang='lat' dir='ltr'>ut</span> <span class='ocrx_word' id='word_1_272' title='bbox 303 1527 385 1558; x_wconf 89' lang='lat' dir='ltr'>vitas</span> <span class='ocrx_word' id='word_1_273' title='bbox 410 1527 670 1558; x_wconf 88' lang='lat' dir='ltr'>beatissimorum</span> <span class='ocrx_word' id='word_1_274' title='bbox 697 1527 923 1569; x_wconf 85' lang='lat' dir='ltr'>professorum</span> <span class='ocrx_word' id='word_1_275' title='bbox 951 1525 1110 1568; x_wconf 89' lang='lat' dir='ltr'>quasdam</span> <span class='ocrx_word' id='word_1_276' title='bbox 1133 1525 1217 1568; x_wconf 89' lang='lat' dir='ltr'>pede</span> <span class='ocrx_word' id='word_1_277' title='bbox 1246 1525 1349 1556; x_wconf 91' lang='lat' dir='ltr'>libero</span> <span class='ocrx_word' id='word_1_278' title='bbox 1373 1523 1608 1562; x_wconf 85' lang='lat' dir='ltr'>describerem,</span> <span class='ocrx_word' id='word_1_279' title='bbox 1639 1522 1795 1564; x_wconf 87' lang='lat' dir='ltr'>quasdam</span> <span class='ocrx_word' id='word_1_280' title='bbox 1820 1532 1897 1554; x_wconf 89' lang='lat' dir='ltr'>vero</span> 
     </span>
     <span class='ocr_line' id='line_1_28' title="bbox 244 1574 1897 1621; baseline -0.003 -11"><span class='ocrx_word' id='word_1_281' title='bbox 244 1579 317 1620; x_wconf 90' lang='lat' dir='ltr'>lege</span> <span class='ocrx_word' id='word_1_282' title='bbox 342 1579 476 1610; x_wconf 90' lang='lat' dir='ltr'>metrica</span> <span class='ocrx_word' id='word_1_283' title='bbox 499 1579 671 1621; x_wconf 87' lang='lat' dir='ltr'>impeditas</span> <span class='ocrx_word' id='word_1_284' title='bbox 696 1578 889 1620; x_wconf 87' lang='lat' dir='ltr'>digererem.</span> <span class='ocrx_word' id='word_1_285' title='bbox 927 1577 977 1609; x_wconf 93' lang='lat' dir='ltr'>Ob</span> <span class='ocrx_word' id='word_1_286' title='bbox 996 1588 1094 1620; x_wconf 89' lang='lat' dir='ltr'>quam</span> <span class='ocrx_word' id='word_1_287' title='bbox 1110 1588 1179 1609; x_wconf 89' lang='lat' dir='ltr'>rem</span> <span class='ocrx_word' id='word_1_288' title='bbox 1196 1577 1331 1608; x_wconf 88' lang='lat' dir='ltr'>obsecro</span> <span class='ocrx_word' id='word_1_289' title='bbox 1349 1576 1473 1607; x_wconf 89' lang='lat' dir='ltr'>unitam</span> <span class='ocrx_word' id='word_1_290' title='bbox 1490 1575 1588 1606; x_wconf 90' lang='lat' dir='ltr'>michi</span> <span class='ocrx_word' id='word_1_291' title='bbox 1611 1578 1688 1606; x_wconf 90' lang='lat' dir='ltr'>tuae</span> <span class='ocrx_word' id='word_1_292' title='bbox 1713 1574 1897 1606; x_wconf 85' lang='lat' dir='ltr'>dilectionis</span> 
     </span>
     <span class='ocr_line' id='line_1_29' title="bbox 244 1627 1897 1672; baseline -0.002 -12"><span class='ocrx_word' id='word_1_293' title='bbox 244 1630 436 1669; x_wconf 75' lang='lat' dir='ltr'>amicitiam,</span> <span class='ocrx_word' id='word_1_294' title='bbox 465 1634 500 1661; x_wconf 92' lang='lat' dir='ltr'>ut</span> <span class='ocrx_word' id='word_1_295' title='bbox 529 1630 711 1662; x_wconf 86' lang='lat' dir='ltr'>beatissimi</span> <span class='ocrx_word' id='word_1_296' title='bbox 735 1629 894 1661; x_wconf 82' lang='lat' dir='ltr'>Germani</span> <span class='ocrx_word' id='word_1_297' title='bbox 930 1629 1074 1672; x_wconf 87' lang='lat' dir='ltr'>episcopi</span> <span class='ocrx_word' id='word_1_298' title='bbox 1107 1630 1207 1660; x_wconf 86' lang='lat' dir='ltr'>vitam</span> <span class='ocrx_word' id='word_1_299' title='bbox 1236 1629 1269 1660; x_wconf 93' lang='lat' dir='ltr'>in</span> <span class='ocrx_word' id='word_1_300' title='bbox 1296 1638 1447 1660; x_wconf 86' lang='lat' dir='ltr'>versuum</span> <span class='ocrx_word' id='word_1_301' title='bbox 1477 1627 1666 1669; x_wconf 84' lang='lat' dir='ltr'>qualitatem</span> <span class='ocrx_word' id='word_1_302' title='bbox 1698 1629 1897 1667; x_wconf 78' lang='lat' dir='ltr'>commutare</span> 
     </span>
     <span class='ocr_line' id='line_1_30' title="bbox 244 1679 1898 1724; baseline -0.003 -11"><span class='ocrx_word' id='word_1_303' title='bbox 244 1692 307 1712; x_wconf 88' lang='lat' dir='ltr'>non</span> <span class='ocrx_word' id='word_1_304' title='bbox 343 1681 497 1720; x_wconf 88' lang='lat' dir='ltr'>desistas,</span> <span class='ocrx_word' id='word_1_305' title='bbox 534 1682 637 1713; x_wconf 88' lang='lat' dir='ltr'>sancti</span> <span class='ocrx_word' id='word_1_306' title='bbox 678 1691 753 1713; x_wconf 90' lang='lat' dir='ltr'>vero</span> <span class='ocrx_word' id='word_1_307' title='bbox 786 1681 954 1713; x_wconf 88' lang='lat' dir='ltr'>Amatoris</span> <span class='ocrx_word' id='word_1_308' title='bbox 990 1682 1140 1724; x_wconf 87' lang='lat' dir='ltr'>prosaica</span> <span class='ocrx_word' id='word_1_309' title='bbox 1174 1680 1394 1712; x_wconf 85' lang='lat' dir='ltr'>modulatione</span> <span class='ocrx_word' id='word_1_310' title='bbox 1430 1679 1612 1711; x_wconf 88' lang='lat' dir='ltr'>describas:</span> <span class='ocrx_word' id='word_1_311' title='bbox 1646 1681 1682 1710; x_wconf 89' lang='lat' dir='ltr'>ut</span> <span class='ocrx_word' id='word_1_312' title='bbox 1717 1681 1898 1710; x_wconf 85' lang='lat' dir='ltr'>sectatores</span> 
     </span>
     <span class='ocr_line' id='line_1_31' title="bbox 244 1729 1898 1776; baseline -0.002 -12"><span class='ocrx_word' id='word_1_313' title='bbox 244 1733 445 1775; x_wconf 87' lang='lat' dir='ltr'>apostolicae</span> <span class='ocrx_word' id='word_1_314' title='bbox 469 1733 724 1776; x_wconf 85' lang='lat' dir='ltr'>praedicationis</span> <span class='ocrx_word' id='word_1_315' title='bbox 751 1733 861 1765; x_wconf 84' lang='lat' dir='ltr'>effecti</span> <span class='ocrx_word' id='word_1_316' title='bbox 885 1733 1034 1765; x_wconf 90' lang='lat' dir='ltr'>omnibus</span> <span class='ocrx_word' id='word_1_317' title='bbox 1052 1733 1161 1764; x_wconf 88' lang='lat' dir='ltr'>omnia</span> <span class='ocrx_word' id='word_1_318' title='bbox 1178 1732 1359 1764; x_wconf 83' lang='lat' dir='ltr'>efficiamur</span> <span class='ocrx_word' id='word_1_319' title='bbox 1375 1734 1408 1763; x_wconf 89' lang='lat' dir='ltr'>et</span> <span class='ocrx_word' id='word_1_320' title='bbox 1425 1731 1505 1762; x_wconf 90' lang='lat' dir='ltr'>nulli</span> <span class='ocrx_word' id='word_1_321' title='bbox 1522 1731 1696 1772; x_wconf 86' lang='lat' dir='ltr'>quicquam</span> <span class='ocrx_word' id='word_1_322' title='bbox 1711 1729 1898 1769; x_wconf 83' lang='lat' dir='ltr'>debeamus,</span> 
     </span>
     <span class='ocr_line' id='line_1_32' title="bbox 244 1780 1895 1828; baseline -0.002 -13"><span class='ocrx_word' id='word_1_323' title='bbox 244 1785 304 1815; x_wconf 91' lang='lat' dir='ltr'>nisi</span> <span class='ocrx_word' id='word_1_324' title='bbox 327 1789 363 1815; x_wconf 92' lang='lat' dir='ltr'>ut</span> <span class='ocrx_word' id='word_1_325' title='bbox 386 1785 526 1817; x_wconf 90' lang='lat' dir='ltr'>invicem</span> <span class='ocrx_word' id='word_1_326' title='bbox 550 1785 734 1828; x_wconf 86' lang='lat' dir='ltr'>diligamus.</span> <span class='ocrx_word' id='word_1_327' title='bbox 773 1784 981 1816; x_wconf 88' lang='lat' dir='ltr'>Individuam</span> <span class='ocrx_word' id='word_1_328' title='bbox 998 1784 1095 1816; x_wconf 91' lang='lat' dir='ltr'>michi</span> <span class='ocrx_word' id='word_1_329' title='bbox 1113 1784 1283 1816; x_wconf 87' lang='lat' dir='ltr'>caritatem</span> <span class='ocrx_word' id='word_1_330' title='bbox 1299 1786 1442 1814; x_wconf 86' lang='lat' dir='ltr'>vestram</span> <span class='ocrx_word' id='word_1_331' title='bbox 1466 1782 1574 1814; x_wconf 88' lang='lat' dir='ltr'>divina</span> <span class='ocrx_word' id='word_1_332' title='bbox 1599 1780 1763 1813; x_wconf 86' lang='lat' dir='ltr'>custodiat</span> <span class='ocrx_word' id='word_1_333' title='bbox 1778 1781 1895 1823; x_wconf 80' lang='lat' dir='ltr'>pietas,</span> 
     </span>
     <span class='ocr_line' id='line_1_33' title="bbox 245 1836 596 1868; baseline 0.003 -1"><span class='ocrx_word' id='word_1_334' title='bbox 245 1836 441 1867; x_wconf 88' lang='lat' dir='ltr'>venerabilis</span> <span class='ocrx_word' id='word_1_335' title='bbox 464 1837 596 1868; x_wconf 41' lang='lat' dir='ltr'>frater&amp;</span> 
     </span>
    </p>

    <p class='ocr_par' dir='ltr' id='par_1_4' title="bbox 244 1884 1897 2501">
     <span class='ocr_line' id='line_1_34' title="bbox 347 1884 1896 1927; baseline -0.003 -7"><span class='ocrx_word' id='word_1_336' title='bbox 347 1887 637 1920; x_wconf 83' lang='lat' dir='ltr'>RESCRIPTUM</span> <span class='ocrx_word' id='word_1_337' title='bbox 659 1888 890 1920; x_wconf 85' lang='lat' dir='ltr'><strong>ANTEFATI</strong></span> <span class='ocrx_word' id='word_1_338' title='bbox 912 1887 1200 1919; x_wconf 77' lang='lat' dir='ltr'>PRESBITERI:</span> <span class='ocrx_word' id='word_1_339' title='bbox 1233 1886 1396 1926; x_wconf 85' lang='lat' dir='ltr'>„Domino</span> <span class='ocrx_word' id='word_1_340' title='bbox 1427 1886 1617 1918; x_wconf 89' lang='lat' dir='ltr'>beatissimo</span> <span class='ocrx_word' id='word_1_341' title='bbox 1649 1888 1682 1916; x_wconf 91' lang='lat' dir='ltr'>et</span> <span class='ocrx_word' id='word_1_342' title='bbox 1704 1884 1896 1927; x_wconf 83' lang='lat' dir='ltr'>apostolicis</span> 
     </span>
     <span class='ocr_line' id='line_1_35' title="bbox 246 1936 1895 1983; baseline -0.002 -12"><span class='ocrx_word' id='word_1_343' title='bbox 246 1940 353 1972; x_wconf 86' lang='lat' dir='ltr'>infulis</span> <span class='ocrx_word' id='word_1_344' title='bbox 382 1940 535 1972; x_wconf 89' lang='lat' dir='ltr'>decorato</span> <span class='ocrx_word' id='word_1_345' title='bbox 559 1942 644 1983; x_wconf 88' lang='lat' dir='ltr'>patri</span> <span class='ocrx_word' id='word_1_346' title='bbox 673 1941 811 1983; x_wconf 89' lang='lat' dir='ltr'>spiritali</span> <span class='ocrx_word' id='word_1_347' title='bbox 834 1940 980 1972; x_wconf 89' lang='lat' dir='ltr'>Aunario</span> <span class='ocrx_word' id='word_1_348' title='bbox 1013 1940 1169 1982; x_wconf 90' lang='lat' dir='ltr'>episcopo</span> <span class='ocrx_word' id='word_1_349' title='bbox 1195 1938 1382 1982; x_wconf 86' lang='lat' dir='ltr'>Stephanus</span> <span class='ocrx_word' id='word_1_350' title='bbox 1410 1938 1552 1969; x_wconf 90' lang='lat' dir='ltr'>omnium</span> <span class='ocrx_word' id='word_1_351' title='bbox 1583 1947 1750 1968; x_wconf 90' lang='lat' dir='ltr'>servorum</span> <span class='ocrx_word' id='word_1_352' title='bbox 1774 1936 1895 1968; x_wconf 85' lang='lat' dir='ltr'>Christi</span> 
     </span>
     <span class='ocr_line' id='line_1_36' title="bbox 244 1988 1894 2035; baseline -0.002 -12"><span class='ocrx_word' id='word_1_353' title='bbox 244 1992 394 2023; x_wconf 84' lang='lat' dir='ltr'>famulus.</span> <span class='ocrx_word' id='word_1_354' title='bbox 441 1992 596 2024; x_wconf 89' lang='lat' dir='ltr'>Decursis</span> <span class='ocrx_word' id='word_1_355' title='bbox 620 1993 737 2025; x_wconf 91' lang='lat' dir='ltr'>litteris</span> <span class='ocrx_word' id='word_1_356' title='bbox 762 1993 969 2035; x_wconf 90' lang='lat' dir='ltr'>apostolatus</span> <span class='ocrx_word' id='word_1_357' title='bbox 994 1991 1109 2029; x_wconf 86' lang='lat' dir='ltr'>vestri,</span> <span class='ocrx_word' id='word_1_358' title='bbox 1141 2001 1204 2033; x_wconf 91' lang='lat' dir='ltr'>quo</span> <span class='ocrx_word' id='word_1_359' title='bbox 1229 1991 1333 2022; x_wconf 85' lang='lat' dir='ltr'>sancti</span> <span class='ocrx_word' id='word_1_360' title='bbox 1357 1990 1511 2022; x_wconf 85' lang='lat' dir='ltr'>desiderii</span> <span class='ocrx_word' id='word_1_361' title='bbox 1543 1989 1639 2021; x_wconf 88' lang='lat' dir='ltr'>ardor</span> <span class='ocrx_word' id='word_1_362' title='bbox 1674 1999 1802 2020; x_wconf 88' lang='lat' dir='ltr'>summa</span> <span class='ocrx_word' id='word_1_363' title='bbox 1825 1988 1894 2019; x_wconf 85' lang='lat' dir='ltr'>ala-</span> 
     </span>
     <span class='ocr_line' id='line_1_37' title="bbox 246 2040 1896 2087; baseline -0.002 -13"><span class='ocrx_word' id='word_1_364' title='bbox 246 2043 360 2075; x_wconf 88' lang='lat' dir='ltr'>critate</span> <span class='ocrx_word' id='word_1_365' title='bbox 388 2044 575 2086; x_wconf 76' lang='lat' dir='ltr'>pertendat,</span> <span class='ocrx_word' id='word_1_366' title='bbox 605 2045 677 2076; x_wconf 91' lang='lat' dir='ltr'>luce</span> <span class='ocrx_word' id='word_1_367' title='bbox 709 2045 828 2076; x_wconf 89' lang='lat' dir='ltr'>clarius</span> <span class='ocrx_word' id='word_1_368' title='bbox 858 2044 1048 2087; x_wconf 89' lang='lat' dir='ltr'>approbavi.</span> <span class='ocrx_word' id='word_1_369' title='bbox 1099 2042 1161 2074; x_wconf 86' lang='lat' dir='ltr'>Est</span> <span class='ocrx_word' id='word_1_370' title='bbox 1191 2042 1290 2084; x_wconf 89' lang='lat' dir='ltr'>igitur</span> <span class='ocrx_word' id='word_1_371' title='bbox 1318 2042 1500 2074; x_wconf 89' lang='lat' dir='ltr'>devotionis</span> <span class='ocrx_word' id='word_1_372' title='bbox 1533 2044 1664 2073; x_wconf 83' lang='lat' dir='ltr'>vestrae</span> <span class='ocrx_word' id='word_1_373' title='bbox 1693 2040 1896 2083; x_wconf 85' lang='lat' dir='ltr'>propositum</span> 
     </span>
     <span class='ocr_line' id='line_1_38' title="bbox 246 2092 1896 2138; baseline -0.002 -12"><span class='ocrx_word' id='word_1_374' title='bbox 246 2096 387 2127; x_wconf 87' lang='lat' dir='ltr'>virorum</span> <span class='ocrx_word' id='word_1_375' title='bbox 411 2096 710 2138; x_wconf 87' lang='lat' dir='ltr'>opinatissimorum</span> <span class='ocrx_word' id='word_1_376' title='bbox 735 2096 894 2128; x_wconf 87' lang='lat' dir='ltr'>Germani</span> <span class='ocrx_word' id='word_1_377' title='bbox 919 2099 952 2128; x_wconf 88' lang='lat' dir='ltr'>et</span> <span class='ocrx_word' id='word_1_378' title='bbox 975 2095 1142 2128; x_wconf 87' lang='lat' dir='ltr'>Amatoris</span> <span class='ocrx_word' id='word_1_379' title='bbox 1166 2094 1300 2127; x_wconf 85' lang='lat' dir='ltr'>floridae</span> <span class='ocrx_word' id='word_1_380' title='bbox 1324 2095 1411 2126; x_wconf 88' lang='lat' dir='ltr'>vitae</span> <span class='ocrx_word' id='word_1_381' title='bbox 1436 2093 1561 2125; x_wconf 85' lang='lat' dir='ltr'>nobiles</span> <span class='ocrx_word' id='word_1_382' title='bbox 1585 2096 1676 2124; x_wconf 89' lang='lat' dir='ltr'>actus</span> <span class='ocrx_word' id='word_1_383' title='bbox 1700 2092 1896 2124; x_wconf 87' lang='lat' dir='ltr'>describere.</span> 
     </span>
     <span class='ocr_line' id='line_1_39' title="bbox 247 2144 1897 2190; baseline -0.002 -12"><span class='ocrx_word' id='word_1_384' title='bbox 247 2147 312 2178; x_wconf 85' lang='lat' dir='ltr'>Sed</span> <span class='ocrx_word' id='word_1_385' title='bbox 336 2147 376 2179; x_wconf 88' lang='lat' dir='ltr'>ad</span> <span class='ocrx_word' id='word_1_386' title='bbox 406 2158 463 2179; x_wconf 88' lang='lat' dir='ltr'>eos</span> <span class='ocrx_word' id='word_1_387' title='bbox 492 2148 682 2190; x_wconf 88' lang='lat' dir='ltr'>lepidissimi</span> <span class='ocrx_word' id='word_1_388' title='bbox 714 2149 806 2180; x_wconf 89' lang='lat' dir='ltr'>callis</span> <span class='ocrx_word' id='word_1_389' title='bbox 834 2149 934 2180; x_wconf 88' lang='lat' dir='ltr'>vestri</span> <span class='ocrx_word' id='word_1_390' title='bbox 964 2148 1121 2190; x_wconf 86' lang='lat' dir='ltr'>dirigatur</span> <span class='ocrx_word' id='word_1_391' title='bbox 1153 2147 1306 2185; x_wconf 89' lang='lat' dir='ltr'>intentio,</span> <span class='ocrx_word' id='word_1_392' title='bbox 1337 2146 1391 2188; x_wconf 92' lang='lat' dir='ltr'>qui</span> <span class='ocrx_word' id='word_1_393' title='bbox 1422 2149 1558 2188; x_wconf 89' lang='lat' dir='ltr'>possunt</span> <span class='ocrx_word' id='word_1_394' title='bbox 1587 2144 1742 2176; x_wconf 86' lang='lat' dir='ltr'>virtutum</span> <span class='ocrx_word' id='word_1_395' title='bbox 1774 2144 1897 2175; x_wconf 82' lang='lat' dir='ltr'>lumina</span> 
     </span>
     <span class='ocr_line' id='line_1_40' title="bbox 246 2196 1895 2242; baseline -0.002 -12"><span class='ocrx_word' id='word_1_396' title='bbox 246 2200 430 2241; x_wconf 88' lang='lat' dir='ltr'>aequiperis</span> <span class='ocrx_word' id='word_1_397' title='bbox 458 2199 611 2231; x_wconf 83' lang='lat' dir='ltr'>affatibus</span> <span class='ocrx_word' id='word_1_398' title='bbox 636 2200 807 2242; x_wconf 87' lang='lat' dir='ltr'>inspicare.</span> <span class='ocrx_word' id='word_1_399' title='bbox 855 2200 978 2232; x_wconf 87' lang='lat' dir='ltr'>Verum</span> <span class='ocrx_word' id='word_1_400' title='bbox 1002 2210 1080 2241; x_wconf 87' lang='lat' dir='ltr'>ego,</span> <span class='ocrx_word' id='word_1_401' title='bbox 1110 2199 1203 2230; x_wconf 89' lang='lat' dir='ltr'>cuius</span> <span class='ocrx_word' id='word_1_402' title='bbox 1234 2198 1320 2230; x_wconf 88' lang='lat' dir='ltr'>iners</span> <span class='ocrx_word' id='word_1_403' title='bbox 1343 2197 1509 2239; x_wconf 83' lang='lat' dir='ltr'>ingenium</span> <span class='ocrx_word' id='word_1_404' title='bbox 1534 2196 1674 2238; x_wconf 87' lang='lat' dir='ltr'>genuino</span> <span class='ocrx_word' id='word_1_405' title='bbox 1699 2196 1806 2237; x_wconf 90' lang='lat' dir='ltr'>rigore</span> <span class='ocrx_word' id='word_1_406' title='bbox 1830 2198 1895 2226; x_wconf 88' lang='lat' dir='ltr'>tor-</span> 
     </span>
     <span class='ocr_line' id='line_1_41' title="bbox 246 2246 1894 2294; baseline -0.004 -11"><span class='ocrx_word' id='word_1_407' title='bbox 246 2251 350 2293; x_wconf 85' lang='lat' dir='ltr'>pescit</span> <span class='ocrx_word' id='word_1_408' title='bbox 378 2254 411 2283; x_wconf 89' lang='lat' dir='ltr'>et</span> <span class='ocrx_word' id='word_1_409' title='bbox 434 2252 545 2294; x_wconf 88' lang='lat' dir='ltr'>lingua</span> <span class='ocrx_word' id='word_1_410' title='bbox 567 2252 755 2284; x_wconf 88' lang='lat' dir='ltr'>balbutiens</span> <span class='ocrx_word' id='word_1_411' title='bbox 780 2252 925 2284; x_wconf 91' lang='lat' dir='ltr'>faucium</span> <span class='ocrx_word' id='word_1_412' title='bbox 949 2253 1034 2283; x_wconf 90' lang='lat' dir='ltr'>inter</span> <span class='ocrx_word' id='word_1_413' title='bbox 1058 2250 1242 2282; x_wconf 90' lang='lat' dir='ltr'>raucidulos</span> <span class='ocrx_word' id='word_1_414' title='bbox 1266 2260 1379 2282; x_wconf 88' lang='lat' dir='ltr'>cursus</span> <span class='ocrx_word' id='word_1_415' title='bbox 1405 2248 1551 2291; x_wconf 90' lang='lat' dir='ltr'>squalido</span> <span class='ocrx_word' id='word_1_416' title='bbox 1569 2248 1631 2279; x_wconf 85' lang='lat' dir='ltr'>situ</span> <span class='ocrx_word' id='word_1_417' title='bbox 1654 2246 1810 2289; x_wconf 87' lang='lat' dir='ltr'>impedita</span> <span class='ocrx_word' id='word_1_418' title='bbox 1831 2257 1894 2278; x_wconf 91' lang='lat' dir='ltr'>non</span> 
     </span>
     <span class='ocr_line' id='line_1_42' title="bbox 246 2299 1895 2346; baseline -0.002 -13"><span class='ocrx_word' id='word_1_419' title='bbox 246 2303 398 2345; x_wconf 90' lang='lat' dir='ltr'>loquitur,</span> <span class='ocrx_word' id='word_1_420' title='bbox 422 2303 529 2345; x_wconf 86' lang='lat' dir='ltr'>potius</span> <span class='ocrx_word' id='word_1_421' title='bbox 554 2303 611 2336; x_wconf 89' lang='lat' dir='ltr'>sed</span> <span class='ocrx_word' id='word_1_422' title='bbox 636 2304 767 2336; x_wconf 87' lang='lat' dir='ltr'>stridet:</span> <span class='ocrx_word' id='word_1_423' title='bbox 794 2303 955 2346; x_wconf 91' lang='lat' dir='ltr'>quomodo</span> <span class='ocrx_word' id='word_1_424' title='bbox 979 2306 1093 2345; x_wconf 87' lang='lat' dir='ltr'>potero</span> <span class='ocrx_word' id='word_1_425' title='bbox 1115 2302 1268 2334; x_wconf 85' lang='lat' dir='ltr'>divinitus</span> <span class='ocrx_word' id='word_1_426' title='bbox 1290 2301 1446 2344; x_wconf 86' lang='lat' dir='ltr'>inspirata</span> <span class='ocrx_word' id='word_1_427' title='bbox 1462 2301 1602 2332; x_wconf 89' lang='lat' dir='ltr'>virorum</span> <span class='ocrx_word' id='word_1_428' title='bbox 1619 2299 1895 2331; x_wconf 86' lang='lat' dir='ltr'>sanctissimorum</span> 
     </span>
     <span class='ocr_line' id='line_1_43' title="bbox 247 2350 1895 2398; baseline -0.002 -13"><span class='ocrx_word' id='word_1_429' title='bbox 247 2365 382 2387; x_wconf 89' lang='lat' dir='ltr'>munera</span> <span class='ocrx_word' id='word_1_430' title='bbox 403 2355 503 2397; x_wconf 90' lang='lat' dir='ltr'>polito</span> <span class='ocrx_word' id='word_1_431' title='bbox 528 2355 684 2398; x_wconf 90' lang='lat' dir='ltr'>expedire</span> <span class='ocrx_word' id='word_1_432' title='bbox 711 2366 869 2394; x_wconf 79' lang='lat' dir='ltr'>sermone,</span> <span class='ocrx_word' id='word_1_433' title='bbox 895 2356 949 2398; x_wconf 89' lang='lat' dir='ltr'>qui</span> <span class='ocrx_word' id='word_1_434' title='bbox 973 2365 1032 2386; x_wconf 91' lang='lat' dir='ltr'>nec</span> <span class='ocrx_word' id='word_1_435' title='bbox 1049 2355 1176 2397; x_wconf 88' lang='lat' dir='ltr'>privata</span> <span class='ocrx_word' id='word_1_436' title='bbox 1192 2364 1324 2396; x_wconf 89' lang='lat' dir='ltr'>possum</span> <span class='ocrx_word' id='word_1_437' title='bbox 1341 2353 1481 2385; x_wconf 89' lang='lat' dir='ltr'>humano</span> <span class='ocrx_word' id='word_1_438' title='bbox 1498 2363 1576 2384; x_wconf 92' lang='lat' dir='ltr'>casu</span> <span class='ocrx_word' id='word_1_439' title='bbox 1593 2354 1748 2393; x_wconf 89' lang='lat' dir='ltr'>congesta</span> <span class='ocrx_word' id='word_1_440' title='bbox 1763 2350 1895 2392; x_wconf 86' lang='lat' dir='ltr'>negotia</span> 
     </span>
     <span class='ocr_line' id='line_1_44' title="bbox 248 2402 1894 2450; baseline -0.002 -13"><span class='ocrx_word' id='word_1_441' title='bbox 248 2406 433 2448; x_wconf 73' lang='lat' dir='ltr'>explicare?</span> <span class='ocrx_word' id='word_1_442' title='bbox 478 2407 628 2439; x_wconf 84' lang='lat' dir='ltr'>Ridicule</span> <span class='ocrx_word' id='word_1_443' title='bbox 654 2407 702 2450; x_wconf 91' lang='lat' dir='ltr'>(ni</span> <span class='ocrx_word' id='word_1_444' title='bbox 726 2408 834 2448; x_wconf 88' lang='lat' dir='ltr'>fallor)</span> <span class='ocrx_word' id='word_1_445' title='bbox 859 2406 1081 2450; x_wconf 83' lang='lat' dir='ltr'>inexplicabili</span> <span class='ocrx_word' id='word_1_446' title='bbox 1104 2417 1142 2438; x_wconf 90' lang='lat' dir='ltr'>ac</span> <span class='ocrx_word' id='word_1_447' title='bbox 1166 2405 1303 2440; x_wconf 88' lang='lat' dir='ltr'>ludibrio</span> <span class='ocrx_word' id='word_1_448' title='bbox 1335 2408 1439 2437; x_wconf 90' lang='lat' dir='ltr'>semet</span> <span class='ocrx_word' id='word_1_449' title='bbox 1462 2404 1614 2446; x_wconf 88' lang='lat' dir='ltr'>impedit,</span> <span class='ocrx_word' id='word_1_450' title='bbox 1638 2402 1785 2445; x_wconf 90' lang='lat' dir='ltr'>quisquis</span> <span class='ocrx_word' id='word_1_451' title='bbox 1809 2402 1894 2434; x_wconf 84' lang='lat' dir='ltr'>ultra</span> 
     </span>
     <span class='ocr_line' id='line_1_45' title="bbox 249 2453 1895 2501; baseline -0.002 -13"><span class='ocrx_word' id='word_1_452' title='bbox 249 2458 361 2489; x_wconf 89' lang='lat' dir='ltr'>virium</span> <span class='ocrx_word' id='word_1_453' title='bbox 386 2469 515 2490; x_wconf 88' lang='lat' dir='ltr'>suarum</span> <span class='ocrx_word' id='word_1_454' title='bbox 532 2460 782 2501; x_wconf 89' lang='lat' dir='ltr'>possibilitatem</span> <span class='ocrx_word' id='word_1_455' title='bbox 801 2470 882 2491; x_wconf 88' lang='lat' dir='ltr'>onus</span> <span class='ocrx_word' id='word_1_456' title='bbox 906 2459 1054 2491; x_wconf 85' lang='lat' dir='ltr'>assumit.</span> <span class='ocrx_word' id='word_1_457' title='bbox 1091 2458 1208 2490; x_wconf 87' lang='lat' dir='ltr'>Nonne</span> <span class='ocrx_word' id='word_1_458' title='bbox 1224 2458 1366 2490; x_wconf 80' lang='lat' dir='ltr'>ferarum</span> <span class='ocrx_word' id='word_1_459' title='bbox 1384 2459 1573 2495; x_wconf 83' lang='lat' dir='ltr'>sectatores,</span> <span class='ocrx_word' id='word_1_460' title='bbox 1597 2454 1746 2486; x_wconf 90' lang='lat' dir='ltr'>siminus</span> <span class='ocrx_word' id='word_1_461' title='bbox 1770 2453 1895 2486; x_wconf 87' lang='lat' dir='ltr'>catiosa</span> 
     </span>
    </p>
   </div>
   <div class='ocr_carea' id='block_1_3' title="bbox 352 2566 1895 2605">
    <p class='ocr_par' dir='ltr' id='par_1_5' title="bbox 352 2566 1895 2605">
     <span class='ocr_line' id='line_1_46' title="bbox 352 2566 1895 2605; baseline -0.004 -9"><span class='ocrx_word' id='word_1_462' title='bbox 352 2570 364 2596; x_wconf 93' lang='lat' dir='ltr'>l</span> <span class='ocrx_word' id='word_1_463' title='bbox 387 2570 504 2604; x_wconf 57' lang='lat' dir='ltr'>§tulerim</span> <span class='ocrx_word' id='word_1_464' title='bbox 518 2571 543 2595; x_wconf 91' lang='lat' dir='ltr'><em>P</em></span> <span class='ocrx_word' id='word_1_465' title='bbox 610 2571 626 2597; x_wconf 79' lang='lat'><strong>2</strong></span> <span class='ocrx_word' id='word_1_466' title='bbox 645 2574 763 2605; x_wconf 84' lang='lat' dir='ltr'>profiteor</span> <span class='ocrx_word' id='word_1_467' title='bbox 775 2574 866 2599; x_wconf 76' lang='lat' dir='ltr'>Bosch.</span> <span class='ocrx_word' id='word_1_468' title='bbox 904 2571 936 2598; x_wconf 88' lang='grc'>19</span> <span class='ocrx_word' id='word_1_469' title='bbox 954 2573 1024 2598; x_wconf 88' lang='lat' dir='ltr'>oneri</span> <span class='ocrx_word' id='word_1_470' title='bbox 1042 2572 1086 2597; x_wconf 84' lang='lat' dir='ltr'>sed</span> <span class='ocrx_word' id='word_1_471' title='bbox 1100 2571 1188 2596; x_wconf 83' lang='lat' dir='ltr'>honori</span> <span class='ocrx_word' id='word_1_472' title='bbox 1201 2571 1293 2596; x_wconf 54' lang='lat' dir='ltr'>Boeclz,</span> <span class='ocrx_word' id='word_1_473' title='bbox 1364 2568 1397 2594; x_wconf 82' lang='lat'>26</span> <span class='ocrx_word' id='word_1_474' title='bbox 1416 2570 1495 2595; x_wconf 80' lang='lat' dir='ltr'>libero</span> <span class='ocrx_word' id='word_1_475' title='bbox 1507 2569 1571 2602; x_wconf 88' lang='lat' dir='ltr'>pede</span> <span class='ocrx_word' id='word_1_476' title='bbox 1584 2577 1650 2593; x_wconf 83' lang='lat' dir='ltr'>corr.</span> <span class='ocrx_word' id='word_1_477' title='bbox 1663 2567 1688 2591; x_wconf 90' lang='lat' dir='ltr'><em>P</em></span> <span class='ocrx_word' id='word_1_478' title='bbox 1755 2566 1789 2591; x_wconf 74' lang='lat'>⁶28</span> <span class='ocrx_word' id='word_1_479' title='bbox 1807 2566 1895 2591; x_wconf 81' lang='lat' dir='ltr'>amitia</span> 
     </span>
    </p>
   </div>
   <div class='ocr_carea' id='block_1_4' title="bbox 248 2609 1895 2777">
    <p class='ocr_par' dir='ltr' id='par_1_6' title="bbox 248 2609 1895 2777">
     <span class='ocr_line' id='line_1_47' title="bbox 248 2609 1895 2650; baseline -0.003 -11"><span class='ocrx_word' id='word_1_480' title='bbox 248 2623 272 2639; x_wconf 84' lang='lat' dir='ltr'>m</span> <span class='ocrx_word' id='word_1_481' title='bbox 291 2623 356 2639; x_wconf 76' lang='lat' dir='ltr'>corr.</span> <span class='ocrx_word' id='word_1_482' title='bbox 375 2615 399 2639; x_wconf 81' lang='lat'>1¹</span> <span class='ocrx_word' id='word_1_483' title='bbox 482 2614 515 2639; x_wconf 84' lang='lat'>33</span> <span class='ocrx_word' id='word_1_484' title='bbox 535 2616 733 2642; x_wconf 77' lang='lat' dir='ltr'>PRESPITERI</span> <span class='ocrx_word' id='word_1_485' title='bbox 752 2617 776 2642; x_wconf 93' lang='lat' dir='ltr'><strong><em>P</em></strong></span> <span class='ocrx_word' id='word_1_486' title='bbox 861 2616 894 2642; x_wconf 87' lang='grc'>39</span> <span class='ocrx_word' id='word_1_487' title='bbox 914 2617 1037 2650; x_wconf 80' lang='lat' dir='ltr'>inspicere</span> <span class='ocrx_word' id='word_1_488' title='bbox 1057 2615 1134 2640; x_wconf 69' lang='lat' dir='ltr'>Gesta</span> <span class='ocrx_word' id='word_1_489' title='bbox 1221 2614 1253 2640; x_wconf 84' lang='lat'>41</span> <span class='ocrx_word' id='word_1_490' title='bbox 1273 2615 1317 2639; x_wconf 85' lang='lat' dir='ltr'>sed</span> <span class='ocrx_word' id='word_1_491' title='bbox 1335 2614 1423 2639; x_wconf 82' lang='lat' dir='ltr'>stridet</span> <span class='ocrx_word' id='word_1_492' title='bbox 1441 2613 1525 2646; x_wconf 85' lang='lat' dir='ltr'>potius</span> <span class='ocrx_word' id='word_1_493' title='bbox 1543 2611 1634 2636; x_wconf 72' lang='lat' dir='ltr'>Bosch.</span> <span class='ocrx_word' id='word_1_494' title='bbox 1727 2609 1761 2635; x_wconf 76' lang='grc'>42</span> <span class='ocrx_word' id='word_1_495' title='bbox 1779 2611 1895 2635; x_wconf 77' lang='lat' dir='ltr'>confecta</span> 
     </span>
     <span class='ocr_line' id='line_1_48' title="bbox 250 2653 1634 2692; baseline -0.001 -12"><span class='ocrx_word' id='word_1_496' title='bbox 250 2657 339 2682; x_wconf 68' lang='lat' dir='ltr'>Roach.</span> <span class='ocrx_word' id='word_1_497' title='bbox 444 2656 478 2683; x_wconf 87' lang='lat'>43</span> <span class='ocrx_word' id='word_1_498' title='bbox 498 2659 620 2690; x_wconf 81' lang='lat' dir='ltr'>impendit</span> <span class='ocrx_word' id='word_1_499' title='bbox 638 2660 663 2684; x_wconf 84' lang='lat' dir='ltr'><em>P</em></span> <span class='ocrx_word' id='word_1_500' title='bbox 681 2661 758 2686; x_wconf 71' lang='lat' dir='ltr'>Gesta</span> <span class='ocrx_word' id='word_1_501' title='bbox 861 2658 895 2685; x_wconf 86' lang='lat'>44</span> <span class='ocrx_word' id='word_1_502' title='bbox 913 2660 1028 2692; x_wconf 79' lang='lat' dir='ltr'>captiosa</span> <span class='ocrx_word' id='word_1_503' title='bbox 1046 2658 1139 2684; x_wconf 65' lang='lat' dir='ltr'>Roscia.</span> <span class='ocrx_word' id='word_1_504' title='bbox 1159 2659 1206 2691; x_wconf 78' lang='lat' dir='ltr'>cfr.</span> <span class='ocrx_word' id='word_1_505' title='bbox 1233 2657 1368 2690; x_wconf 76' lang='lat' dir='ltr'>Woelfflini</span> <span class='ocrx_word' id='word_1_506' title='bbox 1386 2656 1491 2681; x_wconf 70' lang='lat' dir='ltr'>Archiv.</span> <span class='ocrx_word' id='word_1_507' title='bbox 1516 2655 1574 2679; x_wconf 84' lang='lat' dir='ltr'>VII</span> <span class='ocrx_word' id='word_1_508' title='bbox 1584 2653 1634 2679; x_wconf 80' lang='lat'>183</span> 
     </span>
     <span class='ocr_line' id='line_1_49' title="bbox 353 2737 1893 2777; baseline -0.003 -10"><span class='ocrx_word' id='word_1_509' title='bbox 353 2742 363 2767; x_wconf 94' lang='lat'>1</span> <span class='ocrx_word' id='word_1_510' title='bbox 386 2741 430 2768; x_wconf 78' lang='lat' dir='ltr'>Dc</span> <span class='ocrx_word' id='word_1_511' title='bbox 448 2743 593 2770; x_wconf 76' lang='grc' dir='ltr'><em>ΗΙοΗιανιῖσ</em></span> <span class='ocrx_word' id='word_1_512' title='bbox 611 2744 710 2771; x_wconf 67' lang='lat' dir='ltr'>Karou</span> <span class='ocrx_word' id='word_1_513' title='bbox 732 2745 806 2771; x_wconf 56' lang='lat' dir='ltr'>Calvi</span> <span class='ocrx_word' id='word_1_514' title='bbox 822 2744 879 2777; x_wconf 72' lang='lat' dir='ltr'>tilio</span> <span class='ocrx_word' id='word_1_515' title='bbox 896 2744 943 2776; x_wconf 80' lang='lat' dir='ltr'>cfr.</span> <span class='ocrx_word' id='word_1_516' title='bbox 961 2751 1047 2777; x_wconf 72' lang='lat' dir='ltr'>supra</span> <span class='ocrx_word' id='word_1_517' title='bbox 1066 2751 1130 2777; x_wconf 75' lang='lat' dir='ltr'>paq.</span> <span class='ocrx_word' id='word_1_518' title='bbox 1148 2742 1207 2769; x_wconf 84' lang='lat'>423.</span> <span class='ocrx_word' id='word_1_519' title='bbox 1314 2742 1346 2767; x_wconf 81' lang='lat'>15</span> <span class='ocrx_word' id='word_1_520' title='bbox 1354 2749 1407 2774; x_wconf 77' lang='lat' dir='ltr'>sqq.</span> <span class='ocrx_word' id='word_1_521' title='bbox 1427 2740 1549 2767; x_wconf 69' lang='lat' dir='ltr'>Atmam&#39;i</span> <span class='ocrx_word' id='word_1_522' title='bbox 1567 2738 1744 2773; x_wconf 63' lang='lat' dir='ltr'>Stqzham&#39;qvoe</span> <span class='ocrx_word' id='word_1_523' title='bbox 1767 2737 1893 2771; x_wconf 68' lang='lat' dir='ltr'>qn&#39;xtolae</span> 
     </span>
    </p>
   </div>
   <div class='ocr_carea' id='block_1_5' title="bbox 247 2790 1892 2830">
    <p class='ocr_par' dir='ltr' id='par_1_7' title="bbox 247 2790 1892 2830">
     <span class='ocr_line' id='line_1_50' title="bbox 247 2790 1892 2830; baseline -0.003 -10"><span class='ocrx_word' id='word_1_524' title='bbox 247 2794 366 2827; x_wconf 63' lang='lat' dir='ltr'>reqwtitae</span> <span class='ocrx_word' id='word_1_525' title='bbox 383 2795 506 2827; x_wconf 57' lang='lat' dir='ltr'>Inflantur</span> <span class='ocrx_word' id='word_1_526' title='bbox 526 2797 553 2821; x_wconf 77' lang='grc' dir='ltr'>[νι</span> <span class='ocrx_word' id='word_1_527' title='bbox 567 2797 652 2822; x_wconf 68' lang='lat' dir='ltr'>(lestis</span> <span class='ocrx_word' id='word_1_528' title='bbox 671 2798 852 2830; x_wconf 65' lang='lat' dir='ltr'>episcopm-nm</span> <span class='ocrx_word' id='word_1_529' title='bbox 873 2795 1148 2822; x_wconf 67' lang='lat' dir='ltr'>Antissimlmvnsium</span> <span class='ocrx_word' id='word_1_530' title='bbox 1167 2795 1229 2828; x_wconf 79' lang='lat' dir='ltr'>(cfr.</span> <span class='ocrx_word' id='word_1_531' title='bbox 1243 2801 1325 2827; x_wconf 74' lang='lat' dir='ltr'>snpra</span> <span class='ocrx_word' id='word_1_532' title='bbox 1337 2801 1398 2827; x_wconf 67' lang='lat' dir='ltr'>pay.</span> <span class='ocrx_word' id='word_1_533' title='bbox 1410 2793 1482 2825; x_wconf 80' lang='lat'>423),</span> <span class='ocrx_word' id='word_1_534' title='bbox 1501 2791 1575 2825; x_wconf 70' lang='lat' dir='ltr'>‹qmd</span> <span class='ocrx_word' id='word_1_535' title='bbox 1588 2790 1674 2817; x_wconf 75' lang='lat' dir='ltr'>Duru</span> <span class='ocrx_word' id='word_1_536' title='bbox 1684 2791 1704 2822; x_wconf 60' lang='lat' dir='ltr'>I,</span> <span class='ocrx_word' id='word_1_537' title='bbox 1715 2798 1735 2816; x_wconf 80' lang='lat' dir='ltr'>e.</span> <span class='ocrx_word' id='word_1_538' title='bbox 1756 2790 1830 2816; x_wconf 72' lang='grc'><strong><em>1330</em></strong></span> <span class='ocrx_word' id='word_1_539' title='bbox 1840 2797 1892 2822; x_wconf 71' lang='lat' dir='ltr'>sqq.</span> 
     </span>
    </p>
   </div>
   <div class='ocr_carea' id='block_1_6' title="bbox 1920 707 1945 727">
    <p class='ocr_par' dir='ltr' id='par_1_8' title="bbox 1920 707 1945 727">
     <span class='ocr_line' id='line_1_51' title="bbox 1920 707 1945 727; baseline -0.04 0"><span class='ocrx_word' id='word_1_540' title='bbox 1920 707 1945 727; x_wconf 89' lang='grc'>10</span> 
     </span>
    </p>
   </div>
   <div class='ocr_carea' id='block_1_7' title="bbox 1922 1483 1948 1503">
    <p class='ocr_par' dir='ltr' id='par_1_9' title="bbox 1922 1483 1948 1503">
     <span class='ocr_line' id='line_1_52' title="bbox 1922 1483 1948 1503; baseline -0.038 0"><span class='ocrx_word' id='word_1_541' title='bbox 1922 1483 1948 1503; x_wconf 70' lang='lat'>85</span> 
     </span>
    </p>
   </div>
   <div class='ocr_carea' id='block_1_8' title="bbox 1919 2001 1947 2021">
    <p class='ocr_par' dir='ltr' id='par_1_10' title="bbox 1919 2001 1947 2021">
     <span class='ocr_line' id='line_1_53' title="bbox 1919 2001 1947 2021; baseline -0.036 0"><span class='ocrx_word' id='word_1_542' title='bbox 1919 2001 1947 2021; x_wconf 73' lang='lat'>³5</span> 
     </span>
    </p>
   </div>
  </div>
 </body>
</html>
