2060 3074
270 135 330 165 378
953 134 1133 161 DIALOGUS
1152 134 1236 161 AGII.

634 220 739 262 Moysi
764 220 927 251 dominum
953 220 1034 251 facie
1058 220 1098 252 ad
1122 221 1239 252 faciem
1264 222 1463 263 speculantis

558 285 596 303 τεο
676 272 815 303 Bustum
840 283 956 314 nempe
982 273 1072 311 latet,
1100 283 1186 304 mors
1211 273 1383 315 obitusque
1407 277 1508 315 patet.

634 323 711 354 Dux
736 324 830 355 Iesus
855 323 1021 355 Christum
1046 324 1140 356 factis
1165 327 1198 356 ct
1220 325 1351 356 nomine
1375 329 1559 357 monstrans

677 374 720 406 Et
744 375 847 406 solem
873 375 988 407 statuit
1013 379 1045 407 ct
1068 379 1179 408 tamen
1203 377 1366 408 occubuit.

634 426 719 463 Quid
744 426 884 469 chthe,
910 426 1057 467 Gedcon,
1081 427 1168 459 Aoth
1195 428 1398 470 Samsonque
1421 429 1604 461 revolvam?

678 478 739 509 Oui
763 478 815 510 leo
842 479 1023 518 succubuit,
1047 479 1132 511 hunc
1156 480 1227 512 fera
1249 491 1335 512 mors
1358 481 1474 523 rapuit.

559 543 596 561 πω,
634 530 709 562 Rex
732 529 849 570 David,
875 531 967 562 cuius
992 531 1101 563 fuerat
1123 531 1163 563 de
1188 532 1312 564 semine
1336 531 1496 572 Christus,

679 581 811 614 Goliam
836 583 951 614 stravit
975 586 1145 625 morteque
1170 587 1291 615 stratus
1316 584 1395 616 obit.

635 634 708 666 Rex
733 634 897 674 Salomon,
922 635 973 666 cui
997 645 1093 667 nemo
1117 635 1178 667 fuit
1201 636 1380 678 sapientior
1403 647 1566 678 uniquam.

678 686 772 718 Nunc
796 687 882 718 iacet
905 687 938 718 in
962 686 1061 728 digno
1085 698 1158 718 cum
1183 691 1276 730 patre
1302 688 1479 720 mausoleo.

636 738 767 778 Iosiam.
792 739 883 770 cuius
907 738 1057 771 dominus
1081 738 1290 781 praedixerat
1314 742 1430 779 ortum,

561 802 599 821 270
680 789 718 820 In
741 790 847 821 bustis
872 800 985 832 regum
1011 793 1084 832 post
1107 791 1246 832 legimus
1270 791 1422 833 positum,

635 841 807 881 Ezechias,
832 842 883 873 cui
907 845 958 873 ter
982 841 1098 883 quinos
1122 841 1201 873 deus
1225 841 1350 874 addidit
1373 853 1485 881 annos,

678 892 818 925 Mortem
842 893 1025 934 distulerat,
1050 904 1112 925 non
1137 894 1268 926 minime
1292 895 1422 926 tulerat.

635 945 747 987 Reges
771 948 870 987 atque
894 945 994 977 duces
1020 955 1131 977 omnes
1155 946 1343 988 pariterque
1368 946 1547 988 prophetae

679 996 803 1028 Extant
827 996 974 1029 defuncti
998 998 1029 1028 in
1053 998 1253 1039 tumulisque
1277 998 1340 1030 siti.

560 1062 598 1080 275
636 1049 715 1086 Quis
741 1048 917 1081 Samuhele
941 1050 973 1080 in
997 1049 1164 1092 prophetis
1189 1050 1305 1082 melior
1327 1050 1397 1082 fore
1421 1050 1544 1092 quivit?

679 1100 758 1136 Quis
782 1100 919 1133 Heliseo
945 1102 1048 1132 maior
1071 1104 1141 1133 erat
1164 1102 1300 1133 merito?

635 1153 696 1184 Ille
721 1153 937 1195 prophetavit,
961 1153 1014 1185 hic
1038 1154 1137 1185 vitam
1161 1153 1268 1186 reddit
1291 1153 1442 1195 humatis,

678 1205 721 1236 Et
744 1208 854 1236 tamen
878 1208 1062 1237 extremum
1087 1205 1204 1237 clausit
1226 1208 1364 1248 uterque
1388 1206 1486 1238 diem.

635 1256 764 1296 Esaias,
789 1257 843 1299 qui
867 1257 941 1288 olim
969 1258 1069 1289 solem
1095 1260 1181 1289 retro
1205 1268 1337 1290 currere
1361 1258 1449 1298 fecit,

559 1323 597 1341 280
677 1308 792 1340 Mortis
815 1318 984 1341 commune
1009 1310 1079 1352 ipse
1104 1310 1247 1341 cucurrit
1270 1310 1342 1342 iter.

635 1362 820 1401 Danielem,
846 1362 897 1392 cui
919 1364 1010 1393 tanta
1034 1372 1153 1394 arcana
1176 1361 1256 1394 deus
1279 1363 1445 1405 patefecit,

679 1412 741 1445 Cui
764 1416 840 1444 tunc
864 1413 909 1444 nil
933 1413 1037 1451 latuit,
1063 1424 1150 1445 nunc
1174 1414 1284 1456 gravis
1308 1425 1390 1446 urna
1413 1415 1504 1457 tegit.

636 1465 718 1497 Tres
741 1475 871 1507 pueros,
897 1475 977 1507 quos
1002 1465 1133 1497 flamma
1156 1458 1258 1498 vorax
1281 1477 1345 1498 non
1369 1467 1479 1509 attigit
1502 1467 1588 1499 olim.

678 1516 773 1548 Nunc
798 1516 894 1548 avida
917 1527 1049 1559 prorsus
1073 1517 1167 1549 fauce
1192 1518 1318 1550 voravit
1340 1518 1468 1550 humus.

561 1583 598 1601 285
636 1568 831 1601 Hezechieli
854 1568 1111 1611 Hieremiaeque
1135 1569 1303 1612 prophetis

678 1620 750 1652 Non
773 1621 849 1652 tulit
872 1620 1020 1659 exitium,
1045 1621 1099 1663 qui
1124 1621 1198 1652 tulit
1221 1622 1366 1654 exilium.

638 1673 717 1712 Ose,
741 1672 845 1711 Iohel,
869 1672 982 1712 Amos,
1007 1673 1125 1712 Abdia,
1149 1673 1256 1713 Ionas,
1279 1673 1399 1713 Micha,
1422 1673 1527 1705 Naum

683 1724 917 1767 Abbacucque,
942 1724 1003 1756 sibi
1029 1724 1195 1768 Sophonia
1219 1725 1317 1765 socio,

636 1777 806 1819 Aggaeus,
830 1776 1018 1815 Zacharias,
1042 1777 1138 1808 simul
1161 1780 1194 1809 et
1217 1776 1399 1809 Malachiae

564 1842 603 1861 22³⁰
689 1828 748 1860 Bis
774 1839 834 1861 sex
858 1832 975 1871 saepta
997 1829 1093 1860 modo
1119 1832 1194 1860 sunt
1218 1829 1376 1872 adoperta
1397 1829 1476 1862 solo.

636 1881 746 1923 Atque
771 1881 878 1920 Ionas,
903 1881 956 1923 qui
980 1880 1020 1913 de
1045 1881 1109 1913 ceti
1134 1884 1246 1913 ventre
1271 1885 1383 1914 erutus
1408 1881 1484 1913 olim

679 1932 773 1964 Vixit
796 1932 855 1964 sub
880 1933 1007 1975 pelago,
1032 1935 1082 1964 est
1105 1931 1200 1964 modo
1224 1943 1358 1975 pressus
1382 1933 1490 1965 humo.

636 1985 747 2024 Iudas,
772 1984 922 2020 Eleazar,
946 1984 1090 2023 Ionatas,
1115 1984 1227 2016 Simon
1250 1988 1349 2027 atque
1374 1985 1538 2018 Iohannes

682 2036 764 2068 Cum
791 2036 856 2068 iam
880 2036 1068 2079 grandaevo
1091 2040 1168 2068 tune
1191 2040 1284 2080 patre
1308 2037 1491 2069 Mathathia

559 2103 597 2122 :395
635 2089 666 2121 A
690 2089 796 2131 patria
819 2089 950 2121 hostem
974 2088 1186 2131 gladiumque
1211 2089 1306 2121 simul
1330 2090 1488 2132 pepulere

679 2141 722 2172 Et
744 2150 914 2172 removere
937 2151 957 2172 a
981 2151 1015 2172 se
1039 2151 1104 2172 non
1128 2144 1264 2184 potuere
1287 2152 1412 2174 necem.

638 2193 703 2226 Sed
726 2203 767 2224 ne
791 2193 967 2225 femineum
991 2203 1106 2225 sexum
1130 2204 1263 2236 prorsus
1286 2197 1454 2226 taceamus

679 2245 722 2277 Et
745 2245 791 2276 nil
815 2244 961 2276 dicamus
985 2245 1077 2277 hinc:
1103 2245 1226 2288 pariter
1248 2246 1379 2288 penitus

639 2298 731 2336 Sara,
754 2297 918 2336 Rebecca,
941 2296 1077 2336 Rachel,
1102 2297 1245 2336 Debora,
1270 2297 1398 2337 Noemi,
1423 2297 1511 2329 Ruth
1536 2300 1570 2329 et
1593 2296 1700 2335 Anna,

562 2362 600 2381 300
680 2348 799 2388 Holda,
825 2348 984 2388 Susanna,
1009 2348 1117 2380 Iudith
1141 2353 1175 2380 et
1198 2349 1294 2380 simul
1317 2349 1442 2381 Hester
1465 2349 1544 2382 obit.

377 2506 428 2532 266
446 2507 510 2532 obiit
528 2506 553 2531 B
651 2504 702 2531 276
721 2505 784 2531 *erit
802 2505 827 2530 B
925 2504 974 2530 277
994 2506 1115 2530 humatus
1134 2505 1159 2530 B
1176 2515 1242 2531 corr.
1263 2505 1373 2531 Harster
1473 2504 1522 2530 281
1541 2505 1658 2531 archana
1675 2506 1700 2531 B
1797 2504 1848 2532 286
1865 2505 1924 2539 ¹¹qui

273 2551 360 2576 intulit
380 2550 404 2575 B
507 2549 559 2575 290
576 2549 659 2575 *serta
677 2550 702 2574 B

376 2636 427 2661 ‘2ss3
446 2635 556 2669 Gepthe
575 2635 594 2662 i.
612 2644 632 2662 e.
651 2634 698 2668 qui
715 2634 792 2668 vulqo
809 2633 888 2659 malit
907 2633 1034 2667 Iephthe.
1126 2634 1175 2660 271
1196 2633 1283 2660 δαῖτα.
1303 2633 1331 2660 C.
1352 2634 1384 2660 P.
1405 2634 1428 2666 I,
1443 2634 1492 2660 173
1510 2634 1564 2661 Ter
1583 2634 1683 2668 quinos
1708 2633 1849 2668 quondam
1866 2632 1926 2667 regi

279 2687 347 2713 deus
365 2686 474 2713 addidit
492 2695 588 2714 annos.
694 2687 745 2713 280
766 2685 795 2711 F
794 2688 885 2712 mun.
906 2684 933 2712 Ο.
952 2685 1007 2718 ΙΧ,
1021 2686 1045 2719 2,
1059 2685 1094 2712 20
1110 2686 1168 2712 tale
1187 2685 1307 2712 cucurrit
1325 2685 1385 2712 iter.
1489 2686 1541 2712 282
1557 2686 1591 2712 ib.
1611 2687 1643 2712 18
1660 2694 1735 2712 nunc
1752 2684 1846 2720 gravis
1863 2693 1928 2711 arca

278 2738 381 2773 premit
400 2738 487 2772 Ayius
510 2747 569 2765 cum
589 2739 723 2774 plmisque
745 2737 875 2764 codicibus
897 2737 966 2771 leyit,
992 2745 1051 2764 cum
1073 2737 1103 2763 in
1124 2738 1220 2771 paucis
1237 2746 1297 2764 vera
1316 2737 1391 2764 lectio
1408 2745 1476 2771 quae
1493 2740 1530 2763 est
1549 2745 1615 2764 arva
1634 2737 1695 2771 (cfr.
1713 2744 1797 2771 supra
1810 2745 1876 2772 pay.
1895 2736 1927 2763 77

275 2790 312 2816 ad
335 2798 356 2817 v.
378 2790 439 2825 157)
463 2790 625 2817 inveniatur.
730 2791 781 2817 292
804 2790 880 2817 Fon.
903 2789 919 2816 l.
938 2797 960 2816 c.
979 2789 1020 2816 33.
1125 2790 1176 2816 299
1193 2790 1240 2823 cfr.
1261 2789 1338 2817 Fort.
1358 2789 1385 2817 G.
1411 2789 1489 2823 VHI,
1501 2790 1526 2824 3,
1539 2790 1580 2817 99.
