2040 2996
237 107 295 135 144
747 100 912 128 CIPRIANI
931 100 976 127 ΕΤ
996 99 1175 126 SAMSONIS
1193 98 1369 126 CARMINA.

1047 221 1063 252 I

369 285 612 322 INCIPIUNT
642 285 961 322 EPIGRAMATA
988 283 1156 320 DOMINI
1184 281 1396 319 CIPRIANI
1423 279 1751 318 CORDOBENSIS

758 346 889 390 SEDIS
917 343 1366 381 ARCHIPRESBITERI.

611 415 772 458 <VERSI>
797 415 860 447 AD
884 414 1165 447 PETITIONEM
1186 413 1358 445 ADULFI
1379 411 1514 444 EDITI.

600 480 672 511 Hoc
697 491 779 522 opus
803 480 939 511 illustris
963 479 1091 511 comitis
1117 478 1267 510 clarescit
1289 477 1411 518 Adulfi,

602 531 666 568 Qui
690 531 826 573 sumptis
851 531 991 574 propriis
1015 530 1171 562 librorum
1194 532 1269 561 teca
1291 529 1433 567 novavit,

601 583 674 620 Qua
696 584 772 614 novi
795 583 958 615 habentur
980 582 1167 624 veterisque
1190 582 1224 613 in
1247 581 1359 613 ordine
1383 581 1458 613 libri

602 635 804 666 Testamenti
826 635 898 666 veri
921 634 1036 666 inianti
1060 633 1101 665 ad
1125 633 1247 665 aethera
1270 633 1404 664 victum:

537 694 548 712 ⁵
602 688 746 729 Pergere
770 697 958 718 mansurum
981 689 1077 728 parat
1100 688 1133 717 et
1155 685 1271 716 tollere
1296 685 1426 716 clamat.

601 738 674 770 Hoc
699 738 771 770 cibo
796 738 868 780 quis
892 737 992 769 fuerit
1014 739 1138 779 pastus,
1162 735 1250 767 haud
1272 735 1433 777 adgrabat
1456 738 1550 767 extas

602 790 672 822 Nec
695 794 844 822 ventrem
867 790 973 829 farcit,
997 788 1054 820 scd
1079 788 1193 820 crebre
1218 788 1368 830 spiritum
1390 788 1457 820 alit,

603 842 668 874 Hic
692 843 765 874 fons
789 841 969 884 prespicuis
992 840 1135 883 paradisi
1158 840 1262 882 surgit
1284 851 1304 871 a
1326 840 1473 882 limphis;

604 894 669 926 Hic
693 894 797 925 dulcis
822 896 935 925 austus
959 892 1064 925 effluit
1086 893 1120 923 in
1143 891 1284 934 pectoris
1307 894 1418 928 antro;

525 953 550 971 10
602 946 667 977 Hic
689 946 798 987 largos
822 945 939 977 latices
962 955 1021 986 per
1043 944 1155 976 mundi
1179 947 1330 986 competa
1351 944 1467 981 mittit;

604 998 687 1030 Haec
709 998 790 1037 fons,
814 1007 876 1039 quc
899 996 1027 1028 renidet
1051 996 1178 1038 argenti
1202 996 1289 1027 claro
1312 996 1444 1027 metallo

607 1050 651 1081 Et
673 1050 759 1081 intus
784 1049 862 1080 cluit
885 1048 1038 1091 spiritalis
1061 1047 1166 1090 gratie
1190 1047 1283 1079 dono.

606 1102 734 1133 Obtulit
756 1111 875 1143 nempe
899 1100 962 1132 deo
985 1100 1152 1142 predictus
1177 1110 1287 1131 comes
1310 1098 1453 1130 Adulfus

605 1153 798 1185 Memoriam
821 1163 923 1194 penes
946 1151 1069 1183 Aciscli
1092 1151 1233 1182 martiris
1258 1151 1344 1190 almi,

527 1213 551 1231 15
605 1205 758 1237 Cordoba
781 1207 911 1236 sacrata
934 1203 1081 1235 conditus
1106 1213 1170 1244 qua
1194 1202 1279 1234 sistit
1302 1202 1335 1233 in
1359 1202 1435 1233 aula

605 1257 770 1289 Vernulus
793 1259 949 1299 patronus
973 1255 1037 1286 iam
1060 1255 1168 1287 fassus
1193 1254 1287 1286 testis
1310 1254 1472 1293 alumnus,

606 1309 652 1340 Ut
675 1309 802 1340 tantillo
825 1311 935 1339 tantus
959 1306 1111 1349 dignetur
1133 1306 1311 1349 inpendere
1335 1306 1458 1345 martir,

607 1361 766 1393 Obtineat
787 1360 924 1398 meritis,
949 1359 1077 1390 Oristus
1101 1362 1136 1389 ut
1161 1358 1288 1390 scelera
1311 1368 1371 1390 sua

607 1413 732 1454 Tergat
754 1415 852 1454 atque
877 1411 1018 1443 animam
1042 1410 1165 1442 carnali
1189 1410 1334 1442 claustra
1357 1409 1471 1442 relicta

527 1472 553 1491 20
606 1464 759 1497 Oelicolis
783 1464 944 1506 glomeret
966 1462 1053 1494 felici
1075 1462 1109 1494 in
1133 1461 1211 1494 sede
1236 1462 1343 1494 beata.

608 1518 734 1550 Oblatis
758 1517 852 1549 bonis
875 1516 977 1548 fueris
1001 1515 1077 1547 dum
1101 1516 1204 1547 lector
1227 1515 1377 1557 adeptus,

607 1569 707 1601 Adsis
731 1580 789 1611 pro
814 1579 866 1600 me
891 1568 964 1607 deo,
990 1567 1125 1599 adclinis
1150 1577 1250 1609 posco
1274 1566 1427 1598 Adulfus‚

609 1622 746 1664 Suscipe
769 1631 866 1660 nunc,
890 1623 966 1652 nate
990 1618 1205 1651 Fredenande
1229 1618 1321 1658 kare,
1347 1618 1502 1649 tuendum

609 1674 741 1713 Tecum,
765 1683 861 1715 quam
885 1672 957 1714 ipsc
980 1674 1056 1703 tuus
1080 1673 1243 1712 comptam
1268 1670 1411 1712 patrabit
1433 1669 1586 1706 Adulfus,

529 1734 553 1753 2⁵
606 1726 651 1757 Ut
674 1726 788 1767 legens
811 1724 938 1766 relegas
962 1726 996 1755 ct
1018 1733 1099 1765 puro
1124 1724 1258 1765 pectore
1283 1732 1404 1754 serves,

609 1778 644 1809 Si
667 1777 754 1808 illius
778 1775 944 1819 preceptis
967 1775 1072 1806 libens
1095 1773 1300 1806 consenseris
1324 1774 1407 1816 ipse,

611 1829 754 1861 Securus
778 1828 819 1860 ad
843 1828 952 1859 aulam
975 1826 1098 1869 poteris
1123 1825 1345 1858 conscendere
1370 1824 1441 1858 celi.

1050 1998 1095 2030 ΙΙ.

270 2058 382 2090 ITEM
398 2057 602 2089 EIUSDEM
618 2056 681 2087 AD
699 2054 980 2087 PETITIONEM
997 2053 1132 2086 ZOYLI
1148 2052 1259 2085 FILII
1276 2052 1350 2084 SUI
1365 2051 1413 2083 IN
1429 2051 1571 2083 FINEM
1587 2050 1872 2091 BIBLIOTEOE,

522 2108 651 2146 QUAM
676 2106 954 2139 SORIPSERAT
980 2105 1240 2138 SATURNINO
1266 2103 1621 2136 ARCHIDIACONO.

612 2168 763 2201 Laudum
786 2171 862 2200 vota
884 2167 943 2199 tibi
968 2166 1114 2210 [Zoylus]
1139 2168 1252 2208 gratus
1275 2164 1464 2207 persolvere
1486 2164 1572 2196 nitor

613 2221 744 2253 Christo
767 2220 957 2260 redemtori,
982 2218 1107 2251 auctori
1131 2220 1164 2251 et
1186 2217 1317 2249 domino
1340 2227 1430 2248 meo:

612 2273 712 2304 Cuius
736 2272 836 2304 fultus
860 2283 922 2314 ope
946 2274 1073 2303 tantum
1097 2269 1228 2313 explevi
1250 2268 1409 2300 laborem.

352 2384 390 2417 [L]
410 2378 549 2418 ficprsbtri
565 2384 593 2416 T,
617 2383 700 2409 *uersi
723 2392 771 2409 om.
790 2383 814 2408 T
903 2382 916 2407 1
938 2381 1050 2408 *illustri
1066 2382 1091 2406 T
1178 2380 1199 2406 3*
1218 2384 1369 2413 veteresque
1386 2379 1485 2405 Tcorr.
1498 2380 1655 2406 Lorenzana
1666 2388 1711 2412 pp.
1726 2379 1751 2403 T
1747 2379 1781 2404 ol.
1792 2378 1834 2410 II,
1851 2377 1904 2404 603

245 2430 262 2454 ἵ)
280 2428 411 2461 migrabat]
430 2429 463 2454 ba
479 2429 508 2453 in
526 2429 573 2453 loc.
586 2437 632 2453 ras
650 2432 660 2453 t
677 2436 803 2460 super-scr.
820 2427 845 2451 Τ
929 2425 962 2451 12
979 2426 1063 2462 gratie
1080 2425 1104 2450 T
1187 2423 1222 2450 20
1240 2423 1289 2448 *an
1309 2423 1391 2448 beatis
1404 2423 1416 2447 ’.ἰ

351 2470 402 2504 [IL]
423 2471 437 2496 1
457 2471 553 2503 Zoylus
571 2471 628 2496 eccl.
644 2471 748 2496 Areval.
762 2470 857 2496 Isidor.
871 2470 912 2502 ΙΙ,
930 2470 946 2495 6
1033 2468 1050 2494 2
1067 2468 1119 2494 *an
1136 2468 1236 2494 Christe
1250 2467 1262 2492 ’.ἒ

336 2531 392 2573 '[1.]
414 2540 427 2565 1
446 2538 478 2564 de
496 2538 598 2571 Aduzso
618 2538 707 2565 comite
731 2538 867 2565 Cordubae
889 2537 946 2564 viae
969 2537 999 2563 aa
1022 2536 1171 2563 Baudissm
1189 2545 1218 2569 p.
1239 2535 1271 2562 13
1293 2536 1316 2560 a
1335 2534 1384 2560 177
1403 2533 1467 2560 adn.
1563 2535 1580 2560 2
1602 2533 1737 2560 librorum
1759 2535 1822 2561 teca
1843 2533 1861 2560 i.
1879 2542 1903 2567 q.

246 2591 429 2621 bibliotheca,
456 2589 544 2616 biblia.
571 2590 619 2623 cfr.
644 2590 825 2617 wattenbach.
845 2590 1028 2623 Schriftwesen
1046 2589 1063 2615 i.
1084 2588 1122 2614 Μ
1126 2589 1179 2614 Ast
1191 2596 1220 2621 p.
1240 2586 1304 2618 127,
1326 2587 1375 2619 cfr.
1399 2586 1511 2619 e2n'ta1m.
1535 2594 1578 2620 ap.
1601 2585 1722 2612 Baodam
1742 2585 1801 2611 hist.
1824 2585 1904 2619 Anyl.

246 2644 303 2670 eccl.
316 2642 345 2676 V,
361 2642 392 2668 19
407 2641 444 2667 ed.
458 2641 564 2668 llouler.
577 2650 606 2675 12-
616 2642 666 2668 267
680 2642 770 2669 Sci-ibi
783 2642 925 2677 euangelii
939 2640 1084 2676 praecepit
1100 2640 1130 2667 in
1143 2639 1240 2667 ordine
1253 2639 1339 2666 libros
1355 2638 1360 2674 1
1375 2647 1407 2665 ac
1425 2638 1535 2665 thecam
1549 2647 1564 2665 e
1577 2638 1664 2664 rutilo
1677 2637 1721 2664 his
1734 2637 1904 2671 condignam

248 2694 374 2722 condidit
397 2701 473 2720 auro.
565 2694 598 2721 15
616 2702 653 2727 sq.
672 2695 718 2721 ubi
741 2695 878 2728 requiescit
896 2694 1017 2720 Acisclus
1040 2692 1160 2719 ecclesiae
1181 2699 1214 2719 ex
1235 2691 1339 2725 famulo
1357 2690 1500 2726 (vernulus
1520 2690 1627 2720 IHCh.
1647 2690 1690 2724 15)
1705 2691 1855 2725 patronus,
1873 2693 1906 2718 cx

246 2747 376 2782 discipulo
393 2745 525 2779 confessor
544 2745 601 2780 <hoc
619 2746 688 2774 enim
707 2747 771 2775 mihi
789 2747 893 2777 videtur
911 2746 1000 2775 fassus
1018 2744 1118 2779 testis).
