2040 2996
263 189 302 219 72
839 186 1005 214 AUDRADI
1023 186 1151 214 MODICI
1169 186 1347 213 CARMINA.

261 274 346 305 censi
368 274 474 304 16106
500 284 525 304 s.
542 273 584 305 X.
608 273 633 313 f.
653 275 696 305 28
718 284 784 313 sqq.
807 273 886 316 (N),
917 276 954 305 ut
981 274 1019 305 ab
1047 284 1080 305 eo
1102 276 1233 313 praeter
1255 273 1377 313 aliquot
1399 273 1555 304 minutias
1575 284 1615 304 ne
1636 274 1673 304 in
1694 273 1919 314 orthoyraphia

261 325 387 365 quidem
410 325 598 363 recederem
620 325 734 356 addidi
755 325 810 356 ubi
832 336 847 356 e
869 335 903 356 re
924 325 1090 356 videbatur
1112 324 1256 356 lectiones
1278 335 1317 355 ex
1332 324 1580 356 Monacensihus
1599 326 1684 357 4554
1706 336 1730 357 s.
1747 325 1917 364 VIILJIX.

262 378 325 417 (B)
349 381 378 409 et
400 379 506 408 14031
529 388 554 410 S.
572 377 635 410 XI.
657 377 719 419 (E)
742 377 889 417 4653que
910 388 935 408 s.
952 375 1035 408 XII.
1060 378 1112 419 (β)
1128 377 1257 416 petitas.

365 429 574 461 Monacenses
596 439 648 469 eqo
671 428 804 467 contuli,
834 428 865 460 P
883 439 1007 460 summa
1029 439 1101 460 eum
1121 428 1286 469 diliyentia
1309 430 1408 459 totum
1431 428 1596 468 descripsit
1618 428 1659 461 F.
1675 428 1888 461 Diebermarm
1897 429 1919 460 ².

264 549 313 575 Ex
329 557 383 582 quo
406 549 488 575 simul
509 549 617 576 elucebit
640 549 672 576 de
690 552 752 583 Βεβ
774 549 915 582 smptwris
939 557 1109 582 nequaquam
1127 548 1286 582 pemnissum
1307 556 1360 574 esse
1381 551 1413 574 ut
1435 556 1448 574 e
1469 548 1576 575 silentio
1593 557 1648 575 meo
1663 549 1733 582 fiant
1749 549 1920 576 coniecturae.

262 600 349 634 Atque
371 609 404 627 ne
429 601 472 628 his
497 602 601 635 quidem
627 601 735 628 uncinis
760 602 778 636 <.
792 621 798 627 .
813 622 818 627 .
831 602 850 636 .)
881 601 1030 634 quidquam
1053 601 1151 634 efficere
1173 600 1245 626 wlui
1271 599 1326 626 nisi
1349 602 1379 625 ut
1401 599 1521 626 brem'tati
1541 602 1565 626 et
1585 600 1761 627 conmoditati
1781 601 1921 628 consulens

262 652 444 686 siqnificarem,
464 654 529 687 quid
546 662 559 680 e
576 654 630 680 cod.
648 662 668 681 x
682 654 808 688 potuisset
826 653 857 679 in
870 652 997 682 Audradi
1014 653 1160 686 evemplum
1177 653 1264 686 fluere,
1283 652 1330 678 ubi
1343 652 1376 678 N
1386 651 1506 685 deficeret.
1545 652 1604 686 Quo
1621 661 1705 686 neque
1716 653 1749 679 N
1763 652 1922 687 &rumpam

262 705 335 731 volui
351 713 434 739 neque
450 706 623 739 suspicionem
641 714 738 733 movere
755 709 891 739 tamquam
909 704 1027 731 codicum
1044 704 1227 738 sufflentium
1240 706 1347 737 praeter
1363 704 1481 730 uncinos
1498 704 1640 731 cnwntiata
1653 705 1736 738 plane
1747 704 1923 731 consentirent

263 764 323 782 cum
346 757 486 791 supplendi
507 758 603 790 fcmna.
641 758 721 785 Addo
745 767 830 784 meam
852 757 883 784 de
901 757 1006 783 Iuliani
1031 756 1096 783 aclis
1114 756 1265 790 opinionem
1283 764 1365 790 neque
1389 759 1445 782 tam
1462 756 1586 790 iniquam
1604 765 1656 784 esse
1672 765 1753 791 quam
1773 757 1923 783 Tidemonti

265 809 378 836 memm'r.
392 819 421 844 p.
439 818 503 837 serv.
522 811 540 837 ὰ
558 811 634 837 l'hist.
654 811 736 838 eccle‘s.
750 811 780 844 V,
794 814 840 837 799
857 819 893 844 sq.
911 809 996 836 Venet.
1011 813 1085 842 1732,
1106 817 1167 836 cum
1184 809 1208 835 si
1225 817 1294 835 nova
1312 811 1432 835 actorum
1450 811 1600 843 martyrum
1612 816 1681 842 quae
1692 808 1766 835 valde
1776 809 1923 836 neccssaria

264 864 301 887 est
315 865 462 894 pararetur
480 862 558 889 editio
576 862 713 889 suaderem
730 865 761 889 ut
775 862 882 888 Iuliani
899 861 1077 895 reciperentur
1094 860 1125 886 in
1143 860 1305 887 sincerarum
1322 860 1490 894 afflendicem
1507 860 1566 893 (cfr.
1580 860 1683 894 passim
1695 860 1735 887 Le
1747 861 1833 887 Blant
1849 861 1922 887 mem

264 913 288 939 d.
308 913 389 939 l’inst.
407 917 465 940 nat.
484 914 509 940 d.
530 914 580 941 Fr.
601 914 707 947 XXX,
726 915 794 948 339),
813 921 899 947 neque
917 915 972 939 tam
988 912 1102 946 falsam,
1121 920 1202 945 quam
1220 911 1363 944 Kuhfeldti
1380 911 1411 938 de
1427 912 1559 945 capuoliis
1576 913 1638 946 imp.
1659 912 1738 939 Rom.
1757 913 1827 939 Berl.
1844 915 1924 940 1882:

264 973 330 991 nam
352 974 409 991 non
428 968 513 999 potest
536 965 655 992 dubitari
676 966 744 999 quin
763 965 893 992 Iulianus
913 972 1012 998 passus
1035 964 1069 990 sit
1088 963 1244 990 ‘Antirwiae
1262 963 1395 998 Aeyypti’;
1426 964 1499 998 quod
1522 972 1618 991 nomen
1636 973 1726 998 paene
1747 964 1924 991 necessan’wm

265 1020 321 1044 erat
343 1017 375 1043 in
394 1017 522 1051 duplicem
544 1017 701 1051 triplicemve
719 1017 791 1044 abire
808 1017 997 1043 correctionem.
1033 1016 1089 1042 Pro
1109 1015 1260 1041 ‘Antinoia'
1277 1015 1347 1041 enim
1360 1016 1513 1048 ponebatur
1531 1016 1614 1050 maqis
1629 1016 1746 1049 formam
1762 1015 1924 1050 resfficicnti-

266 1069 314 1095 bus
331 1069 500 1103 ‘Antiochia',
523 1077 576 1103 quo
591 1069 664 1102 facto
681 1072 706 1095 et
719 1077 771 1102 pro
790 1069 926 1103 ‘Aeyypto’
945 1068 1055 1103 ‘Syria';
1078 1075 1184 1094 sensum
1201 1067 1249 1093 ubi
1271 1068 1355 1101 maqis
1372 1068 1503 1095 curabant
1520 1069 1643 1104 ‘Aeyypti
1659 1069 1815 1103 metropolis’
1832 1069 1925 1103 fficio-

266 1122 344 1148 batwr
363 1121 558 1148 ‘Alexandriaffi

373 1174 397 1206 l)
417 1173 453 1199 In
465 1173 619 1200 universum
631 1173 654 1200 si
667 1172 795 1199 Audradi
809 1173 942 1199 metricam
954 1172 1164 1206 contemplamur
1177 1179 1233 1198 non
1245 1172 1328 1198 multa
1341 1174 1434 1198 contra
1446 1180 1568 1199 normam
1579 1173 1710 1199 instituit:
1730 1173 1765 1199 ‘h’
1776 1180 1927 1199 consonans

266 1233 332 1258 esse,
352 1241 384 1244 —
402 1233 415 1252 e
436 1225 538 1252 adverb.
555 1225 667 1259 corripi,
692 1225 749 1251 arsi
766 1224 883 1258 produci
899 1227 999 1258 potest,·
1023 1224 1230 1258 frequentantur
1250 1224 1390 1259 synieeseis
1411 1223 1503 1257 (C'elsii
1519 1224 1689 1251 Antiochiam
1713 1224 1796 1251 totius
1815 1224 1928 1259 yesm'tm’

266 1277 449 1311 hauriebant);
473 1277 601 1311 ‘spiritus'
617 1286 675 1311 qen.
695 1293 727 1296 —
746 1277 793 1303 ubi
810 1277 880 1303 nihil
897 1277 981 1310 addo,
1006 1277 1111 1303 numeri
1129 1279 1194 1303 sunt
1210 1277 1372 1311 passionum
1389 1292 1423 1296 —
1442 1276 1502 1311 III,
1523 1280 1571 1304 134
1593 1277 1642 1310 (sic
1659 1277 1779 1304 Aldham
1797 1285 1818 1304 e.
1834 1286 1860 1312 9.
1879 1281 1928 1304 147

266 1333 314 1356 653
327 1332 402 1363 1449)
418 1330 524 1362 fruetus
541 1338 594 1356 acc.
607 1330 658 1363 IV,
672 1333 737 1363 439;
750 1330 845 1363 palam
858 1330 916 1364 ΠΙ,
930 1334 963 1358 28
981 1330 1034 1364 IV,
1048 1334 1092 1363 25‚·
1109 1332 1196 1357 mei-or
1206 1331 1246 1364 ΙΙ,
1261 1335 1320 1364 176,·
1338 1330 1442 1356 anulus
1454 1329 1498 1362 ΙΙ,
1511 1332 1558 1356 132
1576 1328 1668 1362 (Fort.
1680 1329 1709 1356 V.
1724 1329 1766 1356 Μ.
1778 1329 1837 1363 HL
1849 1330 1927 1363 464),-

267 1381 416 1415 maryarita
429 1382 498 1415 prol.
514 1386 530 1409 5
546 1382 605 1415 (cfr.
619 1381 651 1408 L.
665 1382 780 1408 Mueller
790 1382 815 1408 d.
828 1390 851 1408 r.
867 1391 900 1409 m.
919 1385 968 1409 354
986 1385 1009 1409 et
1027 1382 1102 1409 Fort.
1120 1382 1199 1415 VIII,
1213 1386 1236 1416 3,
1250 1384 1317 1416 266),
1336 1384 1403 1409 teter
1419 1381 1444 1408 d.
1455 1382 1477 1414 f.
1490 1390 1512 1407 υ.
1525 1384 1577 1408 322
1594 1381 1639 1407 sed
1656 1383 1720 1408 recu
1737 1381 1769 1407 in
1787 1381 1872 1408 Mart.
1882 1385 1928 1412 50,-

267 1433 298 1459 in
322 1433 383 1459 aliis
406 1441 509 1467 quoque
529 1433 640 1460 Graecis
661 1433 748 1466 salsus
772 1436 822 1460 est.-
849 1433 952 1460 idolum
971 1434 1032 1467 III,
1052 1437 1098 1460 139
1120 1434 1164 1467 (ut
1187 1442 1285 1467 semper
1303 1433 1453 1460 Christiani
1474 1433 1523 1466 cfr.
1544 1432 1654 1459 Fabric.
1675 1433 1708 1459 im
1726 1435 1828 1467 poetar.
1845 1433 1927 1460 eccles.

266 1487 434 1511 commentar.
454 1494 481 1519 p.
501 1487 551 1519 71),
579 1485 689 1512 Pliades
708 1486 759 1519 IV,
778 1489 809 1513 63
827 1486 885 1519 (cfr.
906 1489 965 1512 tom.
984 1486 1030 1518 II,
1049 1489 1111 1519 645,
1126 1487 1181 1519 10),
1204 1486 1274 1512 stola
1293 1486 1345 1520 IV,
1366 1489 1427 1519 306,
1457 1486 1623 1519 evanyelicus
1644 1493 1665 1512 e.
1683 1493 1709 1519 y.
1728 1484 1792 1518 III,
1810 1487 1847 1512 30
1867 1484 1928 1517 (dr.

270 1538 392 1564 Mueller.
400 1541 471 1571 0261,
490 1538 527 1565 sik:
544 1547 563 1565 e.
581 1547 604 1573 9.
624 1538 734 1565 Alcuin.
752 1547 854 1572 quoque
870 1541 894 1565 et
912 1538 1046 1573 [Sulpie]
1063 1538 1101 1564 ed.
1118 1538 1217 1572 Miyne.
1231 1537 1376 1571 LXXIV,
1397 1542 1458 1570 671,-
1477 1538 1506 1564 ‘e'
1523 1546 1582 1564 cum
1600 1537 1685 1564 brevis
1702 1539 1748 1570 est,
1765 1544 1816 1563 vox
1828 1543 1879 1570 por
1897 1536 1930 1562 ‘v’

268 1592 304 1616 est
316 1590 452 1616 scribenda
470 1598 503 1617 em
515 1591 714 1624 orthographiae
725 1599 821 1617 norma
833 1591 864 1617 in
876 1590 922 1617 hoc
933 1598 1040 1624 corpore
1051 1593 1186 1623 usurpata
1199 1590 1247 1623 cfr.
1263 1590 1366 1616 Bedam
1381 1590 1414 1617 G.
1425 1589 1460 1616 L.
1469 1589 1507 1616 cd.
1518 1589 1556 1616 Κ.
1573 1589 1636 1623 VII,
1650 1592 1708 1622 228,
1720 1590 1775 1623 20),
1786 1587 1930 1622 peripsima

269 1643 309 1676 II,
329 1646 375 1669 255
392 1643 449 1676 (cfr.
470 1643 603 1670 Aldhelm.
621 1643 646 1670 d.
663 1644 680 1670 l.
698 1651 720 1669 υ.
734 1647 803 1679 2057
818 1643 865 1669 ubi
883 1643 994 1677 squalet
1012 1642 1168 1677 leqendum),
1187 1642 1301 1669 ‘heresis'
1318 1642 1349 1668 in
1369 1642 1454 1668 Mart.
1468 1646 1499 1669 16
1516 1642 1575 1675 (cfr.
1597 1641 1717 1668 Mueller.
1733 1643 1787 1668 358
1803 1643 1829 1667 et
1845 1639 1930 1666 Leon.

268 1694 324 1721 ind.
346 1694 444 1729 Γυνή.)
477 1695 578 1722 Contra
596 1695 778 1728 ‘blasphemus'
791 1695 833 1727 II,
845 1698 878 1721 43
896 1702 966 1728 saep.
985 1702 1083 1728 semper
1100 1697 1165 1720 rede
1182 1697 1205 1720 et
1219 1694 1344 1722 Anda-ad.
1364 1697 1388 1721 et
1405 1694 1456 1720 alii
1473 1693 1555 1720 huius
1571 1693 1629 1720 aevi
1643 1695 1741 1727 poetae.
1776 1691 1854 1726 Quod
1869 1699 1931 1718 cum

265 1747 424 1780 plerumque
440 1746 471 1773 de
488 1747 639 1780 quantitate
652 1746 816 1773 Graecorum
835 1746 1021 1773 vocabulorum
1032 1746 1212 1780 disceptaverit
1228 1749 1361 1779 accentus,
1379 1754 1443 1772 sane
1461 1746 1559 1772 mirum
1575 1747 1598 1771 et
1616 1747 1653 1771 est
1669 1747 1693 1771 et
1710 1746 1767 1771 erat
1784 1743 1840 1770 ιἀηι
1852 1743 1933 1777 Lupo

270 1798 382 1825 Ferrar.
404 1806 441 1832 ep.
460 1802 493 1825 20
515 1798 554 1824 ed.
575 1799 634 1826 Bal.
654 1807 682 1832 p.
701 1802 738 1825 40
755 1807 791 1832 sq.
815 1799 923 1825 Altvino
947 1798 1125 1832 respondenti:
1154 1798 1355 1833 ‘Blasphemus'
1373 1798 1510 1825 Graecum
1535 1805 1594 1824 esse
1617 1805 1674 1824 non
1697 1794 1853 1828 dubitabit,
1877 1794 1933 1822 nisi

270 1850 319 1885 qui
337 1850 367 1877 id
385 1859 435 1885 per
452 1852 488 1885 ‘p'
507 1853 537 1878 et
554 1851 589 1877 ‘h'
609 1851 692 1878 scribi
710 1860 810 1886 parum
822 1851 954 1878 attendit.
983 1851 1082 1884 Itaque
1095 1850 1216 1877 Graecus
1229 1850 1343 1884 quidam
1357 1850 1477 1877 Graecos
1490 1849 1686 1884 ‘blasphemus'
1699 1847 1791 1875 dicere
1805 1848 1933 1882 correpta

271 1902 429 1937 penultima
456 1904 502 1936 (sc.
525 1904 666 1938 vlasfimos)
693 1903 763 1930 mihi
791 1904 952 1930 constanter
979 1903 1099 1930 asseruit
1127 1904 1156 1930 et
1183 1903 1213 1929 id
1240 1902 1334 1937 ipsum
1356 1901 1516 1929 Einhardus
1541 1902 1637 1933 noster
1661 1900 1791 1927 astruxit.
1826 1899 1934 1927 Tamen

271 1955 401 1982 Aurelius
413 1955 591 1988 Prudentius,
610 1956 658 1990 qui
677 1956 753 1990 apud
771 1956 920 1990 plerosque
933 1955 1176 1982 vehementissime
1190 1955 1356 1986 celebratur,
1374 1954 1405 1980 id
1424 1962 1526 1981 nomeu
1544 1953 1585 1980 sic
1599 1952 1695 1988 posuit
1713 1972 1720 1979 .
1735 1973 1741 1979 .
1759 1951 1833 1979 Hinc
1844 1951 1934 1986 igitur

271 2008 355 2042 longe
382 2007 495 2041 lateque
522 2007 649 2034 manavit
676 2009 709 2034 ut
732 2007 928 2042 ‘blasphemus'
953 2009 981 2034 et
1004 2007 1184 2042 ‘blasphemo'
1208 2008 1355 2034 accentum
1384 2006 1413 2032 in
1440 2005 1598 2040 penultima
1623 2004 1733 2038 syllaba
1757 2003 1933 2031 sortirentur.

274 2060 442 2093 Quapropter
460 2060 594 2086 lectionem
611 2068 697 2093 supra
715 2060 744 2087 V.
763 2059 911 2093 Leudeyar.
930 2060 952 2086 Ι
951 2080 960 2093 ,
979 2063 1031 2087 488
1050 2061 1178 2093 receptam
1194 2067 1282 2085 revoco
1301 2057 1471 2092 blasphemis
1489 2078 1496 2084 .
1509 2077 1516 2084 .
1530 2077 1536 2084 .
1554 2056 1625 2083 actis
1643 2059 1816 2083 correctiones.
1852 2054 1934 2082 Addo

271 2111 403 2145 quaedam
419 2111 456 2138 ad
473 2112 610 2139 verborum
627 2111 684 2138 eius
701 2119 780 2138 usum
798 2114 823 2138 et
841 2111 944 2145 copimn
963 2111 1178 2145 coynoscendam:
1202 2119 1272 2137 nova
1289 2110 1414 2137 videntur
1433 2109 1603 2143 ‘mansorius’
1621 2108 1646 2135 d.
1662 2109 1683 2141 s.
1701 2117 1724 2135 υ.
1741 2112 1785 2142 45,
1807 2106 1934 2142 displosio

271 2163 301 2196 (i.
321 2172 344 2198 q.
362 2164 468 2199 solutio)
485 2164 518 2191 ib.
536 2167 593 2198 341,
612 2164 772 2191 nebulonius
790 2164 820 2197 (a
837 2163 966 2191 nebulone
983 2163 1103 2197 derivat.)
1122 2162 1175 2196 IV,
1192 2165 1223 2196 8;
1240 2170 1320 2188 sensu
1337 2170 1436 2188 novum
1455 2161 1642 2195 ‘diffumiyare’
1660 2160 1685 2187 d.
1705 2160 1727 2194 f.
1745 2169 1768 2187 v.
1783 2164 1828 2194 76,-
1842 2159 1934 2194 μίν-ατο

273 2216 376 2250 aliquid
398 2217 427 2250 (i.
447 2225 470 2250 q.
489 2217 585 2251 velare)
606 2216 641 2243 ib.
658 2221 692 2244 56
713 2217 768 2243 iam
791 2225 836 2250 ap.
854 2216 980 2243 Hraban.
998 2218 1035 2242 est
1055 2218 1079 2243 et
1096 2215 1141 2248 d'r.
1162 2215 1288 2242 Boehmer
1309 2214 1386 2241 Rom.
1404 2213 1480 2241 stud.
1499 2213 1546 2246 H,
1565 2217 1615 2241 228
1638 2213 1737 2248 ‹zingeo
1756 2212 1840 2247 cingo
1858 2210 1934 2247 gii-03

272 2277 305 2295 ex
323 2269 437 2302 Vulyata
460 2269 563 2295 adscita
586 2277 606 2295 e.
625 2277 649 2303 9.
673 2277 781 2303 scopare
799 2269 844 2303 II,
863 2273 911 2296 255
933 2269 1043 2304 irrugiit
1061 2269 1082 2295 Ι
1084 2268 1114 2302 V,
1134 2272 1184 2295 240
1208 2267 1311 2300 inferus
1329 2266 1354 2293 d.
1373 2267 1395 2299 f.
1413 2274 1436 2293 v.
1456 2269 1504 2293 258
1529 2265 1558 2298 (i.
1578 2273 1602 2299 q.
1623 2265 1776 2298 Tartarus).
1812 2263 1936 2298 &odam

273 2321 302 2354 (i.
322 2330 346 2355 q.
365 2323 505 2354 expectare,
523 2323 554 2347 ut
571 2322 651 2355 saep.)
671 2323 708 2348 est
725 2321 767 2355 II,
787 2324 832 2348 113
850 2325 896 2348 159
914 2325 960 2348 194
979 2321 1066 2354 1252,
1085 2319 1226 2347 virulentia
1243 2319 1268 2346 d.
1284 2319 1304 2352 fi
1323 2327 1345 2345 v.
1357 2323 1390 2346 54
1409 2318 1468 2351 (cfr.
1488 2317 1560 2345 Sittl.
1578 2317 1652 2343 arch.
1668 2315 1811 2349 Woelfflin.
1830 2315 1856 2349 Ι,
1873 2316 1935 2349 532)

273 2376 296 2400 et
313 2373 447 2400 radientia
465 2373 516 2406 IV,
535 2377 583 2400 201
601 2373 664 2407 (cfr.
679 2373 798 2400 Ribbeck.
814 2374 884 2407 prol.
900 2373 972 2406 Vera.
991 2375 1041 2399 385
1057 2375 1081 2399 et
1099 2371 1235 2406 Symphos.
1254 2370 1311 2397 cod.
1333 2370 1448 2397 Salmas.
1467 2378 1490 2397 v.
1504 2372 1559 2402 223,
1579 2368 1650 2403 quod
1667 2368 1813 2401 exemplum
1834 2365 1935 2399 simio

273 2425 359 2458 debeo)
366 2435 376 2459 ,-
402 2425 542 2452 transitiva
569 2427 634 2452 sunt
656 2425 766 2452 ‘ardere’
785 2425 848 2458 ΙΙΙ,
870 2428 919 2452 232
942 2427 966 2451 ct
983 2424 1034 2457 IV,
1053 2427 1102 2451 333
1127 2423 1194 2457 (nisi
1220 2423 1262 2450 hic
1284 2422 1461 2457 ‘Flcyetonta’
1485 2420 1652 2454 nominatio.)
1674 2419 1786 2454 dqluere
1805 2418 1866 2453 ΠΙ,
1885 2422 1936 2446 144

274 2479 399 2510 tepescere
420 2476 445 2503 d.
463 2477 482 2510 f.
501 2485 523 2503 v.
540 2481 572 2504 66
594 2485 704 2504 cauare
722 2477 788 2510 III,
810 2480 856 2504 106
879 2476 939 2510 (cfr.
962 2475 1100 2508 Theodulf.
1121 2474 1263 2507 LXXIV,
1282 2478 1299 2500 4
1317 2481 1371 2507 sqq.
1398 2475 1459 2499 tom.
1479 2472 1508 2506 I,
1527 2475 1574 2499 573
1599 2480 1674 2506 quem
1701 2471 1742 2498 ita
1767 2472 1833 2505 109⁰:
1865 2471 1935 2504 Quo,

274 2528 415 2563 paradise,
444 2530 508 2555 tuus
532 2530 631 2555 vernat
655 2538 789 2556 amoenus
813 2538 882 2564 ager
897 2529 901 2562 Ι
916 2528 1060 2563 florigeras
1085 2526 1326 2559 sedes‚.iueund0
1347 2527 1376 2552 et
1397 2533 1539 2552 murmure
1560 2524 1635 2552 rivos
1651 2525 1655 2558 Ι
1670 2523 1796 2558 undique
1813 2523 1935 2558 stipatus

275 2581 389 2608 floribus
414 2582 499 2615 atque
522 2581 615 2615 rosis);
640 2582 755 2608 ‘extunc’
778 2582 822 2615 II,
847 2584 897 2608 267
916 2581 1087 2614 usurpabant
1105 2588 1126 2607 e.
1142 2588 1167 2614 9.
1189 2578 1383 2612 Οονητηοᾱίαη.,
1403 2578 1497 2604 Alcim.
1519 2577 1606 2610 Avia,
1635 2575 1724 2609 Fort„
1748 2575 1830 2602 Paul.
1847 2575 1936 2609 Diae„

281 2633 309 2660 V.
331 2632 404 2659 Galli
430 2641 450 2659 υ.
470 2636 533 2659 1270
559 2635 619 2660 tom.
639 2634 684 2666 II,
703 2637 754 2660 460
778 2633 931 2660 ‘Fratribus
959 2633 1089 2659 externor
1115 2632 1184 2665 (e90,·
1211 2630 1316 2658 efficior
1341 2630 1412 2663 cod.)
1441 2629 1589 2664 congnatis
1615 2629 1702 2663 atque
1727 2627 1911 2662 propinquis',
1930 2629 1934 2662 Ι

277 2686 379 2712 extunc
401 2685 478 2719 (cod.)
500 2694 556 2719 quo
579 2685 691 2713 domino
710 2686 819 2712 valeam
841 2684 1005 2712 famularier
1026 2684 1076 2711 uni
1091 2684 1096 2717 1
1111 2683 1241 2715 liberius,
1265 2683 1381 2717 propter
1399 2684 1459 2714 etc.,·
1483 2681 1550 2714 festa
1572 2680 1602 2714 (i.
1621 2689 1646 2714 q.
1662 2680 1759 2713 festam
1775 2679 1823 2712 cfr.
1841 2679 1936 2714 Δηοῖ.

275 2737 300 2763 d.
310 2745 368 2771 qen.
380 2739 466 2763 neutr.
479 2737 555 2764 inter.
574 2737 605 2764 in
623 2738 640 2765 l.
653 2738 686 2764 L.
701 2747 731 2772 p.
743 2739 786 2772 59)
805 2737 857 2771 IV,
871 2740 937 2771 422,-
956 2736 1056 2764 ‘omnia
1073 2737 1199 2770 quaeque'
1217 2734 1386 2762 abundanter
1397 2734 1423 2760 d.
1435 2733 1454 2766 fi
1468 2742 1489 2760 v.
1503 2737 1547 2760 161
1566 2733 1607 2766 H,
1620 2736 1670 2760 319
1687 2732 1718 2759 in
1734 2732 1794 2759 hon.
1810 2732 1882 2759 Par.
1893 2734 1936 2759 275

274 2797 323 2815 vos
342 2809 348 2815 .
362 2809 368 2815 .
383 2809 389 2815 .
408 2788 501 2815 vivere
520 2789 598 2816 laxat
616 2789 661 2822 ΙΙ,
680 2793 728 2816 257
742 2789 760 2815 i.
779 2798 803 2822 q.
822 2789 851 2815 ‘il
868 2797 932 2815 vous
950 2788 1028 2815 laisse
1045 2787 1122 2814 viore'
1140 2787 1197 2820 (cfr.
1217 2786 1269 2819 IV,
1289 2789 1337 2813 130
1355 2785 1514 2818 ‘permittere’
1532 2792 1565 2811 ex
1582 2787 1702 2811 actorum
1724 2785 1801 2817 usu),
1823 2782 1936 2817 opponit.

276 2848 295 2867 e.
312 2849 336 2874 9.
355 2841 386 2866 in
402 2840 462 2866 hon.
478 2840 559 2867 Mart.
572 2844 603 2868 35
617 2850 653 2876 sq.
673 2841 794 2875 ‘aliquem
811 2840 848 2867 ad
866 2841 948 2867 vitam
964 2840 1060 2867 reverti
1075 2839 1169 2873 faoere’
1185 2839 1245 2872 (cfr.
1263 2838 1303 2871 ΙΙ,
1319 2842 1353 2865 60
1372 2838 1475 2872 ‘agereD
1492 2837 1512 2864 i.
1526 2845 1550 2871 q.
1566 2837 1642 2870 ‘faire
1659 2837 1745 2864 vivre’.
1778 2836 1822 2863 De
1839 2836 1939 2870 ‘quam’
