2040 2996
751 123 866 151 vocES
884 124 1133 153 ANIMANTIUM.
1702 134 1762 164 129

486 209 602 251 Specie
625 210 767 242 formosa
788 210 887 252 viget,
910 211 966 253 qui
987 212 1100 254 pulcre
1123 218 1280 247 venustus

403 267 428 286 ¹⁰
485 260 640 293 Cantibus
663 261 831 304 adplaudit
851 267 1015 304 gemmato
1040 264 1146 296 sidere
1169 266 1308 308 pinctus,

484 313 566 345 Cum
588 313 733 346 theretes
757 314 894 354 vibrant,
917 315 996 347 mire
1020 315 1097 347 dum
1121 317 1265 360 explicat
1288 320 1358 351 alas

482 365 532 397 Ac
555 365 632 397 solis
656 366 759 398 instar
782 365 886 407 cauda
908 365 985 398 dum
1008 378 1112 410 pansa
1134 369 1266 412 refulgit

482 416 527 448 Et
548 418 654 459 peltes
678 417 802 450 clarent
824 418 936 450 lunato
961 418 1068 451 sidere
1090 421 1184 460 tensi,

482 469 570 501 Dum
593 470 692 502 verrit
714 473 834 502 terram
855 471 969 513 pulcer
990 471 1184 514 placideque
1207 473 1343 506 decorus

402 529 426 547 ¹³
481 521 550 554 Aut
572 521 695 565 crispas
718 522 845 554 relebat
867 523 1014 565 pandens
1037 534 1096 566 per
1119 523 1232 557 ordine
1255 529 1342 558 rotas
1366 546 1406 550 —

481 574 618 606 Lumine
641 574 772 606 milleno
797 574 971 617 splendunt
992 574 1068 607 hinc
1091 575 1165 608 inde
1190 587 1304 610 serene
1329 597 1380 618 —,

480 625 568 657 Dum
591 636 728 658 revoans
752 626 916 659 melodum
940 630 1101 659 concentu
1124 628 1233 670 plume
1257 630 1405 663 volucres

480 677 631 720 Despicit
654 681 688 710 et
710 678 847 721 replicat
869 678 982 710 crebro
1005 679 1153 711 iterando
1178 691 1340 714 camenas.

481 729 570 772 Ergo
593 740 662 770 vos,
686 730 771 772 cigni
793 730 938 772 lautique
961 730 1080 763 decore
1104 742 1260 774 pavones,

399 787 424 807 ²⁰
481 781 563 813 Cum
588 781 680 814 suavi
704 782 836 814 meatim
859 781 1038 825 philomela
1060 782 1168 815 ducite
1192 795 1323 817 carmen

480 832 524 865 Et
547 833 685 876 pedibus
708 833 852 866 metricis
876 833 986 866 rithmi
1010 835 1207 867 contemnite
1232 840 1386 876 monstra,

480 884 552 921 Que
575 903 616 908 -
640 885 750 927 segnis
773 885 908 917 herrans
931 886 1038 918 flexus
1061 904 1103 910 -—
1127 887 1173 919 sic
1196 888 1326 920 rancide
1351 900 1468 921 sannas

479 937 585 969 Devio
608 937 734 979 mugitu
757 937 880 980 pangit,
903 940 940 969 ut
962 938 1092 970 cantica
1114 941 1224 982 turpet

479 988 606 1021 Eclesie
630 989 745 1032 plevis,
769 999 831 1032 que
855 1000 986 1032 semper
1008 989 1133 1032 fulgide
1158 991 1269 1024 claret.

919 1205 960 1238 V.

602 1268 742 1306 VERSI
768 1268 943 1306 LAUDIS
970 1268 1061 1304 VEL
1089 1268 1268 1306 PREClS.

477 1352 505 1383 O
529 1351 652 1394 pietate
675 1352 781 1384 bonus
804 1351 927 1395 opifex,
951 1352 1079 1394 fulgore
1103 1351 1250 1393 decorus,

476 1403 550 1436 Rex
571 1404 757 1437 seculorum
779 1404 886 1444 fortis,
909 1403 965 1446 qui
987 1404 1076 1436 clare
1100 1415 1236 1436 serenus

476 1453 598 1488 Eter'ne
620 1467 762 1499 regnans
784 1466 904 1498 magna
925 1455 1055 1488 dicione
1079 1459 1237 1499 potestas,

434 1520 436 1523 ’
477 1508 648 1540 Pulcrifice
670 1508 802 1540 radians
825 1511 893 1540 toto
916 1519 976 1551 per
998 1507 1118 1540 mundo
1141 1509 1286 1551 refulgis,

408 1565 420 1584 ⁵
478 1559 541 1596 Qui
563 1570 663 1600 mare,
686 1560 741 1602 qui
763 1563 867 1601 terras
889 1560 1059 1603 celumque
1083 1563 1262 1606 et'tartara
1284 1560 1400 1600 tendis,

476 1610 520 1643 Et
542 1611 663 1644 virtute
685 1612 801 1655 vigens
825 1611 936 1654 signas
959 1615 993 1644 et
1015 1612 1120 1645 cludis
1144 1613 1284 1652 abissus,

477 1662 584 1700 Quem
607 1674 659 1696 res
682 1667 799 1696 cuncta
821 1664 944 1705 tremit,
967 1674 1095 1708 queque
1119 1665 1243 1708 pietate
1267 1665 1440 1707 gubernas,

476 1714 654 1758 Temperas
676 1719 709 1748 et
732 1715 862 1748 ravidas
885 1716 1018 1748 frenans
1040 1717 1158 1749 virtute
1182 1717 1350 1760 procellas,

475 1766 526 1798 Tu
549 1767 686 1809 r(er)um
707 1767 866 1808 dominus,
891 1767 956 1800 celi
978 1768 1032 1811 qui
1056 1779 1158 1811 regna
1181 1772 1329 1812 potestas

396 1827 421 1845 ¹⁰
477 1819 521 1852 Et
543 1820 635 1852 vultu
658 1820 785 1864 placido
808 1823 1091 1864 tempestatesque
1113 1831 1257 1861 serenas,

434 1910 437 1917 Ι
476 1871 651 1905 Tartareas
673 1875 775 1905 tetras
799 1871 950 1905 dissolvis
974 1873 1047 1906 luce
1071 1872 1231 1913 tenebras,

474 1922 640 1956 Infantum
662 1924 791 1967 linguas
814 1924 923 1958 reddis
946 1925 1002 1968 qui
1025 1925 1137 1968 pulcre
1160 1925 1283 1956 solutas

474 1974 517 2006 Et
538 1975 623 2008 iuste
646 1986 754 2019 reges,
776 1977 900 2019 pariter
922 1987 1050 2020 quoque
1073 1987 1175 2019 regna
1198 1976 1350 2008 decoras:

475 2027 525 2059 Tu
547 2032 686 2068 nostras,
708 2031 825 2069 rector,
849 2031 952 2071 terge,
975 2029 1191 2067 sanctissime,
1214 2028 1328 2071 culpas

395 2085 419 2104 1⁵
476 2078 521 2111 Et
543 2079 686 2112 clemens
709 2091 807 2113 voces
830 2080 890 2113 has
913 2091 998 2113 nunc
1020 2081 1079 2113 tivi
1102 2080 1229 2113 reddito
1253 2080 1377 2122 dignas.

217 2223 250 2250 13
267 2225 370 2251 lunatos
383 2226 406 2251 Ο
413 2235 479 2252 eor-r.
493 2226 536 2252 ΕΙ.
579 2225 667 2252 ’densi
681 2226 704 2252 0
780 2225 813 2252 14
829 2225 922 2253 *vertit
939 2231 1007 2253 ωιτι
1020 2225 1049 2260 C,
1067 2227 1211 2261 platideque
1224 2227 1247 2253 C'
1315 2226 1349 2252 22
1367 2225 1492 2252 *hm-rans
1506 2227 1528 2252 C
1537 2235 1624 2252 errans
1637 2226 1752 2251 Maraces

216 2283 266 2318 [V.]
284 2285 302 2312 5
318 2284 370 2311 *an
382 2287 464 2312 flectis
475 2286 488 2312 3
573 2285 589 2312 7
606 2285 738 2320 *respecta
751 2285 774 2314 G
859 2287 876 2313 9
891 2286 927 2314 *n
940 2297 997 2314 rum
1011 2288 1034 2314 0
1118 2287 1149 2314 11
1167 2290 1299 2314 Tartareos
1314 2287 1337 2313 C
1349 2296 1415 2313 corr.
1427 2287 1470 2312 Fl.
1558 2285 1590 2312 13
1601 2285 1718 2320 *queque
1733 2287 1755 2313 0

217 2377 247 2404 ll
266 2378 389 2406 Martiaz.
408 2379 497 2414 XLII,
516 2381 551 2407 '10
573 2380 604 2408 de
625 2389 728 2415 pavone
746 2381 867 2414 Miraris,
890 2381 1019 2417 quotiens
1041 2383 1214 2416 gemmantes
1237 2381 1360 2416 explicat
1381 2382 1448 2408 alas.
1536 2382 1568 2408 13
1585 2381 1632 2414 dr.
1650 2381 1717 2408 Aen.
1736 2382 1757 2408 Ι

114 2435 135 2454 v.
148 2428 200 2455 490
221 2431 246 2456 et
264 2429 322 2463 XI,
344 2431 395 2457 663
413 2431 517 2458 lunatis
535 2431 649 2466 agmina
667 2432 759 2467 peltis.
796 2433 903 2460 Osbem.
922 2433 960 2460 ed.
980 2433 1042 2460 Mai
1055 2442 1084 2467 p.
1102 2433 1153 2460 478
1171 2433 1260 2468 peltes
1277 2441 1366 2467 genus
1384 2433 1453 2460 scuti
1474 2442 1528 2467 quo
1547 2433 1651 2467 quippe
1669 2433 1751 2460 Ama-

113 2488 193 2507 zones
210 2481 369 2509 utebantur.
456 2484 487 2510 l'a'
505 2485 641 2511 concentu
659 2483 753 2519 plume
770 2487 801 2511 ue
820 2485 877 2518 HI,
897 2486 911 2511 1
931 2485 1029 2520 pennis
1048 2486 1076 2512 et
1093 2493 1160 2512 voce
1178 2485 1303 2512 resultat.
1390 2486 1424 2512 22
1440 2485 1487 2518 cfr.
1506 2485 1581 2517 infra
1597 2485 1635 2512 ad
1654 2485 1690 2519 X,
1709 2486 1751 2512 29.

215 2541 270 2576 [V.]
287 2542 304 2569 3
321 2545 345 2569 d
362 2543 379 2570 9
395 2545 535 2577 potestate
552 2544 600 2577 cfr.
617 2545 676 2572 DC.
762 2545 779 2571 8
796 2545 906 2579 Euqcm}
923 2553 1018 2572 recens.
1036 2544 1161 2571 Hexaem.
1179 2545 1310 2572 Dracont.
1323 2544 1359 2572 ed.
1374 2544 1482 2572 Lorenz.
1497 2553 1526 2579 p.
1538 2545 1572 2572 49
1607 2546 1643 2572 Et
1660 2547 1751 2573 frenat

113 2592 224 2620 rabidas
241 2593 271 2620 in
289 2595 456 2630 tempestate
474 2597 617 2631 procellas.
706 2599 739 2624 10
756 2597 822 2623 Aen.
843 2597 865 2630 1,
883 2597 936 2623 255
955 2596 1041 2623 Vultu
1060 2605 1115 2630 quo
1135 2596 1241 2623 caelum
1260 2597 1495 2632 tempestatesque
1513 2598 1630 2625 serenat.

215 2819 318 2845 Pom:
335 2827 418 2846 urim
435 2827 494 2847 uvi
511 2822 639 2847 CAROLINJ
657 2823 702 2848 111.
1515 2820 1545 2849 17
