2040 2996
0 2324 12 2388 ‚em
0 2163 11 2302 e-„vvae-vx
0 2112 6 2151 -w
0 2063 2 2073 ἡ

396 562 420 580 10

404 608 413 609 ’
475 606 548 638 Hoc
571 606 742 649 prohibeto
765 606 858 638 nefas
881 609 1127 649 monstrumque
1151 609 1273 650 repelle
1297 610 1482 642 nefandum.

393 820 417 839 15

391 1078 416 1097 2⁰

697 104 746 132 AD
766 104 890 132 SOCIOS
909 105 957 132 ΕΤ
977 105 1182 133 PATRONOS.

479 190 585 222 Rot-
609 191 705 230 bone,
729 192 793 222 sint
816 191 907 223 nobis
932 202 990 233 per
1013 194 1046 224 te
1069 193 1192 224 solacia
1215 194 1364 226 —bertez

478 242 658 275 Multonem
682 244 782 275 vestri
805 243 896 275 dives
921 244 1095 276 clementia
1118 245 1218 277 donet

479 295 593 333 Nobis,
617 296 704 328 celse
727 298 821 338 pater
845 295 906 337 (sic
931 296 978 327 sic
1002 296 1168 329 scandatis
1192 298 1224 329 in
1248 299 1361 341 astra),

478 347 585 379 Ludat
607 347 662 390 qui
685 347 803 379 nostris
826 347 950 379 laribus
975 351 1152 391 ventosque
1175 349 1316 382 lacessat

477 399 636 431 Cornibus
659 399 729 442 ipse
753 399 863 430 minax
886 399 1003 441 ingens
1027 403 1061 432 et
1084 411 1220 444 corpore
1244 403 1378 436 multus.

476 450 624 483 Aedibus
647 451 680 482 in
703 451 823 482 nostris
847 462 922 482 nam
946 451 1106 493 quaedam
1131 453 1236 485 bestia
1259 455 1377 486 saevit:

476 502 558 534 Dira
580 502 694 542 fames,
717 513 801 544 quae
825 513 885 534 nos
908 507 1013 535 rostro
1037 505 1214 547 conpungit
1237 509 1344 539 acuto.

472 554 568 587 Hanc
590 554 686 596 igitur
706 557 835 596 pestem
858 554 966 586 vincat
990 555 1164 587 clementia
1186 557 1297 597 vestri⁷

477 657 670 690 Praestetur
691 658 804 696 multo,
828 661 952 701 pugnet
975 659 1029 700 qui
1053 660 1204 691 cornibus
1228 661 1333 701 uncis,

475 709 646 741 Terribilis
669 708 766 744 bello.
790 709 1013 751 grandescens
1038 721 1171 753 corpore
1194 715 1276 752 toto,

475 760 737 804 Pestiferumque
761 761 858 793 famis
883 764 1023 793 rostrum
1047 763 1101 804 qui
1124 766 1270 795 conterat
1293 764 1373 796 ictu:

471 813 525 844 Sic
548 813 640 845 vobis
663 824 782 855 magna
806 813 866 855 (e)t
889 813 1049 846 tribuatur
1071 815 1175 856 gloria
1198 815 1325 857 palmae

474 864 646 908 Cordeque
670 865 822 897 clementi
844 865 1022 897 manabunt
1046 866 1191 898 balsama
1215 866 1346 898 Christi.

473 917 688 958 Quaesumus,
712 915 748 949 ut
770 917 880 949 multis
904 918 1060 950 multetur
1082 918 1183 950 multo
1207 919 1365 961 superbus

472 969 577 1000 Nobis
603 969 813 1011 Scottigenis,
837 969 923 1001 hunc
947 969 1001 1011 qui
1025 969 1110 1002 bene
1133 969 1288 1002 mandere
1313 971 1448 1002 scimus:

473 1019 612 1053 Gutture
635 1021 682 1053 sic
706 1020 827 1063 liquido
851 1031 926 1052 nam
950 1032 1007 1053 vos
1032 1032 1105 1053 mea
1128 1021 1222 1053 Musa
1246 1022 1375 1054 sonabit

469 1071 679 1114 Aethiopissa
702 1072 823 1114 loquax
847 1075 1059 1115 saturataque
1083 1074 1224 1106 carmina
1247 1074 1342 1106 dicet.

472 1165 550 1197 Plus
572 1165 662 1198 dedit
684 1166 740 1198 ille
762 1166 848 1208 pius,
873 1177 947 1198 nam
971 1166 1097 1198 roscida
1119 1178 1256 1200 munera
1279 1168 1396 1200 Bachi:

471 1217 535 1250 Ter
558 1221 687 1250 centum
710 1217 802 1250 fialas
825 1217 1005 1250 donaverat
1028 1219 1100 1261 ipse
1124 1223 1253 1262 poetae.

873 1332 990 1354 XXXVH.

419 1382 701 1414 EPITAPHIUM
725 1382 785 1414 DE
810 1383 932 1415 FILIO
956 1383 1223 1416 EBERHARDI
1248 1384 1442 1418 COMITIS.

391 1912 415 1931 10

389 2171 412 2190 15

387 2428 412 2447 ’.Ὀ

469 1439 498 1470 Ο
521 1450 608 1470 mors
632 1439 780 1479 crudelis,
805 1450 888 1482 quae
911 1440 991 1471 nulli
1015 1451 1150 1483 parcere
1175 1441 1270 1480 nosti,

516 1491 649 1523 Florida
671 1502 754 1534 quae
779 1501 909 1523 resecas
933 1491 1003 1523 lilia
1026 1492 1094 1523 sive
1118 1502 1210 1524 rosas
1235 1512 1272 1515 —

470 1543 559 1575 Mors
583 1543 663 1582 fera,
688 1543 870 1585 terrigenas
893 1542 1054 1586 depascis,
1078 1543 1240 1586 quomodo
1264 1545 1360 1576 flores
1384 1562 1387 1563 ν

516 1594 599 1626 Ilico
620 1594 779 1627 nubiferis
802 1594 942 1637 dissipat
965 1595 1089 1627 Auster
1111 1595 1216 1637 a'quis.

468 1647 573 1679 Natus
595 1647 780 1680 Eberhardi
804 1648 911 1690 patrio
936 1649 1129 1690 cognomine
1153 1648 1259 1680 dictus

515 1698 702 1741 Purpureus
725 1699 838 1731 micuit
860 1699 1014 1731 flosculus
1038 1700 1206 1742 egregius;

468 1750 582 1782 Altera
604 1751 662 1782 lux
684 1751 780 1783 terris
803 1751 904 1790 fulsit,
928 1762 1005 1794 spes
1029 1751 1115 1783 alma
1138 1755 1324 1794 parentum,

515 1802 679 1834 Aureolus
703 1813 812 1834 ramus
835 1803 1084 1846 florigerumque
1107 1803 1218 1835 decus.
1243 1823 1283 1827 —

467 1853 611 1886 Puniceo
634 1854 750 1887 similis
774 1855 860 1886 malo
888 1865 1067 1897 croceoque
1091 1854 1202 1887 decori

516 1905 631 1938 Dulcis
654 1917 727 1938 eras
751 1906 857 1946 matri,
881 1905 1032 1938 dulcidus
1056 1909 1155 1948 atque
1179 1907 1275 1949 patri.

467 1957 495 1989 O
519 1967 616 1999 quam
640 1957 763 1990 crudeli
786 1961 819 1990 te
842 1969 942 1997 mors,
964 1968 1046 2000 puer
1070 1958 1190 1997 inclite,
1213 1969 1323 1990 morsu

513 2008 676 2049 Extinxit,
698 2020 826 2041 roseam
849 2020 910 2042 ceu
933 2009 1042 2042 subito
1067 2010 1193 2042 violam.
1218 2028 1258 2033 —

467 2061 619 2103 Spargite
643 2071 701 2093 vos
725 2061 848 2093 tumulo
874 2062 991 2101 varios,
1015 2072 1106 2104 rogo,
1129 2061 1272 2104 spargite
1296 2062 1404 2094 flores:

512 2112 590 2144 Flos
613 2123 716 2145 novus
738 2113 901 2153 occubuit,
925 2113 1040 2145 florida
1063 2114 1154 2155 virga
1177 2114 1250 2145 ruit.

465 2164 531 2196 Sed
554 2175 621 2204 vos,
645 2165 767 2204 eximii,
792 2176 877 2197 nunc
901 2166 1060 2204 exultate,
1084 2169 1249 2208 parentes,

511 2215 630 2248 Inclita
651 2215 744 2261 Gisla
767 2227 884 2259 parens
909 2220 1008 2259 tuque
1032 2217 1225 2249 Eberharde
1250 2217 1350 2248 bone:

463 2267 549 2299 Nam
572 2271 680 2299 vester
702 2268 834 2310 genitus
858 2279 931 2300 cum
956 2267 1086 2300 Christo
1109 2267 1230 2310 gaudet
1253 2268 1286 2300 in
1309 2269 1417 2308 astris,

514 2318 605 2351 Inter
628 2322 662 2351 et
684 2320 852 2362 angelicos
877 2320 998 2352 eminet
1021 2320 1091 2362 ipse
1116 2320 1241 2352 choros.

464 2370 534 2403 Nec
557 2370 780 2413 desperamus,
804 2371 891 2414 quod
915 2371 1008 2403 vobis
1031 2372 1136 2403 altera
1159 2371 1268 2414 proles

515 2422 625 2454 Aurea
649 2426 801 2455 nascetur
823 2434 899 2455 mox
922 2426 1100 2455 renovante
1124 2422 1197 2454 deo.

201 2532 219 2556 8
235 2533 303 2558 seuit
317 2534 339 2558 G

98 2573 120 2605 f.
138 2575 227 2600 vaoerl.
249 2575 394 2602 Gunela-'clue
412 2577 436 2608 I,
455 2575 505 2602 180
523 2577 652 2608 (Viennae
673 2577 750 2609 1860)
837 2577 854 2602 3
871 2576 1000 2610 *depascit
1013 2575 1036 2602 C

201 2643 218 2669 6
237 2642 283 2669 Ge.
296 2643 356 2677 ΙΙΙ,
375 2643 426 2670 233
444 2645 597 2678 ventosque
610 2644 728 2671 lacessit.

97 2692 145 2724 err.
165 2693 310 2728 xxxrv,
332 2695 371 2722 is.

811 2645 828 2670 9
840 2644 902 2670 dira
914 2644 1000 2670 fames
1012 2652 1031 2670 c.
1043 2652 1068 2678 y.
1082 2644 1148 2670 Aen.
1163 2642 1221 2677 III,
1240 2645 1304 2675 256;
1322 2644 1369 2677 csr.
1387 2653 1472 2678 supra
1490 2653 1511 2671 c.
1528 2645 1583 2671 IX.

1706 111 1764 142 201

416 2533 447 2559 1⁴2
465 2526 593 2559 f'testetur
607 2535 630 2559 C
644 2543 711 2559 corr.
733 2534 880 2560 Duemmler
960 2534 993 2560 15
1010 2533 1135 2570 *magnae
1150 2535 1172 2559 G
1290 2532 1409 2567 [xxxvia]
1429 2535 1468 2560 ed.
1487 2534 1635 2561 Duemmler
1653 2535 1745 2560 Jahrb.

1665 2646 1696 2671 19
1707 2653 1743 2678 sq.

496 2696 617 2731 [xxxvii]
636 2696 679 2723 De
696 2695 857 2723 Ebcrhardo
882 2696 971 2722 liviadis
991 2695 1190 2722 Foroiuliensi-3
1213 2696 1281 2723 (luce
1305 2696 1412 2730 eiusque
1429 2699 1504 2731 yeme
1526 2697 1574 2729 cfr.
1594 2697 1745 2723 Duaemmler

97 2743 274 2772 Jahrbuodoer
290 2746 307 2772 1.
319 2753 341 2773 c.
355 2755 384 2780 p.
399 2747 446 2773 101
460 2754 513 2781 sqq.
603 2749 617 2774 1
636 2748 683 2780 dr.
701 2748 739 2774 ad
757 2747 885 2775 Radbert.
903 2748 1028 2775 Paschae.
1047 2756 1132 2782 supra
1144 2756 1173 2782 p.
1193 2748 1226 2775 47
1244 2756 1267 2775 v.
1282 2748 1324 2775 62.

199 2795 302 2821 Pom-u:
320 2802 403 2822 ιΑτιιιι
422 2803 480 2822 tum
499 2797 624 2831 thoum
643 2797 688 2822 111.

1503 2796 1537 2822 26
