2060 3074
294 157 356 187 602
948 153 1100 180 MILONIS
1119 153 1296 180 CARMINA.

660 240 734 271 Non
757 240 851 271 turbo
874 240 926 271 hic
948 241 1051 271 tenuit
1073 240 1212 282 iustique
1235 241 1389 281 ligamine
1412 241 1514 272 vinxit

580 305 617 323 160
661 292 799 322 Brachia
823 302 882 323 nec
905 295 996 323 tanta
1018 302 1124 323 rerum
1148 292 1305 333 vertigine
1329 292 1431 323 victus

662 343 772 385 Liquit
797 354 877 386 opus
901 346 1050 386 coeptum
1074 344 1170 375 lucris
1193 343 1339 375 felicibus
1362 343 1489 383 ardens,

662 395 727 426 Sed
751 405 862 436 regem
886 396 980 438 petiit
1002 395 1210 437 iam-dictum
1234 406 1370 427 cernuus
1393 396 1458 435 ille,

662 446 819 482 Quatinus
842 447 888 479 illi
911 448 1052 489 aliquem
1075 447 1250 490 praeberet
1272 448 1340 478 iure
1364 448 1526 487 locellum,

661 498 760 530 Sacra
782 500 969 530 monasterii
992 502 1131 530 strueret
1155 510 1218 541 quo
1242 502 1335 542 septa
1358 500 1493 531 venusti.

584 563 620 581 165
665 550 781 591 Quem,
805 562 882 583 mox
904 554 941 582 ut
962 545 1065 594 petiit,
1089 551 1239 593 princeps
1263 551 1367 585 dedit:
1390 551 1465 583 inde
1489 554 1635 593 repente,

661 602 794 634 Talibus
817 603 850 634 in
872 603 970 634 rebus
993 603 1144 645 quoniam
1167 603 1226 634 fuit
1249 603 1388 645 impiger
1410 603 1475 643 ille,

663 654 830 686 Ecclesiae
854 655 930 686 iecit
954 654 1141 686 fundamina
1162 665 1252 686 more
1277 655 1396 696 sagaci.

662 705 814 748 Dumque
837 706 959 738 ibidem
983 706 1107 748 coeptis
1130 709 1291 748 perstaret
1314 707 1415 738 iustus
1438 706 1470 738 in
1493 706 1566 746 illis,

661 757 856 789 Mummulus
879 758 1018 790 invidiae
1042 758 1166 789 facibus
1188 759 1370 789 flammatus
1393 758 1528 798 acerbis,

581 823 618 841 πο
661 810 747 842 Urbs
772 810 932 842 Ozidinsis
955 810 1044 842 cuius
1067 810 1215 842 subiecta
1237 810 1339 842 sedile

663 861 810 893 Ornabat
833 862 955 894 celsum
977 862 1138 894 variorum
1162 863 1306 904 gramine
1329 862 1455 903 florum,

665 913 843 955 Indignans
866 914 1008 955 graviter
1031 917 1176 946 sanctum
1199 914 1392 957 impetrasse
1414 914 1565 946 locellum

663 965 815 997 Evomuit
838 965 927 997 furiis
950 968 1141 1008 conceptum
1164 969 1274 997 mente
1297 976 1457 998 venenum

663 1016 856 1060 Direxitque
880 1028 954 1049 suos
978 1018 1163 1049 stimulante
1187 1018 1294 1049 furore
1317 1018 1479 1049 ministros

582 1082 618 1100 175
664 1069 816 1101 Audaces
839 1070 954 1101 animis
977 1073 1076 1112 atque
1101 1070 1197 1102 armis
1220 1070 1357 1112 amplius
1380 1073 1493 1102 auctos

663 1122 715 1153 Illi
739 1132 858 1153 acuens
882 1121 1019 1164 gladios,
1043 1122 1097 1164 qui
1119 1122 1208 1164 pacis
1231 1122 1315 1154 lator
1336 1122 1369 1153 in
1394 1122 1480 1153 omni

665 1173 754 1205 Orbe
777 1174 846 1214 fuit,
871 1174 979 1215 superi
1003 1174 1055 1216 qui
1078 1173 1238 1216 prompsit
1259 1184 1380 1216 pascua
1402 1174 1505 1215 regni.

665 1226 770 1265 Hunc,
794 1225 921 1257 inimice
945 1225 1049 1266 ferox,
1073 1236 1129 1257 cur
1151 1226 1208 1257 tali
1231 1225 1346 1257 fraude
1369 1236 1553 1268 repugnans

663 1277 881 1320 Persequeris.
900 1288 1073 1320 carumque
1098 1277 1160 1309 deo
1182 1278 1351 1309 insectaris
1375 1278 1561 1309 alumnum?

582 1342 620 1361 180
664 1329 836 1370 Audieras,
861 1329 920 1361 tibi
943 1339 1027 1372 quae
1051 1339 1220 1361 scansurus
1244 1329 1285 1361 ad
1309 1332 1396 1361 astra
1418 1330 1575 1371 magister

665 1381 823 1413 Pacificus
847 1380 975 1413 dederit
998 1381 1178 1413 servandae
1202 1381 1338 1413 foedera
1360 1382 1472 1424 pacis?

667 1433 731 1465 Gur
754 1434 870 1477 pignus
893 1434 965 1474 hoc,
990 1433 1066 1466 dum
1088 1434 1255 1466 meditaris
1278 1435 1396 1475 inania,
1420 1434 1561 1466 scindis?

666 1486 731 1518 Cur
753 1489 786 1518 te
810 1489 898 1518 tanta
926 1489 1018 1518 tenet
1040 1487 1171 1518 sceleris
1195 1487 1355 1518 scelerata
1379 1486 1518 1529 cupido?

666 1538 926 1570 Nonne'decens
950 1538 1055 1570 fuerat
1078 1538 1212 1570 sudores
1236 1542 1366 1581 tergere
1390 1541 1497 1570 tantos

583 1603 620 1622 185
666 1590 716 1622 Ac
740 1600 909 1622 commune
933 1590 1055 1622 bonum
1079 1591 1189 1622 sociali
1213 1601 1328 1622 ornare
1351 1591 1488 1622 labore?

665 1642 751 1678 Quid
773 1643 893 1674 facient
915 1642 978 1682 alii,
1003 1642 1079 1674 dum
1103 1643 1241 1685 quaeris,
1265 1643 1427 1685 episcope,
1450 1643 1560 1674 bella?

665 1694 715 1726 Ac
737 1695 879 1726 humana
902 1697 992 1726 tuum
1016 1695 1043 1726 si
1064 1705 1130 1726 non
1151 1697 1266 1726 natura
1288 1698 1415 1726 reatum

666 1746 855 1789 Oonprimit‚
880 1746 969 1787 ordo,
995 1746 1114 1788 gradus
1137 1757 1243 1788 neque
1267 1749 1300 1778 te
1324 1746 1454 1785 dilectio
1479 1746 1594 1788 frenat,

667 1798 819 1841 Suspice:
844 1798 990 1830 fulminei
1013 1798 1145 1830 venient
1168 1798 1209 1830 de
1232 1798 1372 1830 nubibus
1394 1798 1514 1830 imbres

584 1864 622 1883 19⁰
666 1850 879 1892 Placabitque
903 1853 976 1881 tuos
999 1850 1149 1882 caelestis
1172 1850 1266 1882 turbo
1290 1850 1434 1887 furorem

666 1902 841 1945 Angelicas
864 1902 950 1934 acies
973 1905 1114 1934 armatas
1138 1902 1332 1934 auxiliantes

665 1954 766 1986 Ferre
789 1954 914 1987 videbis
938 1963 1035 1996 opem
1058 1954 1157 1996 signis
1179 1954 1362 1986 victricibus
1385 1954 1538 1996 amplam,

663 2007 765 2038 Ferre
788 2016 903 2038 necem
927 2006 1000 2038 telis
1023 2006 1074 2038 cui
1095 2017 1180 2038 nunc
1203 2006 1358 2038 minitaris
1381 2006 1507 2048 iniquis.

667 2058 842 2090 Carnifices
866 2068 995 2100 quoque
1018 2058 1110 2100 pulso
1134 2058 1280 2100 loquens,
1305 2058 1359 2099 qui
1381 2057 1467 2088 iussa
1490 2057 1642 2089 volebant

582 2123 619 2143 195
663 2110 799 2142 Patrare
824 2113 857 2142 et
879 2110 1010 2142 sceleris
1033 2110 1155 2152 pariter
1178 2110 1338 2141 consortia
1362 2110 1457 2150 ferre,

666 2162 754 2199 Quos
776 2162 883 2194 aliena
905 2172 979 2194 reos
1002 2161 1127 2194 addixit
1149 2162 1258 2193 missio
1281 2172 1399 2193 noxae.

667 2214 729 2251 Qui
753 2214 891 2246 callente
916 2213 991 2245 dolo
1015 2224 1050 2245 se
1073 2213 1187 2245 fallere
1210 2223 1306 2255 posse
1330 2216 1481 2255 putantes

665 2267 772 2307 Illum,
795 2266 911 2308 plenus
935 2268 1005 2297 erat
1028 2265 1083 2307 qui
1105 2265 1176 2307 puri
1198 2265 1335 2296 flaminis
1357 2265 1485 2305 haustu,

665 2317 850 2359 Fingebant
873 2317 955 2348 falso
979 2309 1113 2348 fallaces
1135 2316 1257 2347 famine
1282 2316 1363 2347 falsa

583 2383 622 2402 200
666 2370 819 2412 Aptaque
844 2379 918 2400 rura
940 2368 1017 2400 satis
1041 2378 1076 2400 se
1100 2371 1210 2400 sancto
1235 2367 1407 2400 ostendere
1430 2378 1537 2410 posse,

666 2422 700 2454 Si
723 2422 895 2454 comitetur
918 2431 974 2453 eos
997 2431 1095 2452 causa
1118 2419 1290 2463 studioque
1314 2420 1437 2453 tuendi.

665 2473 809 2506 Callidus
834 2476 867 2505 et
890 2483 1075 2516 quanquam
1097 2473 1190 2504 miles
1214 2473 1412 2504 simulaverit
1434 2482 1501 2512 ore,

664 2526 812 2558 Finxerit
836 2528 869 2556 et
892 2528 982 2556 tanto
1006 2525 1175 2556 mendacia
1199 2524 1284 2556 dicta
1307 2524 1499 2567 prophetae,

666 2578 772 2614 Quem
796 2580 995 2609 monstrante
1020 2577 1082 2609 deo
1105 2577 1150 2608 nil
1174 2577 1317 2608 clausum
1341 2577 1449 2618 nilque
1473 2576 1596 2608 latebat

409 2725 456 2750 lssl
478 2726 595 2751 fidelibus
610 2727 633 2750 Β
723 2725 771 2751 196
789 2726 897 2751 adduxit
909 2725 934 2749 B

408 2802 457 2828 160
475 2802 582 2828 Lucan.
601 2802 677 2828 VIII
688 2803 718 2829 16
737 2802 877 2836 vertigine
895 2810 986 2828 rerum
1005 2801 1131 2828 attoniti.
1220 2802 1270 2828 180
1288 2801 1346 2828 Ioh.
1367 2802 1406 2835 13,
1420 2802 1462 2828 34.
1549 2801 1602 2828 204
1621 2800 1676 2834 Ofr.
1696 2801 1802 2827 Iuvenc.
1822 2800 1908 2828 1587.
