2040 2996
229 111 268 141 74
802 108 965 135 AUDRADI
984 107 1112 135 MODICI
1131 106 1307 134 CARMINA.

594 195 764 227 Sacratum
788 196 884 227 tereti
907 196 1029 227 fontem
1053 193 1255 225 circumdare
1280 204 1374 225 saxo:

596 247 630 278 Si
654 247 737 279 foret
761 258 923 287 emensus,
949 250 1075 289 septem
1099 246 1148 277 bis
1171 245 1323 277 redderet
1345 245 1450 284 ulnas,

594 299 742 331 Candida
765 300 911 342 septenis
936 299 1064 342 species
1087 297 1238 339 fulgebat
1260 297 1293 328 in
1316 297 1403 328 ulnis

593 352 643 383 Ac
666 352 802 384 totidem
826 352 946 392 mixtas
970 350 1099 382 nebulis
1124 349 1309 382 obduxerat
1331 348 1448 380 Eurus.

595 403 667 434 Illic
691 403 767 435 dum
792 404 913 434 frustra
936 402 1092 434 duodenis
1117 404 1238 433 atteror
1261 401 1349 432 horis

592 455 707 496 Tuque
732 455 820 487 domi
844 454 980 497 placidis
1005 454 1130 485 celares
1153 456 1303 495 tempora
1326 453 1434 491 ramis,

511 514 536 532 30
594 507 751 539 Incusare
775 507 872 539 fidem
899 507 993 549 coepi
1017 506 1142 538 fallacis
1165 506 1261 537 amici

592 559 662 590 Nec
687 559 803 591 desunt
827 559 991 598 lacrimae,
1016 569 1073 590 cur
1096 561 1128 590 te
1152 557 1351 600 praecedere
1375 557 1445 588 sivi.

594 610 748 642 Occiduis
773 621 901 652 quoque
929 610 1108 652 surgebant
1131 610 1195 641 iam
1218 609 1367 652 partibus
1391 609 1536 648 umbrae,

593 662 724 704 Vesper
747 665 779 694 et
801 662 967 704 hesperias
991 661 1127 693 ornabat
1150 660 1302 703 lampade
1326 664 1441 700 terras,

595 713 677 745 Cum
700 714 779 745 fletu
802 714 904 746 victos
927 714 1038 745 oculos
1061 723 1120 755 per
1143 713 1272 744 moenia
1294 712 1390 743 volvo

511 772 534 791 ³5
594 765 741 797 Vocibus
765 765 815 796 his
839 765 1016 804 dominum,
1041 764 1123 796 votis
1147 765 1330 806 iterumque
1353 773 1546 806 reposcens:

594 817 633 849 ‘O
657 817 840 858 quicunque
864 817 927 848 loci
951 819 1060 848 custos
1083 819 1255 858 rectorque
1279 815 1410 855 videris,

594 869 621 901 O
646 869 782 911 dignare
807 869 894 900 sitim
916 869 1037 900 misero
1061 868 1267 910 restinguere
1292 866 1436 899 tantam'.

594 921 674 952 Mox
698 921 738 953 de
764 921 842 952 sede
867 931 960 952 sacra
983 931 1047 951 vox
1069 923 1120 951 est
1144 920 1245 951 allata
1268 930 1328 962 per
1350 930 1462 951 auras:

594 973 684 1004 ‘Sum
709 984 818 1004 rerum
842 975 961 1012 custos,
986 983 1058 1004 sum
1080 972 1145 1004 vivi
1169 972 1266 1003 fontis
1291 972 1397 1014 origo;

511 1032 537 1051 ⁴⁰
596 1024 662 1056 Sed
686 1025 756 1056 sine
779 1035 858 1056 vase
883 1035 958 1056 suos
982 1023 1174 1055 mortalibus
1197 1024 1341 1065 abnegat
1363 1023 1509 1055 haustus.

595 1076 644 1108 Sit
667 1076 719 1108 cui
743 1095 784 1099 —
808 1086 988 1118 cognoscas
1015 1094 1056 1098 —
1079 1076 1155 1107 talis
1180 1078 1349 1118 compacta
1371 1075 1489 1117 figura:

596 1127 730 1160 Scilicet
753 1130 788 1159 ut
812 1128 947 1159 calamis
971 1128 1116 1170 septenis
1141 1130 1253 1169 surgat
1278 1127 1319 1158 ab
1342 1127 1419 1166 imo,

595 1180 710 1222 Erigat
734 1183 767 1211 et
790 1190 950 1211 summum
974 1179 1178 1221 distinguens
1202 1190 1283 1210 ansa
1306 1189 1473 1218 cacumen,

595 1231 660 1263 Ora
684 1231 816 1274 quidem
841 1231 978 1262 totidem
1002 1231 1077 1262 colli
1100 1230 1140 1262 de
1165 1231 1288 1262 vertice
1311 1229 1470 1272 flagrent'.

513 1291 538 1309 ⁴⁵
598 1283 625 1315 Ο
650 1294 746 1325 quam
771 1277 947 1325 gratisonis
971 1283 1160 1315 celebrabat
1184 1283 1262 1314 talia
1284 1282 1407 1314 verbis.

594 1335 736 1366 Demum
760 1335 838 1377 quid
859 1335 1014 1373 facerem,
1039 1334 1150 1366 docuit
1174 1344 1322 1366 sermone
1346 1337 1495 1376 paterno:

595 1387 709 1418 ‘Curre
726 1387 856 1418 domum
874 1386 1090 1428 manibusque
1109 1386 1207 1426 refer,
1231 1396 1315 1428 quae
1337 1385 1464 1426 mando,
1488 1386 1625 1418 miselle.

594 1438 663 1470 Aut
691 1438 718 1470 si
741 1439 915 1481 pauperies
938 1442 970 1470 te
994 1437 1074 1469 illud
1098 1449 1163 1469 non
1187 1438 1263 1468 sivit
1285 1437 1419 1476 habere,

594 1491 712 1522 Invida
737 1502 796 1522 seu
819 1491 929 1522 furtim
953 1491 1062 1533 rapuit
1085 1490 1125 1521 de
1148 1493 1244 1522 nocte
1268 1500 1409 1521 noverca

514 1550 539 1568 ⁵0
595 1543 663 1574 Aut
687 1543 714 1575 si
738 1543 828 1574 nulla
851 1542 937 1574 domi
961 1543 1082 1574 mansit
1106 1553 1182 1585 spes
1206 1541 1412 1574 inveniendi:

595 1594 685 1626 Audi
709 1595 879 1626 consilium
901 1594 986 1626 ‘tcur
1009 1594 1060 1625 his
1085 1594 1233 1626 exureris
1257 1594 1354 1626 auris.

596 1647 670 1678 Huc
693 1646 824 1688 quidam
848 1647 975 1678 iuvenis
999 1649 1050 1678 ter
1072 1649 1166 1678 nocte
1191 1645 1309 1688 dieque
1331 1646 1518 1688 frequentat

596 1699 639 1730 Et
662 1699 785 1740 scypho
809 1698 928 1730 nostris
952 1698 1110 1730 libamina
1133 1697 1238 1728 fundit
1261 1697 1294 1728 in
1317 1697 1395 1729 aris:

597 1751 662 1782 Olli
685 1762 746 1782 nos
769 1751 891 1782 nostris
914 1749 1063 1781 dedimus
1087 1749 1261 1780 viridentia
1283 1750 1385 1791 pratis

514 1810 538 1828 ⁵⁵
597 1803 708 1843 Tecta,
733 1802 850 1845 quibus
872 1805 1014 1842 maneat,
1037 1802 1144 1833 iussus
1169 1812 1227 1833 seu
1251 1794 1353 1843 prosit
1376 1802 1497 1833 amicis.

598 1855 722 1897 Oignea
746 1855 876 1897 iamque
902 1854 965 1886 sibi
988 1854 1120 1886 cortinis
1144 1854 1227 1885 atria
1250 1853 1345 1895 girat,

598 1907 709 1938 Utitur
731 1910 763 1938 et
786 1907 882 1938 claris
906 1909 1015 1939 nostro
1039 1905 1260 1937 moderamine
1284 1905 1436 1948 lymphis,

599 1959 669 1990 Iam
693 1969 753 1990 ceu
777 1958 868 1990 dives
891 1961 979 1989 amat
1002 1958 1097 2000 pictis
1121 1957 1280 1989 recubare
1304 1958 1435 2000 tapetis.

337 2070 371 2097 ‘25
390 2073 488 2097 rederet
506 2080 573 2096 corr.
594 2072 617 2096 lt
704 2070 738 2096 263
757 2072 831 2096 ulnas
850 2071 875 2096 R
893 2080 959 2096 corr.
979 2079 994 2104 ρ
1015 2071 1176 2102 (correctoris
1194 2080 1263 2095 man.
1276 2072 1336 2104 fere
1355 2070 1459 2096 coaeva)
1548 2071 1583 2097 29
1601 2073 1642 2098 Tu
1661 2081 1763 2106 quoque
1781 2082 1848 2099 corr.
1861 2073 1887 2098 B

251 2124 286 2138 an
306 2114 416 2139 velatis?
493 2113 526 2139 37
545 2115 716 2147 restringuere
739 2115 774 2143 0,·
791 2112 840 2147 cfr.
852 2123 874 2139 υ.
888 2114 939 2139 235
957 2118 980 2139 et
999 2114 1069 2146 Ver-y.
1083 2114 1139 2138 cod.
1154 2113 1233 2139 Ber-n.
1246 2122 1259 2138 c
1338 2112 1371 2138 38
1389 2114 1439 2139 alla
1458 2114 1482 2138 R
1500 2123 1567 2140 corr.
1585 2123 1601 2148 ρ
1672 2114 1706 2141 43
1724 2114 1776 2141 an*
1793 2117 1889 2150 Pon-gut

233 2161 368 2190 septenum
387 2158 410 2182 d.
425 2157 437 2182 ⁴?
505 2155 540 2182 44
558 2156 609 2182 an*
627 2158 693 2182 Ome
711 2158 774 2190 quin
793 2161 810 2182 t.
830 2157 842 2181 ‘3
859 2158 908 2190 cfr.
924 2155 1017 2182 ‹110384
1035 2161 1058 2181 et
1076 2165 1136 2182 orae
1155 2165 1240 2182 vocem
1258 2157 1330 2189 apud
1353 2157 1487 2189 Theophil.
1501 2158 1642 2191 presbyter.
1712 2157 1746 2184 48
1765 2159 1826 2184 sinit
1837 2158 1889 2184 ΒΟ

233 2209 359 2232 ευμεν-εον.
378 2199 389 2224 l
407 2201 468 2225 sinit
487 2200 511 2224 R
581 2200 616 2226 50
634 2209 755 2233 manspes
773 2209 840 2226 corr.
854 2200 878 2224 R
948 2200 979 2226 bl
997 2199 1052 2233 cur]
1066 2200 1094 2225 in
1106 2209 1158 2225 ras.
1172 2200 1196 2224 R
1209 2199 1280 2231 (mate
1293 2209 1307 2225 c
1319 2200 1423 2225 dinosco
1437 2199 1470 2233 q)
1483 2207 1536 2226 :an
1547 2199 1684 2234 *quoniam
1699 2202 1711 2226 3
1779 2201 1814 2228 52
1825 2205 1851 2228 te
1866 2202 1888 2235 Ο

234 2242 267 2268 53
289 2244 364 2276 cipho
386 2243 407 2268 0
459 2244 581 2268 libamina
603 2244 630 2268 in
654 2252 708 2269 ras.
722 2243 747 2268 lt
834 2242 868 2268 54
892 2244 1030 2268 viridantia
1052 2243 1073 2268 O
1094 2252 1161 2268 corr.
1175 2243 1200 2267 R
1293 2243 1327 2269 55
1351 2248 1471 2274 maneant
1494 2253 1560 2269 corr.
1574 2244 1599 2269 B
1689 2244 1724 2270 56
1746 2246 1852 2270 costinis
1867 2245 1889 2270 Ο

235 2287 260 2311 in
275 2287 330 2312 cod.
343 2287 428 2311 Bruae.
447 2289 527 2312 10066
539 2296 591 2319 sqq.
604 2297 623 2312 α.
639 2287 725 2319 XJXI.
745 2288 810 2312 inter
822 2287 932 2312 Miconis
950 2287 1066 2319 exempla
1087 2287 1268 2319 interpolatum
1287 2287 1350 2320 leqi:
1369 2288 1481 2312 Cortina·
1495 2288 1587 2320 cignea
1599 2297 1710 2321 namque
1722 2289 1771 2314 sibi
1783 2289 1888 2314 cortinis

233 2331 298 2355 atria
314 2334 390 2363 gyrat
408 2336 430 2359 R.
516 2330 550 2355 58
568 2339 614 2355 neu
636 2330 657 2355 0

234 2113 249 2128 ’k

338 2398 371 2424 24
392 2398 466 2424 Fast.
486 2398 544 2431 III,
563 2398 611 2424 431
638 2407 704 2424 saxo
728 2398 821 2424 lucum
840 2397 1024 2424 circumdedit
1042 2398 1110 2424 alto.
1190 2391 1236 2424 ‘29
1254 2406 1274 2424 e.
1290 2406 1314 2431 9.
1336 2398 1401 2423 Am.
1427 2398 1455 2431 V,
1475 2398 1506 2424 71
1527 2398 1633 2433 cingite
1651 2400 1778 2434 tempora
1795 2398 1888 2426 ramis.

234 2451 269 2476 30
286 2450 345 2476 Am.
362 2450 399 2482 II,
411 2451 435 2481 9,
447 2450 482 2476 43
494 2450 602 2476 fallacis
614 2450 728 2477 amicae.
799 2451 830 2477 31
852 2451 902 2483 cfr.
916 2451 983 2476 Aen.
1001 2449 1030 2483 V,
1045 2450 1094 2476 173
1113 2450 1138 2476 N
1141 2458 1170 2476 ec
1184 2449 1306 2476 lacrimis
1319 2458 1431 2476 caruere
1443 2459 1540 2484 genae.
1611 2451 1645 2477 33
1663 2451 1732 2477 Aen.
1744 2450 1795 2484 IV,
1806 2451 1823 2477 6
1833 2458 1888 2484 sqq.

236 2501 365 2527 Phoebea
382 2501 522 2528 lustrabat
539 2502 669 2536 lampade
687 2504 775 2529 terras
792 2503 795 2536 Ι
813 2523 819 2528 .
833 2523 839 2529 .
859 2503 967 2529 Aurora
986 2522 1011 2528 ..
1026 2522 1044 2533 .‚
1065 2503 1069 2535 Ι
1090 2511 1161 2528 cum.
1253 2502 1288 2528 34
1306 2510 1326 2528 e.
1342 2510 1368 2536 9.
1387 2503 1455 2529 Aen.
1480 2501 1564 2535 VIII,
1583 2502 1635 2528 618
1653 2501 1747 2528 oculos
1764 2510 1815 2536 per
1832 2501 1889 2528 sin-

235 2553 303 2586 gula
321 2552 418 2579 volvit.
504 2555 538 2580 35
555 2562 574 2580 e.
591 2563 616 2588 9.
636 2555 702 2581 Aen.
723 2555 764 2587 11,
786 2555 836 2581 770
854 2554 1012 2587 iterumque
1031 2553 1137 2580 vocavi.
1224 2554 1257 2580 37
1277 2553 1334 2579 Ecl.
1353 2553 1382 2586 V,
1400 2553 1432 2580 47
1452 2553 1547 2580 Dulcis
1565 2562 1655 2587 aquae
1673 2553 1792 2580 saliente
1811 2553 1888 2580 sitim

237 2603 409 2638 restinguere
428 2604 495 2631 rivo.
577 2606 611 2632 39
630 2606 720 2632 Hilar.
734 2609 807 2632 metr.
819 2606 851 2632 in
866 2614 923 2639 qen.
937 2606 953 2631 9
967 2607 997 2632 tu
1011 2605 1097 2631 fontis
1110 2605 1188 2639 origo
1200 2605 1233 2631 de
1247 2604 1356 2631 Cha-isto.
1438 2606 1471 2631 49
1489 2606 1537 2638 cfr.
1554 2605 1628 2639 Ver-9.
1641 2613 1660 2631 c.
1671 2613 1696 2639 q.
1710 2605 1770 2631 Ed.
1783 2605 1844 2638 ΙΙΙ,
1855 2605 1890 2631 33

236 2658 259 2681 et
287 2655 359 2681 Ovid.
382 2663 401 2682 e.
423 2664 447 2689 (J.
467 2657 529 2682 Met.
550 2657 573 2690 Ι,
594 2658 651 2684 147.
746 2659 780 2685 52
799 2666 820 2685 e.
837 2667 862 2692 9.
884 2657 973 2684 Seduz.
993 2657 1034 2690 II,
1054 2657 1105 2684 ‘255
1129 2657 1181 2683 hoc
1206 2658 1288 2683 nocte
1311 2656 1411 2690 dieque
1435 2665 1587 2691 precemur.
1680 2657 1714 2684 53
1737 2656 1786 2689 cfr.
1812 2655 1889 2683 Fert.

239 2706 266 2733 Ο.
285 2707 314 2740 V,
333 2708 357 2739 5,
378 2708 435 2734 133.
527 2709 560 2735 56
579 2708 693 2735 cortinis
712 2710 729 2735 i.
747 2717 767 2735 e.
787 2709 906 2740 aulaeis,
929 2709 975 2742 cfr.
995 2709 1107 2735 Kaulen
1125 2718 1151 2742 p.
1166 2710 1198 2736 15
1216 2717 1235 2735 e.
1252 2718 1277 2743 9.
1296 2709 1380 2736 Nam.
1398 2709 1423 2740 3,
1442 2709 1475 2735 26
1499 2709 1620 2736 cortinas
1638 2708 1704 2735 atrii
1722 2711 1745 2735 ot
1763 2708 1803 2735 Io.
1821 2707 1888 2735 Soet.

237 2759 254 2786 l.
273 2767 293 2785 c.
307 2768 337 2795 p.
358 2759 423 2787 1227
442 2768 464 2788 v.
484 2760 514 2788 71
541 2760 662 2789 Cortinis
686 2761 792 2795 patulis
817 2762 846 2792 et
868 2761 954 2800 longa.
976 2769 1026 2801 per
1043 2760 1117 2788 atria.
1135 2760 1229 2794 tentis.
1320 2761 1354 2792 58
1373 2761 1441 2788 Aen.
1466 2761 1532 2801 VH,
1550 2761 1601 2788 277
1620 2760 1760 2801 pictisque
1776 2759 1890 2801 tapetis.
