2040 2996
688 106 737 135 AD
755 106 974 150 Lo'rHAmUM
994 107 1274 137 IMPERATOREM.
1744 110 1805 144 235

443 201 468 221 2⁵
525 194 656 228 Perfida
678 196 762 228 colla
784 196 843 228 tibi
866 197 1040 229 flectentur
1062 197 1132 229 iure
1157 199 1299 241 superbi,

570 247 663 279 Mens
686 248 817 280 humilis
840 249 958 281 subdet
979 249 1104 291 perfida
1126 250 1211 282 colla
1233 251 1304 283 tibi.

523 298 588 331 En:
612 310 705 342 quae,
729 311 798 340 rex,
822 300 942 342 iugiter
963 301 1130 333 meditaris
1154 302 1225 333 iura
1248 302 1400 345 Sophiae,

571 351 663 388 Quae
686 352 806 384 virtute
830 363 890 384 sua
913 353 1054 394 reproba
1077 354 1163 385 colla
1186 353 1307 386 domat.

523 402 607 434 Nam
632 404 794 446 scriptura
817 403 928 443 refert,
952 404 1036 435 hanc
1060 404 1220 437 excidisse
1245 406 1412 437 columnas

441 459 466 478 ³⁰
571 454 705 496 Septem
729 455 923 498 praecipuas
947 458 980 487 et
1004 456 1160 488 statuisse
1184 456 1331 493 domum;

525 506 677 538 Subdidit
698 507 827 539 interea
849 507 969 549 rigidos
993 508 1108 549 regina
1130 511 1285 550 tyrannos

571 557 726 600 Collaque
751 559 887 590 calcavit
910 559 1033 591 viribus
1057 563 1155 591 aucta
1178 561 1256 592 suis.

521 609 616 641 Haec
640 620 768 652 quoque
792 612 979 653 permagnis
1007 615 1040 643 te
1063 612 1208 653 praefert
1231 612 1360 644 dotibus
1384 615 1515 644 auctum

569 661 680 704 Atque
703 661 819 704 opibus
842 663 983 705 propriis
1007 663 1119 694 inclita
1142 664 1262 706 quippe
1285 665 1393 696 fovet:

440 720 465 738 ³⁵
524 713 618 744 Haec
642 713 788 755 regimen
811 724 971 745 summum
995 714 1118 746 tribuet
1142 715 1311 758 Sapientia
1334 716 1428 748 vobis

569 764 679 807 Atque
702 765 770 796 suis
793 765 892 797 faciet
915 766 1049 798 sedibus
1073 766 1145 809 ipsa
1167 767 1241 800 frui.

964 956 995 980 v.

219 1017 360 1050 Hauriat
383 1017 506 1050 Caesar
529 1019 671 1062 sapiens,
694 1019 855 1062 benignus
1070 1019 1203 1053 Arbiter
1227 1032 1363 1063 regnum
1388 1022 1561 1054 moderans
1587 1021 1627 1052 ab
1652 1032 1743 1060 aevo,

220 1070 363 1102 Auribus
387 1081 515 1102 carmen
540 1071 748 1113 citharaeque
771 1073 885 1110 melos,
1072 1072 1254 1114 Protegens
1279 1077 1423 1105 nostrum
1448 1074 1603 1105 comitare
1627 1083 1749 1114 regem,

219 1122 282 1158 Qui
306 1122 405 1154 debet
428 1122 542 1154 crebra
566 1123 720 1164 variaque
745 1123 842 1155 laude
1070 1124 1207 1166 Porrige
1231 1128 1264 1156 et
1287 1124 1438 1156 dextram
1461 1124 1582 1156 famulo
1605 1123 1704 1164 fideli,

359 1173 556 1206 Glorifieari.
1213 1175 1343 1208 Christe
1367 1176 1571 1219 redemptor:

165 1272 176 1290 ⁵
216 1263 384 1296 Laudibus
407 1274 544 1306 regnum
568 1267 602 1296 et
624 1264 774 1296 diadema
799 1266 922 1297 clarum
1005 1273 1030 1292 2⁵
1071 1265 1203 1308 Regnet
1225 1269 1261 1297 ut
1283 1269 1448 1308 sceptrum
1471 1266 1616 1297 retinens
1642 1267 1774 1306 avitum,

219 1315 371 1348 Caesaris
393 1316 503 1357 magni
528 1315 647 1357 vigeat,
672 1319 831 1354 coruscet,
1069 1317 1144 1349 Iure
1168 1317 1331 1348 subiectos
1355 1317 1465 1348 foveat
1489 1317 1644 1355 Quirites,

217 1367 393 1399 Caesarem
419 1377 549 1409 semper
571 1368 759 1410 recinetque
783 1371 928 1400 nostrum
1069 1368 1220 1400 Gaudeat
1244 1371 1334 1400 tanto
1358 1368 1488 1399 domino
1513 1368 1649 1399 subesse

359 1418 498 1451 Carmen
521 1420 652 1462 ubique.
1209 1419 1297 1451 Urbs
1321 1430 1450 1462 quoque
1474 1419 1588 1452 Roma.

216 1508 328 1542 omnis
352 1510 480 1542 exultet
502 1509 713 1552 moduletque
738 1520 876 1541 cernens
1067 1508 1216 1552 Imperet
1238 1510 1342 1542 fretus
1365 1510 1504 1552 propriis
1528 1510 1666 1541 habenis

151 1569 177 1587 ¹⁰
215 1561 317 1604 Regis
341 1561 518 1593 aduentum
542 1571 682 1604 propero
707 1571 852 1599 recursu,
1002 1568 1028 1586 ³⁰
1068 1560 1190 1604 Sponte
1214 1562 1370 1594 subiectis
1386 1561 1515 1604 >placita
1538 1562 1659 1602 quiete,

208 1613 361 1645 -Visitans
384 1616 531 1644 nostrum
554 1613 684 1644 Latium
708 1613 816 1644 sereni
1068 1611 1212 1654 Legibus
1237 1616 1391 1655 torquens
1419 1613 1500 1644 alios
1525 1613 1648 1644 severis

357 1664 465 1696 Sexus
490 1667 523 1696 et
546 1668 648 1696 aetas.
1201 1664 1285 1696 Rite
1308 1664 1465 1696 rebelles:

216 1753 318 1787 'l'etra
341 1765 413 1786 cum
437 1755 541 1786 nubes
565 1754 672 1786 radios
695 1755 823 1786 corusci
1066 1753 1178 1786 Virtus
1202 1758 1253 1786 ast
1276 1754 1366 1786 illum
1390 1754 1563 1786 comitatur
1586 1755 1688 1785 alma:

217 1806 302 1838 Solis
326 1806 451 1838 inuadit
473 1806 664 1848 Boreasque
687 1806 814 1849 spirans
1068 1805 1205 1845 Cuncta,
1216 1817 1300 1848 quae
1313 1809 1474 1848 optamus,
1488 1807 1635 1847 regimen
1649 1809 1803 1837 secuntur

151 1865 175 1884 ¹⁵
215 1857 379 1890 Verberat
400 1858 495 1889 nubis
520 1857 730 1889 tenebrosum
754 1858 919 1897 amictum,
1002 1864 1027 1883 δε·
1069 1857 1223 1889 Caesaris
1247 1858 1349 1888 nostri
1373 1857 1504 1888 domino
1527 1858 1668 1896 volente,

356 1908 486 1941 Emicat
509 1912 545 1940 ut
568 1909 629 1940 sol:
1208 1909 1256 1940 Te
1280 1919 1418 1951 quoque,
1444 1908 1584 1941 Christe.

213 1997 314 2030 Haud
339 2009 433 2031 secus
457 2002 568 2031 noster
591 1998 701 2030 reduci
726 2002 835 2031 meatu
1067 1997 1201 2031 Summa
1225 1999 1380 2030 maiestas
1405 2016 1446 2022 —-
1469 2001 1563 2040 pater
1586 2001 1683 2040 atque
1711 2002 1799 2038 nate,

215 2050 340 2082 Caesar
363 2050 533 2092 Augustus
556 2050 686 2082 Latium
710 2051 852 2092 petendo
1068 2050 1208 2092 Spiritus
1233 2053 1366 2082 sanctus
1389 2069 1430 2073 —
1454 2050 1606 2091 precibus
1632 2050 1756 2089 adesto,

215 2101 356 2134 Nubilae
378 2103 497 2134 mentis
520 2102 647 2144 pepulit
669 2102 825 2134 tenebras
1066 2101 1248 2133 Reddimus
1272 2102 1359 2143 regis
1382 2101 1442 2132 tibi
1466 2111 1524 2143 pro
1548 2102 1654 2132 salute

149 2160 176 2179 ²⁰
357 2153 556 2196 Splendidus
581 2164 644 2186 ore.
1001 2160 1027 2178 ⁴⁰
1208 2152 1309 2193 Quas,
1332 2152 1414 2184 deus
1437 2163 1531 2184 unus.

251 2321 286 2348 27
305 2325 323 2355 q
341 2323 367 2348 B
380 2323 396 2349 ἰ.
409 2331 430 2349 e.
441 2332 506 2356 quae
583 2322 618 2348 29
630 2305 757 2356 scriptura-t
767 2323 790 2347 Β
860 2322 894 2348 33
907 2322 928 2347 l‘s
941 2327 979 2357 qq
985 2323 1040 2355 fuit
1052 2322 1079 2346 iu
1092 2321 1116 2346 Β
1185 2319 1219 2346 34
1230 2321 1310 2345 indita
1322 2320 1347 2344 B
1359 2329 1425 2345 corr.
1438 2320 1532 2352 Hagen
1637 2319 1682 2353 [v.]
1694 2325 1799 2353 praeter

149 2374 286 2408 Hayemm}
302 2375 342 2400 ed.
358 2375 448 2408 Peiper
462 2375 644 2400 Gaudeamus!
668 2375 738 2407 Lipu.
753 2373 819 2399 1877
828 2383 855 2407 p.
870 2374 920 2399 160
930 2383 994 2406 sqq.,·
1012 2373 1148 2398 acrostichi
1161 2373 1244 2397 luxum
1258 2372 1406 2396 Duemmler
1419 2372 1510 2397 ‹lelex-it
1523 2372 1601 2405 Sybel
1612 2373 1636 2398 Ιι.
1650 2373 1679 2397 Ζ.
1691 2371 1733 2404 37,
1748 2371 1798 2397 347

150 2426 163 2452 l
193 2427 285 2452 Han-iat
305 2426 330 2451 B
353 2435 420 2452 corr.
441 2427 534 2460 Haqen
623 2426 653 2452 ll
682 2427 794 2452 Visentis
822 2426 982 2451 Bursian-ts:
1007 2425 1076 2457 quod
1100 2429 1207 2449 metrum
1231 2423 1409 2456 pessumdaret
1497 2423 1529 2449 13
1553 2423 1622 2456 cum]
1645 2432 1692 2449 eeu
1715 2424 1799 2448 Havet

150 2482 183 2507 15
198 2483 317 2508 uerberat
328 2481 354 2507 B
364 2491 431 2508 corr.
447 2482 541 2515 Hagen
584 2483 666 2508 nubes
676 2482 701 2507 B
713 2491 780 2508 corr.
796 2482 879 2506 Have!
959 2480 991 2506 1⁴5
1009 2457 1100 2507 emiizet
1110 2481 1134 2505 B
1183 2479 1223 2505 *et
1237 2479 1262 2504 B
1346 2478 1378 2504 18
1397 2462 1521 2511 petendds
1534 2479 1560 2504 B
1642 2478 1676 2504 23
1694 2480 1799 2512 Porrige

148 2539 174 2560 et
191 2534 227 2559 nic
240 2533 265 2559 B
351 2533 386 2559 30
403 2534 502 2567 placida
518 2534 612 2566 Haqen
698 2534 733 2559 36
751 2534 844 2559 christe
859 2534 884 2558 B
901 2543 967 2558 corr.
987 2534 1080 2566 Ilnqen

250 2631 285 2657 29
297 2630 375 2657 Pron.
387 2631 412 2662 9,
430 2631 442 2656 1
458 2630 604 2665 Sapientia
616 2630 775 2658 aedificavit
788 2631 840 2658 sibi
855 2631 976 2662 domum,
990 2630 1093 2656 excidit
1105 2630 1247 2656 columnas
1261 2630 1367 2663 septem
1377 2639 1383 2659 ;
1395 2629 1444 2661 cfr.
1459 2628 1546 2655 Sedul.
1561 2628 1581 2654 Ι
1591 2632 1637 2651 ΧΗ
1648 2636 1677 2661 p.
1691 2628 1740 2654 159
1753 2636 1799 2661 sq..

148 2684 183 2711 32
203 2683 275 2710 Rem.
293 2681 327 2708 88
344 2681 450 2708 viribus
468 2682 532 2723 acta
551 2681 615 2708 suis.

1541 2735 1595 2762 30*
