<?xml version="1.0" encoding="UTF-8"?>
<!DOCTYPE html PUBLIC "-//W3C//DTD XHTML 1.0 Transitional//EN"
    "http://www.w3.org/TR/xhtml1/DTD/xhtml1-transitional.dtd">
<html xmlns="http://www.w3.org/1999/xhtml" xml:lang="en" lang="en">
 <head>
  <title>
</title>
<meta http-equiv="Content-Type" content="text/html;charset=utf-8" />
  <meta name='ocr-system' content='tesseract 3.04.00' />
  <meta name='ocr-capabilities' content='ocr_page ocr_carea ocr_par ocr_line ocrx_word'/>
</head>
<body>
  <div class='ocr_page' id='page_1' title='image "./monumentagerma03geseuoft/monumentagerma03geseuoft_0568.png"; bbox 0 0 2060 3074; ppageno 0'>
   <div class='ocr_carea' id='block_1_1' title="bbox 342 2572 1892 2648">
    <p class='ocr_par' dir='ltr' id='par_1_1' title="bbox 342 2572 1892 2648">
     <span class='ocr_line' id='line_1_1' title="bbox 342 2572 1057 2606; baseline -0.001 -8"><span class='ocrx_word' id='word_1_1' title='bbox 342 2572 376 2597; x_wconf 88' lang='lat'><strong>78</strong></span> <span class='ocrx_word' id='word_1_2' title='bbox 400 2573 495 2606; x_wconf 73' lang='lat' dir='ltr'><strong>sciptra</strong></span> <span class='ocrx_word' id='word_1_3' title='bbox 514 2572 549 2606; x_wconf 78' lang='lat' dir='ltr'><strong>(et</strong></span> <span class='ocrx_word' id='word_1_4' title='bbox 567 2572 619 2598; x_wconf 88' lang='lat'><strong>100</strong></span> <span class='ocrx_word' id='word_1_5' title='bbox 636 2573 748 2606; x_wconf 86' lang='lat' dir='ltr'><strong>sciptris)</strong></span> <span class='ocrx_word' id='word_1_6' title='bbox 768 2573 804 2598; x_wconf 69' lang='lat' dir='ltr'><strong>eie</strong></span> <span class='ocrx_word' id='word_1_7' title='bbox 822 2572 854 2598; x_wconf 83' lang='lat'><strong>0.-</strong></span> <span class='ocrx_word' id='word_1_8' title='bbox 873 2574 907 2605; x_wconf 83' lang='lat' dir='ltr'><strong>cs.</strong></span> <span class='ocrx_word' id='word_1_9' title='bbox 926 2572 962 2597; x_wconf 74' lang='lat' dir='ltr'><strong>ad</strong></span> <span class='ocrx_word' id='word_1_10' title='bbox 980 2572 1057 2597; x_wconf 86' lang='lat'>1111.</span> 
     </span>
     <span class='ocr_line' id='line_1_2' title="bbox 443 2609 1892 2648; baseline -0.004 -8"><span class='ocrx_word' id='word_1_11' title='bbox 443 2616 478 2640; x_wconf 79' lang='lat'><strong>90</strong></span> <span class='ocrx_word' id='word_1_12' title='bbox 504 2616 627 2641; x_wconf 88' lang='lat' dir='ltr'><strong>luriculos</strong></span> <span class='ocrx_word' id='word_1_13' title='bbox 648 2616 670 2640; x_wconf 81' lang='grc' dir='ltr'><em>Ο</em></span> <span class='ocrx_word' id='word_1_14' title='bbox 693 2624 761 2640; x_wconf 81' lang='lat' dir='ltr'><strong>corr.</strong></span> <span class='ocrx_word' id='word_1_15' title='bbox 781 2615 894 2640; x_wconf 69' lang='lat' dir='ltr'><strong>Ilm-acer</strong></span> <span class='ocrx_word' id='word_1_16' title='bbox 985 2614 1019 2639; x_wconf 82' lang='grc'><strong>95</strong></span> <span class='ocrx_word' id='word_1_17' title='bbox 1047 2615 1136 2648; x_wconf 71' lang='lat' dir='ltr'><strong>plenas</strong></span> <span class='ocrx_word' id='word_1_18' title='bbox 1162 2614 1198 2639; x_wconf 69' lang='lat' dir='ltr'><strong>sio</strong></span> <span class='ocrx_word' id='word_1_19' title='bbox 1217 2613 1239 2638; x_wconf 81' lang='grc' dir='ltr'><em>Ο</em></span> <span class='ocrx_word' id='word_1_20' title='bbox 1326 2611 1377 2638; x_wconf 86' lang='grc'><strong>100</strong></span> <span class='ocrx_word' id='word_1_21' title='bbox 1403 2621 1438 2637; x_wconf 83' lang='lat' dir='ltr'><strong>an</strong></span> <span class='ocrx_word' id='word_1_22' title='bbox 1462 2609 1529 2639; x_wconf 73' lang='grc' dir='ltr'><strong>*ΕΚ</strong></span> <span class='ocrx_word' id='word_1_23' title='bbox 1551 2609 1724 2639; x_wconf 61' lang='grc' dir='ltr'>ΧΕΙΡωΝῬ</span> <span class='ocrx_word' id='word_1_24' title='bbox 1750 2611 1783 2641; x_wconf 73' lang='lat' dir='ltr'><strong>cf.</strong></span> <span class='ocrx_word' id='word_1_25' title='bbox 1809 2619 1892 2643; x_wconf 71' lang='lat' dir='ltr'><strong>cupra</strong></span> 
     </span>
    </p>
   </div>
   <div class='ocr_carea' id='block_1_2' title="bbox 233 2615 435 2690">
    <p class='ocr_par' dir='ltr' id='par_1_2' title="bbox 233 2615 435 2690">
     <span class='ocr_line' id='line_1_3' title="bbox 238 2615 351 2639; baseline 0.009 -1"><span class='ocrx_word' id='word_1_26' title='bbox 238 2615 351 2639; x_wconf 76' lang='lat' dir='ltr'><strong>Ilarster</strong></span> 
     </span>
     <span class='ocr_line' id='line_1_4' title="bbox 233 2657 435 2690; baseline 0.01 -8"><span class='ocrx_word' id='word_1_27' title='bbox 233 2667 295 2690; x_wconf 74' lang='lat' dir='ltr'><strong>pay.</strong></span> <span class='ocrx_word' id='word_1_28' title='bbox 309 2657 360 2683; x_wconf 80' lang='grc'><strong>546</strong></span> <span class='ocrx_word' id='word_1_29' title='bbox 379 2666 404 2683; x_wconf 84' lang='grc' dir='ltr'><strong>ιν</strong></span> <span class='ocrx_word' id='word_1_30' title='bbox 419 2658 435 2684; x_wconf 79' lang='lat' dir='ltr'><strong>G</strong></span> 
     </span>
    </p>
   </div>
   <div class='ocr_carea' id='block_1_3' title="bbox 521 312 547 329">
    <p class='ocr_par' dir='ltr' id='par_1_3' title="bbox 521 312 547 329">
     <span class='ocr_line' id='line_1_5' title="bbox 521 312 547 329; baseline 0 0"><span class='ocrx_word' id='word_1_31' title='bbox 521 312 547 329; x_wconf 74' lang='lat'><strong>60</strong></span> 
     </span>
    </p>
   </div>
   <div class='ocr_carea' id='block_1_4' title="bbox 525 832 549 850">
    <p class='ocr_par' dir='ltr' id='par_1_4' title="bbox 525 832 549 850">
     <span class='ocr_line' id='line_1_6' title="bbox 525 832 549 850; baseline -0.042 0"><span class='ocrx_word' id='word_1_32' title='bbox 525 832 549 850; x_wconf 80' lang='lat'><strong>&#39;1⁰</strong></span> 
     </span>
    </p>
   </div>
   <div class='ocr_carea' id='block_1_5' title="bbox 526 1090 550 1109">
    <p class='ocr_par' dir='ltr' id='par_1_5' title="bbox 526 1090 550 1109">
     <span class='ocr_line' id='line_1_7' title="bbox 526 1090 550 1109; baseline -0.042 0"><span class='ocrx_word' id='word_1_33' title='bbox 526 1090 550 1109; x_wconf 76' lang='lat'><strong>75</strong></span> 
     </span>
    </p>
   </div>
   <div class='ocr_carea' id='block_1_6' title="bbox 526 1351 552 1368">
    <p class='ocr_par' dir='ltr' id='par_1_6' title="bbox 526 1351 552 1368">
     <span class='ocr_line' id='line_1_8' title="bbox 526 1351 552 1368; baseline 0 0"><span class='ocrx_word' id='word_1_34' title='bbox 526 1351 552 1368; x_wconf 82' lang='lat'><strong>80</strong></span> 
     </span>
    </p>
   </div>
   <div class='ocr_carea' id='block_1_7' title="bbox 530 1610 554 1629">
    <p class='ocr_par' dir='ltr' id='par_1_7' title="bbox 530 1610 554 1629">
     <span class='ocr_line' id='line_1_9' title="bbox 530 1610 554 1629; baseline 0.042 -1"><span class='ocrx_word' id='word_1_35' title='bbox 530 1610 554 1629; x_wconf 79' lang='lat'><strong>85</strong></span> 
     </span>
    </p>
   </div>
   <div class='ocr_carea' id='block_1_8' title="bbox 522 2387 560 2405">
    <p class='ocr_par' dir='ltr' id='par_1_8' title="bbox 522 2387 560 2405">
     <span class='ocr_line' id='line_1_10' title="bbox 522 2387 560 2405; baseline 0 0"><span class='ocrx_word' id='word_1_36' title='bbox 522 2387 560 2405; x_wconf 83' lang='lat'><strong>100</strong></span> 
     </span>
    </p>
   </div>
   <div class='ocr_carea' id='block_1_9' title="bbox 797 156 1318 186">
    <p class='ocr_par' dir='ltr' id='par_1_9' title="bbox 797 156 1318 186">
     <span class='ocr_line' id='line_1_11' title="bbox 797 156 1318 186; baseline -0.006 -1"><span class='ocrx_word' id='word_1_37' title='bbox 797 158 974 186; x_wconf 86' lang='lat' dir='ltr'>IOHANNIS</span> <span class='ocrx_word' id='word_1_38' title='bbox 994 157 1123 184; x_wconf 85' lang='lat' dir='ltr'><strong>SCOTTI</strong></span> <span class='ocrx_word' id='word_1_39' title='bbox 1141 156 1318 183; x_wconf 76' lang='lat' dir='ltr'><strong>CARMINA.</strong></span> 
     </span>
    </p>
   </div>
   <div class='ocr_carea' id='block_1_10' title="bbox 593 243 1587 2467">
    <p class='ocr_par' dir='ltr' id='par_1_10' title="bbox 593 243 1587 963">
     <span class='ocr_line' id='line_1_12' title="bbox 594 243 1446 286; baseline -0.005 -8"><span class='ocrx_word' id='word_1_40' title='bbox 594 247 689 278; x_wconf 84' lang='lat' dir='ltr'>Felix</span> <span class='ocrx_word' id='word_1_41' title='bbox 713 247 769 277; x_wconf 89' lang='lat' dir='ltr'><strong>illa</strong></span> <span class='ocrx_word' id='word_1_42' title='bbox 793 245 917 285; x_wconf 86' lang='lat' dir='ltr'><strong>domus,</strong></span> <span class='ocrx_word' id='word_1_43' title='bbox 942 254 1025 286; x_wconf 88' lang='lat' dir='ltr'><strong>quae</strong></span> <span class='ocrx_word' id='word_1_44' title='bbox 1049 243 1168 285; x_wconf 83' lang='lat' dir='ltr'><strong>fraglat</strong></span> <span class='ocrx_word' id='word_1_45' title='bbox 1191 245 1336 275; x_wconf 77' lang='lat' dir='ltr'><strong>aromata</strong></span> <span class='ocrx_word' id='word_1_46' title='bbox 1359 243 1446 274; x_wconf 85' lang='lat' dir='ltr'><strong>vitae</strong></span> 
     </span>
     <span class='ocr_line' id='line_1_13' title="bbox 594 294 1352 339; baseline -0.005 -10"><span class='ocrx_word' id='word_1_47' title='bbox 594 298 793 339; x_wconf 82' lang='lat' dir='ltr'><strong>Arcanisque</strong></span> <span class='ocrx_word' id='word_1_48' title='bbox 817 297 881 327; x_wconf 89' lang='lat' dir='ltr'><strong>suis</strong></span> <span class='ocrx_word' id='word_1_49' title='bbox 903 295 1046 338; x_wconf 81' lang='lat' dir='ltr'><strong>paradisi</strong></span> <span class='ocrx_word' id='word_1_50' title='bbox 1068 294 1210 337; x_wconf 81' lang='lat' dir='ltr'><strong>prodidit</strong></span> <span class='ocrx_word' id='word_1_51' title='bbox 1233 304 1352 326; x_wconf 88' lang='lat' dir='ltr'><strong>escam.</strong></span> 
     </span>
     <span class='ocr_line' id='line_1_14' title="bbox 595 344 1468 390; baseline -0.006 -10"><span class='ocrx_word' id='word_1_52' title='bbox 595 349 770 390; x_wconf 85' lang='lat' dir='ltr'><strong>Angelicus</strong></span> <span class='ocrx_word' id='word_1_53' title='bbox 793 348 897 390; x_wconf 85' lang='lat' dir='ltr'><strong>panis,</strong></span> <span class='ocrx_word' id='word_1_54' title='bbox 922 357 1019 389; x_wconf 91' lang='lat' dir='ltr'><strong>quem</strong></span> <span class='ocrx_word' id='word_1_55' title='bbox 1042 346 1163 389; x_wconf 90' lang='lat' dir='ltr'><strong>primus</strong></span> <span class='ocrx_word' id='word_1_56' title='bbox 1186 345 1328 388; x_wconf 83' lang='lat' dir='ltr'><strong>perdidit</strong></span> <span class='ocrx_word' id='word_1_57' title='bbox 1350 344 1468 385; x_wconf 86' lang='lat' dir='ltr'><strong>Adam,</strong></span> 
     </span>
     <span class='ocr_line' id='line_1_15' title="bbox 595 398 1425 441; baseline -0.005 -9"><span class='ocrx_word' id='word_1_58' title='bbox 595 401 722 432; x_wconf 87' lang='lat' dir='ltr'><strong>Vilibus</strong></span> <span class='ocrx_word' id='word_1_59' title='bbox 745 400 777 431; x_wconf 91' lang='lat' dir='ltr'><strong>in</strong></span> <span class='ocrx_word' id='word_1_60' title='bbox 801 399 936 431; x_wconf 86' lang='lat' dir='ltr'><strong>stabulis</strong></span> <span class='ocrx_word' id='word_1_61' title='bbox 958 409 1061 441; x_wconf 93' lang='lat' dir='ltr'><strong>prono</strong></span> <span class='ocrx_word' id='word_1_62' title='bbox 1085 398 1245 440; x_wconf 89' lang='lat' dir='ltr'><strong>reperitur</strong></span> <span class='ocrx_word' id='word_1_63' title='bbox 1267 398 1300 428; x_wconf 92' lang='lat' dir='ltr'><strong>in</strong></span> <span class='ocrx_word' id='word_1_64' title='bbox 1323 400 1425 429; x_wconf 88' lang='lat' dir='ltr'><strong>antro.</strong></span> 
     </span>
     <span class='ocr_line' id='line_1_16' title="bbox 596 449 1367 495; baseline -0.005 -11"><span class='ocrx_word' id='word_1_65' title='bbox 596 453 694 484; x_wconf 90' lang='lat' dir='ltr'><strong>Lucis</strong></span> <span class='ocrx_word' id='word_1_66' title='bbox 716 451 904 495; x_wconf 87' lang='lat' dir='ltr'><strong>praeclarae</strong></span> <span class='ocrx_word' id='word_1_67' title='bbox 929 451 984 493; x_wconf 92' lang='lat' dir='ltr'><strong>qui</strong></span> <span class='ocrx_word' id='word_1_68' title='bbox 1006 450 1106 482; x_wconf 85' lang='lat' dir='ltr'><strong>vestit</strong></span> <span class='ocrx_word' id='word_1_69' title='bbox 1129 449 1236 481; x_wconf 86' lang='lat' dir='ltr'><strong>sidera</strong></span> <span class='ocrx_word' id='word_1_70' title='bbox 1257 450 1367 492; x_wconf 88' lang='lat' dir='ltr'><strong>peplo,</strong></span> 
     </span>
     <span class='ocr_line' id='line_1_17' title="bbox 596 502 1414 544; baseline -0.006 -7"><span class='ocrx_word' id='word_1_71' title='bbox 596 507 725 538; x_wconf 85' lang='lat' dir='ltr'><strong>Pannos</strong></span> <span class='ocrx_word' id='word_1_72' title='bbox 747 504 890 536; x_wconf 83' lang='lat' dir='ltr'><strong>induitur</strong></span> <span class='ocrx_word' id='word_1_73' title='bbox 913 504 1003 535; x_wconf 80' lang='lat' dir='ltr'><strong>furvo</strong></span> <span class='ocrx_word' id='word_1_74' title='bbox 1028 503 1087 534; x_wconf 91' lang='lat' dir='ltr'><strong>sub</strong></span> <span class='ocrx_word' id='word_1_75' title='bbox 1111 502 1248 534; x_wconf 89' lang='lat' dir='ltr'><strong>culmine</strong></span> <span class='ocrx_word' id='word_1_76' title='bbox 1273 504 1414 544; x_wconf 82' lang='lat' dir='ltr'><strong>emptae.</strong></span> 
     </span>
     <span class='ocr_line' id='line_1_18' title="bbox 594 554 1467 594; baseline -0.006 -5"><span class='ocrx_word' id='word_1_77' title='bbox 594 558 700 594; x_wconf 84' lang='lat' dir='ltr'>Quem</span> <span class='ocrx_word' id='word_1_78' title='bbox 722 557 828 588; x_wconf 90' lang='lat' dir='ltr'><strong>nullus</strong></span> <span class='ocrx_word' id='word_1_79' title='bbox 851 556 941 587; x_wconf 87' lang='lat' dir='ltr'><strong>novit</strong></span> <span class='ocrx_word' id='word_1_80' title='bbox 965 565 1076 587; x_wconf 88' lang='lat' dir='ltr'><strong>sensus</strong></span> <span class='ocrx_word' id='word_1_81' title='bbox 1099 564 1160 586; x_wconf 88' lang='lat' dir='ltr'><strong>nec</strong></span> <span class='ocrx_word' id='word_1_82' title='bbox 1182 554 1300 586; x_wconf 86' lang='lat' dir='ltr'><strong>mentis</strong></span> <span class='ocrx_word' id='word_1_83' title='bbox 1322 563 1467 593; x_wconf 78' lang='lat' dir='ltr'><strong>acumen,</strong></span> 
     </span>
     <span class='ocr_line' id='line_1_19' title="bbox 596 605 1413 640; baseline -0.006 1"><span class='ocrx_word' id='word_1_84' title='bbox 596 609 732 640; x_wconf 86' lang='lat' dir='ltr'><strong>Mandra</strong></span> <span class='ocrx_word' id='word_1_85' title='bbox 753 609 852 640; x_wconf 91' lang='lat' dir='ltr'><strong>boum</strong></span> <span class='ocrx_word' id='word_1_86' title='bbox 875 607 955 639; x_wconf 86' lang='lat' dir='ltr'><strong>vidit</strong></span> <span class='ocrx_word' id='word_1_87' title='bbox 978 611 1091 638; x_wconf 87' lang='lat' dir='ltr'><strong>tenero</strong></span> <span class='ocrx_word' id='word_1_88' title='bbox 1114 606 1275 637; x_wconf 84' lang='lat' dir='ltr'><strong>velamine</strong></span> <span class='ocrx_word' id='word_1_89' title='bbox 1299 605 1413 637; x_wconf 86' lang='lat' dir='ltr'><strong>carnis.</strong></span> 
     </span>
     <span class='ocr_line' id='line_1_20' title="bbox 598 656 1587 702; baseline -0.005 -10"><span class='ocrx_word' id='word_1_90' title='bbox 598 660 690 697; x_wconf 83' lang='lat' dir='ltr'><strong>Quae</strong></span> <span class='ocrx_word' id='word_1_91' title='bbox 713 671 815 701; x_wconf 88' lang='lat' dir='ltr'><strong>mens,</strong></span> <span class='ocrx_word' id='word_1_92' title='bbox 840 670 923 702; x_wconf 89' lang='lat' dir='ltr'><strong>quae</strong></span> <span class='ocrx_word' id='word_1_93' title='bbox 946 659 1056 699; x_wconf 86' lang='lat' dir='ltr'><strong>virtus,</strong></span> <span class='ocrx_word' id='word_1_94' title='bbox 1080 668 1232 701; x_wconf 90' lang='lat' dir='ltr'><strong>superum</strong></span> <span class='ocrx_word' id='word_1_95' title='bbox 1257 667 1340 699; x_wconf 89' lang='lat' dir='ltr'><strong>quae</strong></span> <span class='ocrx_word' id='word_1_96' title='bbox 1363 657 1450 688; x_wconf 86' lang='lat' dir='ltr'><strong>facta</strong></span> <span class='ocrx_word' id='word_1_97' title='bbox 1473 656 1587 698; x_wconf 85' lang='lat' dir='ltr'><strong>sophia</strong></span> 
     </span>
     <span class='ocr_line' id='line_1_21' title="bbox 596 709 1402 755; baseline -0.005 -10"><span class='ocrx_word' id='word_1_98' title='bbox 596 714 634 745; x_wconf 92' lang='lat' dir='ltr'><strong>In</strong></span> <span class='ocrx_word' id='word_1_99' title='bbox 658 724 788 745; x_wconf 90' lang='lat' dir='ltr'><strong>carnem</strong></span> <span class='ocrx_word' id='word_1_100' title='bbox 811 713 932 755; x_wconf 84' lang='lat' dir='ltr'><strong>poterit</strong></span> <span class='ocrx_word' id='word_1_101' title='bbox 955 712 1146 743; x_wconf 78' lang='lat' dir='ltr'><strong>descensum</strong></span> <span class='ocrx_word' id='word_1_102' title='bbox 1170 710 1277 742; x_wconf 81' lang='lat' dir='ltr'><strong>dicere</strong></span> <span class='ocrx_word' id='word_1_103' title='bbox 1299 709 1402 750; x_wconf 84' lang='lat' dir='ltr'><strong>verbi,</strong></span> 
     </span>
     <span class='ocr_line' id='line_1_22' title="bbox 598 763 1438 797; baseline -0.006 0"><span class='ocrx_word' id='word_1_104' title='bbox 598 766 711 797; x_wconf 84' lang='lat' dir='ltr'><strong>Carnis</strong></span> <span class='ocrx_word' id='word_1_105' title='bbox 735 769 769 797; x_wconf 91' lang='lat' dir='ltr'><strong>et</strong></span> <span class='ocrx_word' id='word_1_106' title='bbox 791 765 823 796; x_wconf 91' lang='lat' dir='ltr'><strong>in</strong></span> <span class='ocrx_word' id='word_1_107' title='bbox 847 765 982 796; x_wconf 88' lang='lat' dir='ltr'><strong>verbum</strong></span> <span class='ocrx_word' id='word_1_108' title='bbox 1005 763 1155 795; x_wconf 87' lang='lat' dir='ltr'><strong>sublimia</strong></span> <span class='ocrx_word' id='word_1_109' title='bbox 1177 763 1301 794; x_wconf 84' lang='lat' dir='ltr'><strong>bimata</strong></span> <span class='ocrx_word' id='word_1_110' title='bbox 1322 764 1438 793; x_wconf 79' lang='lat' dir='ltr'><strong>nosse?</strong></span> 
     </span>
     <span class='ocr_line' id='line_1_23' title="bbox 593 813 1443 857; baseline -0.006 -8"><span class='ocrx_word' id='word_1_111' title='bbox 593 818 638 849; x_wconf 92' lang='lat' dir='ltr'><strong>Ut</strong></span> <span class='ocrx_word' id='word_1_112' title='bbox 662 817 743 849; x_wconf 91' lang='lat' dir='ltr'><strong>deus</strong></span> <span class='ocrx_word' id='word_1_113' title='bbox 768 821 922 848; x_wconf 87' lang='lat' dir='ltr'><strong>aeternus</strong></span> <span class='ocrx_word' id='word_1_114' title='bbox 945 817 1050 848; x_wconf 88' lang='lat' dir='ltr'><strong>factus</strong></span> <span class='ocrx_word' id='word_1_115' title='bbox 1073 825 1147 847; x_wconf 89' lang='lat' dir='ltr'><strong>caro</strong></span> <span class='ocrx_word' id='word_1_116' title='bbox 1171 815 1281 857; x_wconf 86' lang='lat' dir='ltr'><strong>lapsus</strong></span> <span class='ocrx_word' id='word_1_117' title='bbox 1303 813 1346 845; x_wconf 90' lang='lat' dir='ltr'><strong>ad</strong></span> <span class='ocrx_word' id='word_1_118' title='bbox 1367 814 1443 853; x_wconf 80' lang='lat' dir='ltr'><strong>ima,</strong></span> 
     </span>
     <span class='ocr_line' id='line_1_24' title="bbox 597 866 1399 901; baseline -0.005 0"><span class='ocrx_word' id='word_1_119' title='bbox 597 870 650 901; x_wconf 85' lang='lat' dir='ltr'><strong>Sic</strong></span> <span class='ocrx_word' id='word_1_120' title='bbox 676 880 751 901; x_wconf 89' lang='lat' dir='ltr'><strong>caro</strong></span> <span class='ocrx_word' id='word_1_121' title='bbox 775 869 862 901; x_wconf 83' lang='lat' dir='ltr'><strong>faeta</strong></span> <span class='ocrx_word' id='word_1_122' title='bbox 885 868 965 900; x_wconf 88' lang='lat' dir='ltr'><strong>deus</strong></span> <span class='ocrx_word' id='word_1_123' title='bbox 988 878 1066 900; x_wconf 86' lang='lat' dir='ltr'><strong>vere</strong></span> <span class='ocrx_word' id='word_1_124' title='bbox 1089 867 1170 899; x_wconf 85' lang='lat' dir='ltr'><strong>levis</strong></span> <span class='ocrx_word' id='word_1_125' title='bbox 1193 867 1301 898; x_wconf 86' lang='lat' dir='ltr'><strong>evolat</strong></span> <span class='ocrx_word' id='word_1_126' title='bbox 1324 866 1399 898; x_wconf 85' lang='lat' dir='ltr'><strong>alta.</strong></span> 
     </span>
     <span class='ocr_line' id='line_1_25' title="bbox 598 918 1340 963; baseline -0.005 -10"><span class='ocrx_word' id='word_1_127' title='bbox 598 921 682 953; x_wconf 87' lang='lat' dir='ltr'><strong>Nate</strong></span> <span class='ocrx_word' id='word_1_128' title='bbox 707 921 760 952; x_wconf 88' lang='lat' dir='ltr'><strong>dei</strong></span> <span class='ocrx_word' id='word_1_129' title='bbox 783 921 893 963; x_wconf 80' lang='lat' dir='ltr'><strong>patris,</strong></span> <span class='ocrx_word' id='word_1_130' title='bbox 917 920 968 952; x_wconf 92' lang='lat' dir='ltr'><strong>cui</strong></span> <span class='ocrx_word' id='word_1_131' title='bbox 991 922 1096 951; x_wconf 85' lang='lat' dir='ltr'><strong>mater</strong></span> <span class='ocrx_word' id='word_1_132' title='bbox 1118 919 1208 961; x_wconf 87' lang='lat' dir='ltr'><strong>virgo</strong></span> <span class='ocrx_word' id='word_1_133' title='bbox 1232 918 1340 959; x_wconf 80' lang='lat' dir='ltr'><strong>beata,</strong></span> 
     </span>
    </p>

    <p class='ocr_par' dir='ltr' id='par_1_11' title="bbox 597 968 1582 1274">
     <span class='ocr_line' id='line_1_26' title="bbox 599 968 1490 1015; baseline -0.006 -10"><span class='ocrx_word' id='word_1_134' title='bbox 599 973 659 1005; x_wconf 85' lang='lat' dir='ltr'><strong>Cui</strong></span> <span class='ocrx_word' id='word_1_135' title='bbox 683 983 787 1015; x_wconf 88' lang='lat' dir='ltr'><strong>genus</strong></span> <span class='ocrx_word' id='word_1_136' title='bbox 811 972 980 1014; x_wconf 86' lang='lat' dir='ltr'><strong>egregium</strong></span> <span class='ocrx_word' id='word_1_137' title='bbox 1003 970 1111 1003; x_wconf 88' lang='lat' dir='ltr'><strong>David</strong></span> <span class='ocrx_word' id='word_1_138' title='bbox 1133 980 1193 1002; x_wconf 90' lang='lat' dir='ltr'><strong>rex</strong></span> <span class='ocrx_word' id='word_1_139' title='bbox 1216 973 1314 1012; x_wconf 87' lang='lat' dir='ltr'><strong>atque</strong></span> <span class='ocrx_word' id='word_1_140' title='bbox 1337 968 1490 1001; x_wconf 78' lang='lat' dir='ltr'><strong>sacerdos</strong></span> 
     </span>
     <span class='ocr_line' id='line_1_27' title="bbox 599 1021 1468 1067; baseline -0.006 -10"><span class='ocrx_word' id='word_1_141' title='bbox 599 1025 723 1067; x_wconf 83' lang='lat' dir='ltr'><strong>Cuique</strong></span> <span class='ocrx_word' id='word_1_142' title='bbox 746 1027 873 1056; x_wconf 88' lang='lat' dir='ltr'><strong>remota</strong></span> <span class='ocrx_word' id='word_1_143' title='bbox 896 1023 1010 1055; x_wconf 90' lang='lat' dir='ltr'><strong>domus</strong></span> <span class='ocrx_word' id='word_1_144' title='bbox 1034 1023 1177 1065; x_wconf 83' lang='lat' dir='ltr'><strong>septenis</strong></span> <span class='ocrx_word' id='word_1_145' title='bbox 1200 1022 1280 1053; x_wconf 88' lang='lat' dir='ltr'><strong>fulta</strong></span> <span class='ocrx_word' id='word_1_146' title='bbox 1303 1021 1468 1061; x_wconf 84' lang='lat' dir='ltr'><strong>columnis,</strong></span> 
     </span>
     <span class='ocr_line' id='line_1_28' title="bbox 597 1073 1431 1119; baseline -0.007 -10"><span class='ocrx_word' id='word_1_147' title='bbox 597 1077 735 1109; x_wconf 83' lang='lat' dir='ltr'><strong>Sanctae</strong></span> <span class='ocrx_word' id='word_1_148' title='bbox 760 1077 937 1119; x_wconf 84' lang='lat' dir='ltr'><strong>scripturae</strong></span> <span class='ocrx_word' id='word_1_149' title='bbox 962 1076 1013 1107; x_wconf 90' lang='lat' dir='ltr'><strong>cui</strong></span> <span class='ocrx_word' id='word_1_150' title='bbox 1035 1075 1139 1117; x_wconf 84' lang='lat' dir='ltr'><strong>fulget</strong></span> <span class='ocrx_word' id='word_1_151' title='bbox 1162 1073 1299 1106; x_wconf 89' lang='lat' dir='ltr'><strong>candida</strong></span> <span class='ocrx_word' id='word_1_152' title='bbox 1321 1073 1431 1112; x_wconf 86' lang='lat' dir='ltr'><strong>vestis,</strong></span> 
     </span>
     <span class='ocr_line' id='line_1_29' title="bbox 599 1123 1582 1171; baseline -0.006 -11"><span class='ocrx_word' id='word_1_153' title='bbox 599 1129 765 1171; x_wconf 84' lang='lat' dir='ltr'><strong>Sanguine</strong></span> <span class='ocrx_word' id='word_1_154' title='bbox 790 1139 887 1170; x_wconf 88' lang='lat' dir='ltr'><strong>quem</strong></span> <span class='ocrx_word' id='word_1_155' title='bbox 910 1127 1042 1159; x_wconf 84' lang='lat' dir='ltr'><strong>redimis</strong></span> <span class='ocrx_word' id='word_1_156' title='bbox 1066 1127 1116 1158; x_wconf 92' lang='lat' dir='ltr'><strong>cui</strong></span> <span class='ocrx_word' id='word_1_157' title='bbox 1140 1125 1276 1157; x_wconf 92' lang='lat' dir='ltr'><strong>mundus</strong></span> <span class='ocrx_word' id='word_1_158' title='bbox 1299 1123 1447 1156; x_wconf 87' lang='lat' dir='ltr'><strong>subditur</strong></span> <span class='ocrx_word' id='word_1_159' title='bbox 1469 1123 1582 1162; x_wconf 82' lang='lat' dir='ltr'><strong>omnis,</strong></span> 
     </span>
     <span class='ocr_line' id='line_1_30' title="bbox 598 1177 1470 1221; baseline -0.007 -9"><span class='ocrx_word' id='word_1_160' title='bbox 598 1181 684 1221; x_wconf 86' lang='lat' dir='ltr'><strong>Vita,</strong></span> <span class='ocrx_word' id='word_1_161' title='bbox 708 1181 794 1212; x_wconf 85' lang='lat' dir='ltr'><strong>salus</strong></span> <span class='ocrx_word' id='word_1_162' title='bbox 819 1180 995 1219; x_wconf 88' lang='lat' dir='ltr'><strong>hominum,</strong></span> <span class='ocrx_word' id='word_1_163' title='bbox 1019 1179 1182 1210; x_wconf 89' lang='lat' dir='ltr'><strong>caelorum</strong></span> <span class='ocrx_word' id='word_1_164' title='bbox 1205 1177 1309 1219; x_wconf 88' lang='lat' dir='ltr'><strong>gloria</strong></span> <span class='ocrx_word' id='word_1_165' title='bbox 1331 1186 1470 1207; x_wconf 85' lang='lat' dir='ltr'><strong>summa:</strong></span> 
     </span>
     <span class='ocr_line' id='line_1_31' title="bbox 598 1228 1394 1274; baseline -0.008 -9"><span class='ocrx_word' id='word_1_166' title='bbox 598 1233 651 1264; x_wconf 91' lang='lat' dir='ltr'><strong>Da</strong></span> <span class='ocrx_word' id='word_1_167' title='bbox 671 1236 780 1264; x_wconf 90' lang='lat' dir='ltr'><strong>nostro</strong></span> <span class='ocrx_word' id='word_1_168' title='bbox 804 1233 874 1274; x_wconf 86' lang='lat' dir='ltr'><strong>regi</strong></span> <span class='ocrx_word' id='word_1_169' title='bbox 896 1231 1029 1271; x_wconf 83' lang='lat' dir='ltr'><strong>Karolo,</strong></span> <span class='ocrx_word' id='word_1_170' title='bbox 1053 1231 1103 1262; x_wconf 90' lang='lat' dir='ltr'><strong>cui</strong></span> <span class='ocrx_word' id='word_1_171' title='bbox 1126 1230 1245 1272; x_wconf 84' lang='lat' dir='ltr'><strong>sciptra</strong></span> <span class='ocrx_word' id='word_1_172' title='bbox 1267 1228 1394 1269; x_wconf 82' lang='lat' dir='ltr'><strong>dedisti,</strong></span> 
     </span>
    </p>

    <p class='ocr_par' dir='ltr' id='par_1_12' title="bbox 595 1281 1483 1950">
     <span class='ocr_line' id='line_1_32' title="bbox 598 1281 1453 1327; baseline -0.007 -10"><span class='ocrx_word' id='word_1_173' title='bbox 598 1285 643 1316; x_wconf 92' lang='lat' dir='ltr'><strong>Ut</strong></span> <span class='ocrx_word' id='word_1_174' title='bbox 666 1295 795 1327; x_wconf 86' lang='lat' dir='ltr'><strong>semper</strong></span> <span class='ocrx_word' id='word_1_175' title='bbox 818 1284 956 1316; x_wconf 85' lang='lat' dir='ltr'><strong>famulus</strong></span> <span class='ocrx_word' id='word_1_176' title='bbox 978 1283 1037 1314; x_wconf 89' lang='lat' dir='ltr'><strong>tibi</strong></span> <span class='ocrx_word' id='word_1_177' title='bbox 1060 1283 1147 1314; x_wconf 88' lang='lat' dir='ltr'><strong>vivat</strong></span> <span class='ocrx_word' id='word_1_178' title='bbox 1169 1284 1278 1313; x_wconf 87' lang='lat' dir='ltr'><strong>mente</strong></span> <span class='ocrx_word' id='word_1_179' title='bbox 1301 1281 1453 1322; x_wconf 84' lang='lat' dir='ltr'><strong>benigna.</strong></span> 
     </span>
     <span class='ocr_line' id='line_1_33' title="bbox 595 1334 1410 1380; baseline -0.006 -11"><span class='ocrx_word' id='word_1_180' title='bbox 595 1337 758 1380; x_wconf 91' lang='lat' dir='ltr'><strong>Prospera</strong></span> <span class='ocrx_word' id='word_1_181' title='bbox 781 1335 921 1368; x_wconf 81' lang='lat' dir='ltr'><strong>labentis</strong></span> <span class='ocrx_word' id='word_1_182' title='bbox 944 1336 1031 1367; x_wconf 84' lang='lat' dir='ltr'><strong>vitae</strong></span> <span class='ocrx_word' id='word_1_183' title='bbox 1055 1334 1256 1366; x_wconf 82' lang='lat' dir='ltr'><strong>revolumina</strong></span> <span class='ocrx_word' id='word_1_184' title='bbox 1278 1335 1410 1376; x_wconf 87' lang='lat' dir='ltr'><strong>praesta</strong></span> 
     </span>
     <span class='ocr_line' id='line_1_34' title="bbox 601 1385 1400 1431; baseline -0.006 -10"><span class='ocrx_word' id='word_1_185' title='bbox 601 1390 710 1431; x_wconf 81' lang='lat' dir='ltr'><strong>Atque</strong></span> <span class='ocrx_word' id='word_1_186' title='bbox 735 1389 827 1420; x_wconf 88' lang='lat' dir='ltr'><strong>simul</strong></span> <span class='ocrx_word' id='word_1_187' title='bbox 851 1392 959 1420; x_wconf 87' lang='lat' dir='ltr'><strong>tecum</strong></span> <span class='ocrx_word' id='word_1_188' title='bbox 983 1387 1134 1419; x_wconf 88' lang='lat' dir='ltr'><strong>caelestis</strong></span> <span class='ocrx_word' id='word_1_189' title='bbox 1157 1385 1276 1428; x_wconf 85' lang='lat' dir='ltr'><strong>gaudia</strong></span> <span class='ocrx_word' id='word_1_190' title='bbox 1297 1385 1400 1427; x_wconf 87' lang='lat' dir='ltr'><strong>regni.</strong></span> 
     </span>
     <span class='ocr_line' id='line_1_35' title="bbox 602 1436 1483 1483; baseline -0.006 -11"><span class='ocrx_word' id='word_1_191' title='bbox 602 1441 722 1483; x_wconf 88' lang='lat' dir='ltr'><strong>Magna</strong></span> <span class='ocrx_word' id='word_1_192' title='bbox 745 1441 798 1472; x_wconf 90' lang='lat' dir='ltr'><strong>dei</strong></span> <span class='ocrx_word' id='word_1_193' title='bbox 821 1440 973 1482; x_wconf 78' lang='lat' dir='ltr'><strong>genitrix,</strong></span> <span class='ocrx_word' id='word_1_194' title='bbox 997 1443 1048 1471; x_wconf 89' lang='lat' dir='ltr'><strong>ter</strong></span> <span class='ocrx_word' id='word_1_195' title='bbox 1069 1439 1159 1478; x_wconf 83' lang='lat' dir='ltr'><strong>felix,</strong></span> <span class='ocrx_word' id='word_1_196' title='bbox 1184 1440 1296 1469; x_wconf 86' lang='lat' dir='ltr'><strong>sancta</strong></span> <span class='ocrx_word' id='word_1_197' title='bbox 1317 1436 1420 1468; x_wconf 85' lang='lat' dir='ltr'><strong>Maria</strong></span> <span class='ocrx_word' id='word_1_198' title='bbox 1443 1454 1483 1458; x_wconf 90' lang='lat'>—</span> 
     </span>
     <span class='ocr_line' id='line_1_36' title="bbox 602 1489 1439 1533; baseline -0.007 -8"><span class='ocrx_word' id='word_1_199' title='bbox 602 1493 649 1525; x_wconf 88' lang='lat' dir='ltr'><strong>Te</strong></span> <span class='ocrx_word' id='word_1_200' title='bbox 672 1493 807 1524; x_wconf 87' lang='lat' dir='ltr'><strong>laudant</strong></span> <span class='ocrx_word' id='word_1_201' title='bbox 831 1493 923 1532; x_wconf 90' lang='lat' dir='ltr'><strong>caeli,</strong></span> <span class='ocrx_word' id='word_1_202' title='bbox 947 1495 980 1523; x_wconf 89' lang='lat' dir='ltr'><strong>te</strong></span> <span class='ocrx_word' id='word_1_203' title='bbox 1003 1491 1088 1523; x_wconf 85' lang='lat' dir='ltr'><strong>votis</strong></span> <span class='ocrx_word' id='word_1_204' title='bbox 1109 1491 1244 1533; x_wconf 81' lang='lat' dir='ltr'><strong>inclytat</strong></span> <span class='ocrx_word' id='word_1_205' title='bbox 1267 1489 1354 1520; x_wconf 90' lang='lat' dir='ltr'><strong>orbis</strong></span> <span class='ocrx_word' id='word_1_206' title='bbox 1379 1499 1439 1519; x_wconf 91' lang='grc'><strong>-;</strong></span> 
     </span>
     <span class='ocr_line' id='line_1_37' title="bbox 602 1540 1479 1583; baseline -0.007 -7"><span class='ocrx_word' id='word_1_207' title='bbox 602 1545 756 1576; x_wconf 87' lang='lat' dir='ltr'><strong>Proxima</strong></span> <span class='ocrx_word' id='word_1_208' title='bbox 779 1545 821 1576; x_wconf 88' lang='lat' dir='ltr'><strong>sis</strong></span> <span class='ocrx_word' id='word_1_209' title='bbox 843 1543 967 1576; x_wconf 88' lang='lat' dir='ltr'><strong>Karolo</strong></span> <span class='ocrx_word' id='word_1_210' title='bbox 991 1543 1102 1583; x_wconf 80' lang='lat' dir='ltr'><strong>tutrix,</strong></span> <span class='ocrx_word' id='word_1_211' title='bbox 1125 1542 1288 1574; x_wconf 89' lang='lat' dir='ltr'><strong>munimen</strong></span> <span class='ocrx_word' id='word_1_212' title='bbox 1312 1543 1346 1572; x_wconf 88' lang='lat' dir='ltr'><strong>et</strong></span> <span class='ocrx_word' id='word_1_213' title='bbox 1369 1540 1479 1579; x_wconf 81' lang='lat' dir='ltr'><strong>altum,</strong></span> 
     </span>
     <span class='ocr_line' id='line_1_38' title="bbox 600 1591 1437 1638; baseline -0.007 -9"><span class='ocrx_word' id='word_1_214' title='bbox 600 1596 662 1633; x_wconf 85' lang='lat' dir='ltr'><strong>Qui</strong></span> <span class='ocrx_word' id='word_1_215' title='bbox 686 1597 744 1628; x_wconf 87' lang='lat' dir='ltr'><strong>tibi</strong></span> <span class='ocrx_word' id='word_1_216' title='bbox 766 1596 899 1628; x_wconf 86' lang='lat' dir='ltr'><strong>mirifice</strong></span> <span class='ocrx_word' id='word_1_217' title='bbox 923 1595 1126 1638; x_wconf 88' lang='lat' dir='ltr'><strong>praeclaram</strong></span> <span class='ocrx_word' id='word_1_218' title='bbox 1149 1593 1286 1625; x_wconf 80' lang='lat' dir='ltr'><strong>fabricat</strong></span> <span class='ocrx_word' id='word_1_219' title='bbox 1309 1591 1437 1624; x_wconf 85' lang='lat' dir='ltr'><strong>aedem.</strong></span> 
     </span>
     <span class='ocr_line' id='line_1_39' title="bbox 602 1644 1433 1680; baseline -0.005 0"><span class='ocrx_word' id='word_1_220' title='bbox 602 1649 713 1680; x_wconf 90' lang='lat' dir='ltr'><strong>Aedes</strong></span> <span class='ocrx_word' id='word_1_221' title='bbox 736 1648 926 1680; x_wconf 87' lang='lat' dir='ltr'><strong>marmoreis</strong></span> <span class='ocrx_word' id='word_1_222' title='bbox 949 1647 1038 1679; x_wconf 90' lang='lat' dir='ltr'><strong>varie</strong></span> <span class='ocrx_word' id='word_1_223' title='bbox 1063 1648 1246 1678; x_wconf 84' lang='lat' dir='ltr'><strong>constructa</strong></span> <span class='ocrx_word' id='word_1_224' title='bbox 1268 1644 1433 1676; x_wconf 65' lang='lat' dir='ltr'><strong>columnis⁴</strong></span> 
     </span>
     <span class='ocr_line' id='line_1_40' title="bbox 601 1697 1402 1743; baseline -0.007 -10"><span class='ocrx_word' id='word_1_225' title='bbox 601 1700 679 1732; x_wconf 82' lang='lat' dir='ltr'><strong>Alta</strong></span> <span class='ocrx_word' id='word_1_226' title='bbox 702 1700 816 1733; x_wconf 89' lang='lat' dir='ltr'><strong>domus</strong></span> <span class='ocrx_word' id='word_1_227' title='bbox 840 1701 951 1743; x_wconf 88' lang='lat' dir='ltr'><strong>pulcre</strong></span> <span class='ocrx_word' id='word_1_228' title='bbox 975 1702 1113 1731; x_wconf 86' lang='lat' dir='ltr'><strong>centeno</strong></span> <span class='ocrx_word' id='word_1_229' title='bbox 1136 1700 1283 1730; x_wconf 86' lang='lat' dir='ltr'><strong>normate</strong></span> <span class='ocrx_word' id='word_1_230' title='bbox 1307 1697 1402 1728; x_wconf 87' lang='lat' dir='ltr'><strong>facta.</strong></span> 
     </span>
     <span class='ocr_line' id='line_1_41' title="bbox 603 1749 1395 1795; baseline -0.006 -11"><span class='ocrx_word' id='word_1_231' title='bbox 603 1752 722 1794; x_wconf 86' lang='lat' dir='ltr'><strong>Aspice</strong></span> <span class='ocrx_word' id='word_1_232' title='bbox 746 1753 928 1795; x_wconf 85' lang='lat' dir='ltr'><strong>polygonos</strong></span> <span class='ocrx_word' id='word_1_233' title='bbox 951 1752 1055 1783; x_wconf 83' lang='lat' dir='ltr'><strong>flexus</strong></span> <span class='ocrx_word' id='word_1_234' title='bbox 1078 1759 1236 1792; x_wconf 88' lang='lat' dir='ltr'><strong>arcusque</strong></span> <span class='ocrx_word' id='word_1_235' title='bbox 1260 1749 1395 1788; x_wconf 88' lang='lat' dir='ltr'><strong>volutos,</strong></span> 
     </span>
     <span class='ocr_line' id='line_1_42' title="bbox 603 1799 1478 1846; baseline -0.007 -11"><span class='ocrx_word' id='word_1_236' title='bbox 603 1803 789 1846; x_wconf 84' lang='lat' dir='ltr'><strong>Compages</strong></span> <span class='ocrx_word' id='word_1_237' title='bbox 812 1804 952 1835; x_wconf 87' lang='lat' dir='ltr'><strong>laterum</strong></span> <span class='ocrx_word' id='word_1_238' title='bbox 975 1803 1107 1842; x_wconf 84' lang='lat' dir='ltr'><strong>similes,</strong></span> <span class='ocrx_word' id='word_1_239' title='bbox 1132 1800 1284 1843; x_wconf 89' lang='lat' dir='ltr'><strong>capitella</strong></span> <span class='ocrx_word' id='word_1_240' title='bbox 1307 1799 1478 1841; x_wconf 85' lang='lat' dir='ltr'><strong>basesque,</strong></span> 
     </span>
     <span class='ocr_line' id='line_1_43' title="bbox 599 1850 1398 1897; baseline -0.008 -9"><span class='ocrx_word' id='word_1_241' title='bbox 599 1856 728 1897; x_wconf 80' lang='lat' dir='ltr'><strong>Turres,</strong></span> <span class='ocrx_word' id='word_1_242' title='bbox 752 1856 914 1896; x_wconf 88' lang='lat' dir='ltr'><strong>luriculas,</strong></span> <span class='ocrx_word' id='word_1_243' title='bbox 938 1855 1115 1897; x_wconf 82' lang='lat' dir='ltr'><strong>laquearia,</strong></span> <span class='ocrx_word' id='word_1_244' title='bbox 1139 1850 1286 1885; x_wconf 38' lang='lat' dir='ltr'><strong>daedala*</strong></span> <span class='ocrx_word' id='word_1_245' title='bbox 1301 1854 1398 1891; x_wconf 79' lang='lat' dir='ltr'><strong>tecta,</strong></span> 
     </span>
     <span class='ocr_line' id='line_1_44' title="bbox 604 1905 1347 1950; baseline -0.007 -10"><span class='ocrx_word' id='word_1_246' title='bbox 604 1908 761 1950; x_wconf 87' lang='lat' dir='ltr'><strong>Obliquas</strong></span> <span class='ocrx_word' id='word_1_247' title='bbox 784 1907 917 1950; x_wconf 82' lang='lat' dir='ltr'><strong>tyridas,</strong></span> <span class='ocrx_word' id='word_1_248' title='bbox 940 1907 1029 1938; x_wconf 89' lang='lat' dir='ltr'><strong>ialini</strong></span> <span class='ocrx_word' id='word_1_249' title='bbox 1051 1906 1179 1938; x_wconf 90' lang='lat' dir='ltr'><strong>luminis</strong></span> <span class='ocrx_word' id='word_1_250' title='bbox 1202 1905 1347 1943; x_wconf 86' lang='lat' dir='ltr'><strong>haustus,</strong></span> 
     </span>
    </p>

    <p class='ocr_par' dir='ltr' id='par_1_13' title="bbox 602 1955 1478 2467">
     <span class='ocr_line' id='line_1_45' title="bbox 603 1955 1465 2004; baseline -0.007 -12"><span class='ocrx_word' id='word_1_251' title='bbox 603 1960 695 1992; x_wconf 85' lang='lat' dir='ltr'><strong>Intus</strong></span> <span class='ocrx_word' id='word_1_252' title='bbox 717 1961 880 2004; x_wconf 76' lang='lat' dir='ltr'><strong>picturas,¹</strong></span> <span class='ocrx_word' id='word_1_253' title='bbox 893 1958 1038 2002; x_wconf 89' lang='lat' dir='ltr'><strong>lapidum</strong></span> <span class='ocrx_word' id='word_1_254' title='bbox 1062 1958 1248 2001; x_wconf 86' lang='lat' dir='ltr'><strong>pavimenta</strong></span> <span class='ocrx_word' id='word_1_255' title='bbox 1271 1955 1465 1998; x_wconf 82' lang='lat' dir='ltr'><strong>gradusque,</strong></span> 
     </span>
     <span class='ocr_line' id='line_1_46' title="bbox 603 2008 1384 2053; baseline -0.006 -10"><span class='ocrx_word' id='word_1_256' title='bbox 603 2011 731 2043; x_wconf 84' lang='lat' dir='ltr'><strong>Circum</strong></span> <span class='ocrx_word' id='word_1_257' title='bbox 755 2021 883 2053; x_wconf 91' lang='lat' dir='ltr'><strong>quaque</strong></span> <span class='ocrx_word' id='word_1_258' title='bbox 906 2014 1004 2051; x_wconf 83' lang='lat' dir='ltr'><strong>stoas,</strong></span> <span class='ocrx_word' id='word_1_259' title='bbox 1027 2010 1175 2050; x_wconf 84' lang='lat' dir='ltr'><strong>armaria,</strong></span> <span class='ocrx_word' id='word_1_260' title='bbox 1197 2008 1384 2051; x_wconf 85' lang='lat' dir='ltr'><strong>pastaforia,</strong></span> 
     </span>
     <span class='ocr_line' id='line_1_47' title="bbox 605 2060 1362 2104; baseline -0.005 -9"><span class='ocrx_word' id='word_1_261' title='bbox 605 2063 737 2095; x_wconf 86' lang='lat' dir='ltr'><strong>Sursum</strong></span> <span class='ocrx_word' id='word_1_262' title='bbox 761 2062 912 2094; x_wconf 88' lang='lat' dir='ltr'><strong>deorsum</strong></span> <span class='ocrx_word' id='word_1_263' title='bbox 935 2062 1074 2104; x_wconf 87' lang='lat' dir='ltr'><strong>populos</strong></span> <span class='ocrx_word' id='word_1_264' title='bbox 1097 2061 1211 2093; x_wconf 84' lang='lat' dir='ltr'><strong>altaria.</strong></span> <span class='ocrx_word' id='word_1_265' title='bbox 1234 2060 1362 2098; x_wconf 77' lang='lat' dir='ltr'><strong>circum,</strong></span> 
     </span>
     <span class='ocr_line' id='line_1_48' title="bbox 602 2114 1407 2157; baseline -0.005 -11"><span class='ocrx_word' id='word_1_266' title='bbox 602 2114 822 2157; x_wconf 86' lang='lat' dir='ltr'><strong>Lampadibus</strong></span> <span class='ocrx_word' id='word_1_267' title='bbox 845 2114 958 2156; x_wconf 88' lang='lat' dir='ltr'><strong>plenas</strong></span> <span class='ocrx_word' id='word_1_268' title='bbox 981 2114 1068 2145; x_wconf 88' lang='lat' dir='ltr'><strong>faros</strong></span> <span class='ocrx_word' id='word_1_269' title='bbox 1091 2114 1238 2155; x_wconf 89' lang='lat' dir='ltr'><strong>altasque</strong></span> <span class='ocrx_word' id='word_1_270' title='bbox 1262 2121 1407 2143; x_wconf 90' lang='lat' dir='ltr'><strong>coronas.</strong></span> 
     </span>
     <span class='ocr_line' id='line_1_49' title="bbox 605 2165 1443 2207; baseline -0.004 -10"><span class='ocrx_word' id='word_1_271' title='bbox 605 2165 723 2198; x_wconf 88' lang='lat' dir='ltr'><strong>Omnia</strong></span> <span class='ocrx_word' id='word_1_272' title='bbox 747 2165 908 2197; x_wconf 87' lang='lat' dir='ltr'><strong>collucent</strong></span> <span class='ocrx_word' id='word_1_273' title='bbox 930 2165 1068 2207; x_wconf 89' lang='lat' dir='ltr'><strong>gemmis</strong></span> <span class='ocrx_word' id='word_1_274' title='bbox 1091 2174 1234 2206; x_wconf 90' lang='lat' dir='ltr'><strong>auroque</strong></span> <span class='ocrx_word' id='word_1_275' title='bbox 1258 2165 1443 2198; x_wconf 78' lang='lat' dir='ltr'><strong>coruscant;</strong></span> 
     </span>
     <span class='ocr_line' id='line_1_50' title="bbox 605 2215 1456 2258; baseline -0.005 -9"><span class='ocrx_word' id='word_1_276' title='bbox 605 2218 721 2257; x_wconf 84' lang='lat' dir='ltr'><strong>Pallia,</strong></span> <span class='ocrx_word' id='word_1_277' title='bbox 745 2217 889 2249; x_wconf 88' lang='lat' dir='ltr'><strong>cortinae</strong></span> <span class='ocrx_word' id='word_1_278' title='bbox 913 2217 1100 2248; x_wconf 88' lang='lat' dir='ltr'><strong>circundant</strong></span> <span class='ocrx_word' id='word_1_279' title='bbox 1122 2215 1264 2258; x_wconf 85' lang='lat' dir='ltr'><strong>undique</strong></span> <span class='ocrx_word' id='word_1_280' title='bbox 1288 2215 1456 2256; x_wconf 86' lang='lat' dir='ltr'><strong>templum.</strong></span> 
     </span>
     <span class='ocr_line' id='line_1_51' title="bbox 604 2267 1443 2312; baseline -0.005 -11"><span class='ocrx_word' id='word_1_281' title='bbox 604 2270 679 2312; x_wconf 87' lang='lat' dir='ltr'><strong>Ipse</strong></span> <span class='ocrx_word' id='word_1_282' title='bbox 702 2269 819 2301; x_wconf 90' lang='lat' dir='ltr'><strong>throno</strong></span> <span class='ocrx_word' id='word_1_283' title='bbox 843 2269 930 2301; x_wconf 84' lang='lat' dir='ltr'><strong>celso</strong></span> <span class='ocrx_word' id='word_1_284' title='bbox 953 2269 1051 2300; x_wconf 80' lang='lat' dir='ltr'><strong>fultus</strong></span> <span class='ocrx_word' id='word_1_285' title='bbox 1074 2278 1133 2300; x_wconf 84' lang='lat' dir='ltr'><strong>rex</strong></span> <span class='ocrx_word' id='word_1_286' title='bbox 1155 2267 1309 2310; x_wconf 85' lang='lat' dir='ltr'><strong>prospicit</strong></span> <span class='ocrx_word' id='word_1_287' title='bbox 1332 2275 1443 2298; x_wconf 88' lang='lat' dir='ltr'><strong>omnes</strong></span> 
     </span>
     <span class='ocr_line' id='line_1_52' title="bbox 604 2320 1422 2363; baseline -0.004 -10"><span class='ocrx_word' id='word_1_288' title='bbox 604 2322 736 2353; x_wconf 87' lang='lat' dir='ltr'><strong>Vertice</strong></span> <span class='ocrx_word' id='word_1_289' title='bbox 761 2321 889 2353; x_wconf 89' lang='lat' dir='ltr'><strong>sublimi</strong></span> <span class='ocrx_word' id='word_1_290' title='bbox 912 2324 1044 2363; x_wconf 87' lang='lat' dir='ltr'><strong>gestans</strong></span> <span class='ocrx_word' id='word_1_291' title='bbox 1068 2320 1220 2352; x_wconf 86' lang='lat' dir='ltr'><strong>diadema</strong></span> <span class='ocrx_word' id='word_1_292' title='bbox 1241 2322 1422 2362; x_wconf 81' lang='lat' dir='ltr'><strong>paternum,</strong></span> 
     </span>
     <span class='ocr_line' id='line_1_53' title="bbox 603 2370 1478 2415; baseline -0.005 -11"><span class='ocrx_word' id='word_1_293' title='bbox 603 2373 708 2405; x_wconf 88' lang='lat' dir='ltr'><strong>Plena</strong></span> <span class='ocrx_word' id='word_1_294' title='bbox 730 2383 845 2404; x_wconf 88' lang='lat' dir='ltr'><strong>manus</strong></span> <span class='ocrx_word' id='word_1_295' title='bbox 869 2373 996 2415; x_wconf 85' lang='lat' dir='ltr'><strong>sciptris</strong></span> <span class='ocrx_word' id='word_1_296' title='bbox 1020 2371 1208 2404; x_wconf 91' lang='lat' dir='ltr'><strong>enchiridon</strong></span> <span class='ocrx_word' id='word_1_297' title='bbox 1231 2380 1330 2402; x_wconf 85' lang='lat' dir='ltr'><strong>aurea</strong></span> <span class='ocrx_word' id='word_1_298' title='bbox 1351 2370 1478 2401; x_wconf 88' lang='lat' dir='ltr'><strong>bactra:</strong></span> 
     </span>
     <span class='ocr_line' id='line_1_54' title="bbox 604 2423 1459 2467; baseline -0.005 -11"><span class='ocrx_word' id='word_1_299' title='bbox 604 2425 713 2457; x_wconf 89' lang='lat' dir='ltr'><strong>Heros</strong></span> <span class='ocrx_word' id='word_1_300' title='bbox 736 2425 961 2466; x_wconf 85' lang='lat' dir='ltr'><strong>magnanimus</strong></span> <span class='ocrx_word' id='word_1_301' title='bbox 984 2425 1163 2467; x_wconf 85' lang='lat' dir='ltr'><strong>longaevus</strong></span> <span class='ocrx_word' id='word_1_302' title='bbox 1186 2424 1273 2455; x_wconf 82' lang='lat' dir='ltr'><strong>vivat</strong></span> <span class='ocrx_word' id='word_1_303' title='bbox 1294 2423 1327 2454; x_wconf 92' lang='lat' dir='ltr'><strong>in</strong></span> <span class='ocrx_word' id='word_1_304' title='bbox 1349 2431 1459 2453; x_wconf 83' lang='lat' dir='ltr'><strong>annos.</strong></span> 
     </span>
    </p>
   </div>
   <div class='ocr_carea' id='block_1_11' title="bbox 1145 2568 1620 2604">
    <p class='ocr_par' dir='ltr' id='par_1_14' title="bbox 1145 2568 1620 2604">
     <span class='ocr_line' id='line_1_55' title="bbox 1145 2568 1620 2604; baseline -0.006 -8"><span class='ocrx_word' id='word_1_305' title='bbox 1145 2571 1180 2596; x_wconf 78' lang='lat'><strong>85</strong></span> <span class='ocrx_word' id='word_1_306' title='bbox 1204 2571 1347 2604; x_wconf 78' lang='lat' dir='ltr'><strong>preclaram</strong></span> <span class='ocrx_word' id='word_1_307' title='bbox 1371 2568 1406 2601; x_wconf 82' lang='lat' dir='ltr'><strong>(et</strong></span> <span class='ocrx_word' id='word_1_308' title='bbox 1424 2568 1459 2594; x_wconf 89' lang='lat'><strong>90</strong></span> <span class='ocrx_word' id='word_1_309' title='bbox 1476 2568 1577 2600; x_wconf 74' lang='lat' dir='ltr'><strong>dedala)</strong></span> <span class='ocrx_word' id='word_1_310' title='bbox 1597 2569 1620 2593; x_wconf 82' lang='lat'><em>0</em></span> 
     </span>
    </p>
   </div>
   <div class='ocr_carea' id='block_1_12' title="bbox 1703 2567 1894 2593">
    <p class='ocr_par' dir='ltr' id='par_1_15' title="bbox 1703 2567 1894 2593">
     <span class='ocr_line' id='line_1_56' title="bbox 1703 2567 1894 2593; baseline -0.005 0"><span class='ocrx_word' id='word_1_311' title='bbox 1703 2567 1736 2593; x_wconf 80' lang='lat'><strong>87</strong></span> <span class='ocrx_word' id='word_1_312' title='bbox 1761 2568 1894 2593; x_wconf 75' lang='lat' dir='ltr'><strong>horamate</strong></span> 
     </span>
    </p>
   </div>
  </div>
 </body>
</html>
