2060 3074
260 178 321 208 38ss
947 160 1128 200 bIALOGUS
1148 173 1232 200 Aen.

629 261 746 292 Inclita
771 261 944 302 progenies
970 261 1040 291 eius
1065 269 1275 302 propagoque
1300 260 1387 291 celsa
1412 263 1472 298 est,

669 313 712 343 Et
736 313 856 344 mundo
881 313 969 344 clara
993 316 1026 344 et
1049 312 1178 343 domino
1203 312 1335 354 placita.

628 364 710 395 Nam
734 364 820 406 quod
845 365 932 395 clara
955 364 1016 395 fuit
1039 363 1170 403 mundo,
1195 363 1255 394 flos
1277 363 1496 405 prodigiabat:

671 415 736 447 Sed
761 419 920 447 monstrat
943 419 1043 453 recta,
1068 415 1155 457 quod
1178 415 1308 446 domino
1333 415 1464 457 placita.

552 481 589 499 διε,
628 467 666 498 In
690 467 785 499 huius
811 478 935 499 summo
960 478 1022 499 non
1048 472 1148 506 stans,
1173 467 1231 499 sed
1254 466 1417 509 pendulus
1440 467 1558 506 haesit,

671 519 747 561 Ipse
771 519 857 561 quod
880 522 957 551 ante
981 523 1099 561 potens
1123 519 1179 550 fini
1207 522 1277 550 erat
1300 519 1454 560 attiguus.

631 571 782 602 Summus
807 574 886 611 erat,
911 571 986 613 quia
1010 581 1127 612 nempe
1153 571 1202 602 sui
1227 571 1357 612 generis
1383 571 1478 601 simul
1502 581 1613 602 omnes

671 623 760 654 Vicit
784 623 914 663 virtute,
939 623 1017 654 vicit
1041 623 1161 654 honore
1185 633 1324 664 quoque.

628 674 797 706 Pendulus
822 674 981 714 adhaesit,
1006 675 1082 716 quia
1105 674 1169 705 iam
1194 677 1311 706 nutare
1335 677 1479 716 potestas

553 739 592 758 620
672 726 790 758 Vicina
813 729 917 758 morte
942 729 1096 768 coeperat
1120 726 1190 767 ipsa
1214 735 1281 757 sua.

632 778 718 809 Huic
744 781 814 809 erat
838 778 983 819 attiguus
1008 788 1127 816 ramus,
1153 777 1228 819 quia
1252 777 1402 820 proxima
1427 787 1523 808 carne

673 829 863 861 Hathumod
888 829 974 861 alma
997 830 1064 860 suis
1089 829 1168 860 iuvit
1193 840 1267 860 eum
1291 829 1426 860 meritis.

630 881 695 913 Hic
720 891 922 923 praeparvus
947 885 1028 920 erat,
1052 882 1203 923 quoniam
1228 881 1310 912 haec
1334 881 1456 912 femina
1479 890 1562 912 sexu

673 932 748 964 Non
770 933 879 965 fuerat
902 933 1008 964 famae
1033 933 1208 964 ambitiosa
1232 943 1322 964 suae.

555 997 592 1016 625
631 984 729 1016 Hunc
754 985 806 1016 hic
832 985 1024 1026 constringit
1047 985 1209 1024 manibus,
1235 985 1310 1027 quia
1333 984 1474 1027 plurima
1497 986 1593 1015 natae

674 1036 783 1079 Atque
808 1037 974 1068 coancillis
999 1037 1135 1068 contulit
1159 1037 1230 1079 ipse
1256 1037 1333 1068 suis.

631 1088 705 1120 Hoc
729 1089 891 1128 meritum,
916 1089 976 1120 hoe
1001 1091 1062 1125 est,
1087 1088 1173 1130 quod
1197 1098 1271 1119 eum
1295 1088 1359 1119 iam
1383 1088 1514 1129 iamque
1538 1087 1704 1119 labantem

675 1139 705 1171 A
731 1151 808 1172 casu
833 1141 930 1183 plane
955 1141 1076 1183 eripuit
1099 1140 1232 1182 duplici.
1687 1135 1692 1140 ’

632 1192 715 1223 Nam
740 1193 826 1234 quod
850 1193 1004 1224 nobilitas
1027 1193 1102 1224 tulit
1126 1195 1182 1224 aut
1205 1195 1337 1224 terrena
1361 1194 1520 1234 potestas,

558 1257 597 1275 εει)
678 1244 751 1275 Hoc
777 1244 976 1276 elemosinae
1001 1243 1211 1275 reddiderant
1234 1243 1356 1275 variae.

631 1296 710 1335 Vos,
736 1306 820 1338 quae
845 1296 894 1328 his
910 1296 1057 1334 utimini,
1082 1296 1205 1338 pariter
1229 1306 1301 1327 cum
1326 1295 1462 1337 coniuge
1487 1294 1586 1336 digna

676 1347 786 1390 Ipsius
812 1348 883 1379 sitis
909 1351 1067 1390 perpetuo
1091 1358 1262 1379 memores.

634 1400 728 1431 Haec
753 1400 883 1438 etenim,
908 1399 990 1430 haec
1014 1403 1074 1438 est,
1099 1410 1182 1441 quae
1208 1410 1332 1430 ramum
1358 1398 1519 1441 prendere
1544 1398 1670 1441 palmis,

677 1451 782 1487 Haec,
805 1461 890 1493 quae
915 1451 1113 1483 elemosinas
1138 1451 1242 1482 suasit
1266 1451 1296 1482 ei
1321 1450 1441 1482 varias.

558 1517 595 1535 (335
632 1503 701 1534 Vos
726 1502 901 1535 debitrices
930 1503 1027 1534 simul
1051 1503 1131 1534 estis
1155 1503 1283 1544 utrique
1308 1502 1433 1545 parenti

678 1554 752 1586 Una
776 1566 849 1586 cum
874 1556 1009 1594 cunctis,
1034 1566 1115 1597 quas
1140 1558 1232 1587 tenet
1255 1555 1311 1586 ille
1335 1555 1438 1593 locus,

636 1607 742 1643 Quem
767 1607 896 1639 domino
920 1608 1105 1649 sanctisque
1130 1608 1198 1639 suis
1223 1607 1339 1639 dantes
1364 1606 1536 1638 voluerunt

683 1658 818 1690 Cunctis
844 1669 1050 1691 communem
1074 1660 1175 1691 affore
1199 1670 1259 1701 per
1282 1658 1456 1690 dominum.

637 1711 706 1742 Vos
731 1711 811 1742 estis
836 1721 919 1752 grex
942 1711 997 1742 ille
1023 1722 1126 1749 sacer,
1151 1721 1247 1752 quem
1273 1711 1402 1742 solvere
1427 1713 1538 1752 grates

559 1775 598 1794 640
680 1762 772 1793 Vidit
796 1762 847 1793 hic
871 1763 904 1793 in
928 1763 1051 1794 somnis
1075 1763 1124 1794 vir
1147 1762 1275 1794 domino
1300 1762 1451 1804 placitus.

637 1814 797 1856 Quicquid
820 1824 959 1856 namque
984 1814 1060 1846 boni
1085 1814 1203 1851 facitis,
1228 1814 1289 1845 hoc
1311 1813 1354 1845 ad
1377 1813 1435 1845 hos
1459 1813 1628 1850 remeabit,

684 1866 746 1902 Qui
772 1866 864 1897 vobis
888 1866 979 1897 illum
1002 1866 1063 1898 rite
1088 1866 1209 1898 dedere
1234 1866 1351 1897 locum.

641 1917 822 1960 Praecipue
847 1921 956 1949 tamen
980 1917 1042 1949 hoc
1067 1917 1107 1949 ad
1133 1918 1215 1949 hanc
1239 1918 1355 1949 merito
1378 1917 1549 1955 remeabit,

684 1970 776 2006 Quae
801 1980 858 2001 vos
883 1970 1028 2010 nutrivit,
1054 1981 1137 2012 quae
1163 1970 1259 2001 simul
1283 1970 1435 2001 instituit.

566 2034 604 2053 645
643 2022 753 2058 Quare
776 2022 816 2053 de
841 2022 993 2064 precibus
1017 2033 1075 2064 pro
1101 2022 1162 2054 hac
1186 2022 1273 2064 quod
1296 2022 1440 2064 poscitis,
1467 2022 1529 2053 etsi

684 2074 793 2116 Ipsius
818 2074 886 2116 ipse
911 2074 1016 2116 magis
1044 2074 1209 2116 indigeam
1233 2073 1395 2116 precibus,

642 2126 713 2158 Hoc
739 2137 795 2158 vos
819 2137 916 2158 nosse
941 2127 1031 2158 volo:
1056 2123 1171 2169 ipsius.
1196 2126 1409 2169 quoadusque
1434 2130 1624 2168 superstans

686 2178 763 2210 Sum
788 2189 912 2210 memor
935 2179 1005 2221 ipse
1030 2180 1106 2217 mei,
1129 2189 1180 2210 me
1206 2189 1385 2211 memorem
1409 2179 1488 2211 fieri.

642 2230 711 2261 Nec
736 2230 776 2262 de
801 2230 897 2262 corde
922 2241 995 2262 meo
1021 2242 1080 2262 sua
1103 2241 1179 2262 cara
1202 2230 1327 2262 recedit
1350 2230 1469 2272 imago,

569 2296 607 2313 650
687 2282 751 2314 Vel
776 2293 847 2313 cum
873 2282 1013 2314 dormito
1038 2284 1090 2315 vel
1113 2283 1222 2327 potius
1245 2283 1355 2324 vigile.

642 2334 794 2376 Denique
819 2345 892 2365 cum
917 2335 1026 2376 vigilo,
1051 2334 1090 2366 de
1114 2335 1175 2366 hac
1200 2335 1252 2366 vel
1276 2345 1378 2377 penso
1403 2334 1574 2375 loquorve:

686 2386 789 2418 Nocte
814 2386 892 2418 mihi
918 2397 1026 2418 caram
1052 2387 1176 2418 somnia
1199 2386 1279 2418 dant
1302 2386 1430 2417 faciem.

645 2437 728 2468 Nam
752 2438 901 2478 quotiens
927 2448 1058 2469 somnus
1083 2439 1187 2469 lassos
1212 2434 1344 2469 obducit
1368 2437 1499 2468 ocellos.

687 2489 838 2520 Protinus
863 2493 1011 2532 apparet,
1036 2500 1112 2521 mox
1136 2489 1257 2531 aliquid
1281 2492 1451 2521 memorat.

569 2554 606 2572 655
646 2541 793 2572 Plurima
817 2544 901 2575 sunt„
927 2541 984 2572 sed
1010 2541 1049 2572 de
1074 2541 1184 2572 multi·
1211 2551 1295 2572 nune
1319 2541 1390 2583 ipse
1416 2541 1467 2571 vel
1492 2551 1590 2571 unum

689 2592 842 2635 Exempli
867 2603 969 2624 causa
993 2593 1102 2625 dicere
1127 2603 1245 2636 nempe
1268 2593 1354 2624 volo.

383 2739 431 2764 631
452 2738 512 2771 *qui
531 2740 555 2764 B
661 2739 709 2765 641
730 2741 845 2772 quicquit
864 2740 888 2764 B

383 2825 431 2851 631
451 2825 499 2857 cfr.
521 2832 607 2858 supra
627 2833 648 2851 r.
667 2825 726 2851 429.
