2092 3094
260 177 322 207 252
627 174 951 203 BIBLIOTHECARUM
970 174 1018 203 ET
1037 174 1325 203 PSALTERIORUM
1343 174 1483 203 VERSUS
1502 174 1549 203 IV.

626 263 706 303 Nos,
730 263 888 305 siquidem
911 263 1070 306 psalmos,
1094 262 1227 303 missas,
1252 263 1395 306 speciale
1418 273 1598 305 precamur,

673 315 859 348 Psallemus
882 326 941 358 pro
964 318 1014 356 te,
1038 315 1195 357 coniuge,
1218 315 1308 358 prole
1329 316 1395 358 pie.

627 367 682 399 Sic
705 368 806 399 nostri
829 378 907 400 vere
930 371 1005 410 post
1027 378 1087 399 nos
1111 367 1295 409 quicunque
1318 367 1416 399 futuri

542 427 568 445 ⁴⁰
672 420 832 458 Assiduas
854 419 993 452 fundent
1014 419 1277 461 multiplicesque
1299 429 1425 462 preces.

627 472 700 503 Sint
722 472 780 503 tibi
806 468 897 514 spes,
921 472 1038 511 virtus,
1061 471 1189 510 lumen,
1213 471 1364 510 victoria,
1388 471 1548 511 Christus,

674 523 763 563 Pax,
786 523 859 555 laus
882 523 1051 555 continue:
1074 533 1134 554 rex
1158 522 1244 554 bone
1266 522 1387 562 David,
1412 534 1483 554 ave.

1055 729 1115 763 IV.

1078 797 1097 819 1.

626 845 691 876 Hic
716 844 838 876 residet
861 843 1005 876 Karolus
1029 843 1139 875 divino
1162 853 1300 875 munere
1323 843 1434 882 fultus,

672 896 777 928 Ornat
800 907 897 938 quem
920 896 1027 938 pietas
1051 899 1084 926 et
1107 895 1264 926 bonitatis
1288 905 1390 927 amor.

624 948 799 980 Hludowic
823 948 927 980 iustus
955 950 1024 979 erat
1048 946 1127 989 (quo
1151 957 1211 978 rex
1233 957 1299 978 non
1322 946 1436 978 iustior
1458 947 1567 988 alter),

672 1000 736 1037 Qui
759 1000 873 1042 genuit
895 999 1021 1042 prolem
1044 999 1128 1031 hanc
1152 999 1316 1030 tribuente
1339 998 1414 1031 deo.

555 1060 566 1078 ⁵
624 1053 723 1084 Alma
746 1053 813 1084 viro
838 1052 967 1095 peperit
990 1051 1101 1083 Iudith
1124 1051 1165 1083 de
1189 1051 1346 1093 sanguine
1370 1051 1469 1091 claro,

673 1104 755 1136 Cum
778 1105 908 1146 genitor
930 1104 1040 1146 regnis
1063 1104 1135 1135 iura
1157 1103 1258 1135 dabat
1280 1103 1431 1146 propriiS.

623 1156 688 1188 Hic
711 1167 830 1188 nomen
854 1156 965 1197 magni
986 1155 1102 1187 Karoli
1126 1155 1166 1187 de
1189 1155 1320 1187 nomine
1344 1155 1494 1198 sumpsit,

670 1208 798 1240 Nomen
822 1210 856 1239 et
877 1207 1032 1239 indicium
1056 1210 1190 1250 sceptra
1212 1206 1354 1238 tenendo
1378 1217 1448 1239 sua.

623 1261 687 1292 Hic
710 1259 818 1292 David
840 1259 931 1291 vario
954 1259 1110 1302 fulgescit
1131 1262 1303 1291 stemmate
1327 1259 1415 1300 regis

542 1321 566 1339 1⁰
671 1312 781 1355 Atque
806 1312 1013 1356 Salomonica
1035 1311 1106 1343 iura
1128 1311 1277 1343 docentis
1300 1310 1410 1343 habet.

623 1364 722 1396 Istius
745 1364 884 1407 imperio
907 1363 961 1395 hic
985 1363 1090 1395 codex
1112 1362 1300 1406 resplendet
1322 1366 1357 1394 et
1379 1373 1469 1403 auro,

668 1415 732 1452 Qui
755 1416 842 1448 bona
866 1415 1051 1447 construxit
1072 1415 1175 1447 multa
1197 1415 1329 1447 favente
1353 1414 1424 1447 deo.

623 1495 725 1527 Arma
746 1494 807 1526 tibi
829 1494 963 1526 faveant
986 1493 1109 1526 Christi
1133 1493 1279 1526 stabilita
1299 1504 1359 1536 per
1382 1503 1510 1534 aevum,

670 1547 798 1579 Muniat
821 1549 854 1578 et
876 1547 1001 1589 clipeus
1027 1557 1159 1590 semper
1181 1546 1222 1578 ab
1246 1546 1341 1578 hoste
1366 1557 1454 1578 suus.

541 1632 565 1651 ¹⁵
625 1625 765 1657 Francia
787 1627 881 1667 grata
904 1624 983 1664 tibi,
1006 1634 1067 1656 rex
1090 1623 1218 1664 inclite,
1241 1634 1377 1656 munera
1399 1623 1515 1656 defert.

623 1676 721 1709 Gotia
743 1679 776 1708 te
799 1676 923 1719 pariter
947 1686 1022 1708 cum
1044 1676 1158 1718 regnis
1181 1675 1315 1707 inchoat
1337 1676 1422 1708 altis.

1067 1793 1098 1814 11.

624 1840 785 1883 Suscipit,
809 1849 909 1882 agne,
933 1844 1040 1876 tuum,
1064 1839 1220 1881 populus,
1243 1838 1446 1879 venerande,
1471 1850 1618 1871 cruorem

620 1893 664 1924 Et
687 1901 857 1935 synagoga
880 1901 940 1923 suo
963 1890 1093 1922 fuscata
1116 1891 1226 1923 colore
1250 1891 1400 1924 recessit.

622 1970 757 2011 Omnia,
782 1979 864 2012 quae
887 1979 1047 2012 praesens
1070 1969 1169 2001 tellus
1193 1968 1344 2011 producit
1367 1968 1484 2001 alendo

621 2023 665 2056 Et
687 2023 786 2054 maris
808 2022 892 2054 haec
916 2021 1017 2054 facies
1040 2021 1140 2054 limbo
1166 2021 1380 2053 circumvenit
1401 2021 1520 2064 amplo,

551 2084 563 2102 ⁵
620 2075 734 2118 Agne,
757 2074 854 2106 deum
877 2073 958 2106 solio
981 2076 1084 2106 temet
1107 2076 1304 2106 venerantur
1326 2073 1359 2105 in
1382 2073 1459 2106 alto.

621 2128 712 2160 Cana
736 2131 869 2160 caterva
892 2127 1024 2168 cluens,
1047 2129 1161 2159 vatum
1184 2130 1217 2159 et
1238 2126 1439 2159 venerabilis
1463 2126 1552 2167 ordo,

363 2277 427 2312 [lv.]
447 2277 486 2312 [1.]
500 2279 527 2312 f.
546 2278 570 2304 5¹
659 2275 738 2302 1—4
761 2285 843 2309 supra
865 2277 1002 2309 imaginem
1020 2276 1118 2302 Karoln'
1137 2276 1210 2302 Calvi
1231 2276 1260 2301 in
1281 2276 1373 2301 throno
1391 2275 1501 2301 sedentis
1518 2284 1541 2300 v.
1558 2275 1679 2301 Foernter
1696 2275 1841 2302 Denlemale
1858 2276 1910 2303 IX.

252 2323 314 2355 1413.
334 2322 403 2348 1864
422 2323 472 2348 tab.
489 2323 535 2347 ult.
554 2326 577 2347 et
597 2321 691 2347 Calu'er
713 2329 849 2346 notweauoe
873 2320 1003 2353 mdlanqcc
1028 2320 1215 2353 d‘archc‘oloyie
1233 2320 1254 2345 I
1263 2329 1292 2353 p.
1309 2318 1344 2345 47
1431 2318 1527 2344 5-12
1544 2319 1620 2352 infra
1644 2319 1752 2344 eandem
1773 2320 1909 2353 inmyinem

256 2365 288 2391 13
307 2374 389 2398 eupra
401 2366 541 2399 enmfemm
561 2365 654 2390 dextra
671 2364 739 2396 ’τρία
757 2367 865 2389 stantem
947 2362 981 2388 14
998 2372 1080 2396 supra
1099 2358 1280 2396 scutiqemlum
1297 2363 1403 2388 sinistra
1420 2363 1488 2396 reqis
1505 2366 1612 2389 clamem
1699 2361 1733 2388 15
1749 2363 1777 2387 n'n
1792 2363 1910 2396 ‘mm-qim

257 2409 360 2434 sinistro
382 2410 455 2434 iuoela
477 2408 613 2441 imayinem
631 2407 784 2440 provinciae
809 2415 891 2431 cornu
914 2407 1003 2439 copiae
1025 2407 1131 2432 tenentis
1225 2406 1258 2432 16
1279 2406 1307 2431 in
1330 2406 1447 2438 maryine
1470 2406 1558 2431 dextro
1575 2405 1649 2430 iuxta
1662 2414 1757 2438 parem
1772 2406 1910 2439 imayinem

255 2450 302 2484 [u.]
314 2453 341 2484 s.
360 2451 376 2477 6
395 2452 468 2484 apud
488 2451 581 2477 Calzier
600 2451 617 2476 l.
636 2459 656 2476 c.
677 2449 714 2474 II
728 2450 778 2475 tab.
797 2449 823 2474 V
906 2448 982 2475 1—2
1003 2450 1108 2482 cinqunt
1125 2458 1221 2482 aqnum
1250 2466 1254 2469 »
1308 2448 1403 2474 3-10
1420 2449 1449 2473 in
1467 2448 1519 2473 inm
1534 2448 1635 2480 paqina
1652 2448 1696 2472 ubi
1713 2447 1796 2481 ‘infra
1813 2457 1908 2482 agnum

251 2495 339 2527 viqoe'mi
369 2499 489 2527 quattuor
513 2494 626 2519 seniores
649 2496 877 2526 repraesentantur
898 2501 1007 2518 coronae
1029 2493 1148 2518 manibus
1169 2497 1279 2518 tenentes
1300 2500 1392 2525 eaeque
1410 2500 1477 2524 aqna
1499 2492 1643 2524 offerentem·
1669 2491 1743 2524 infra
1768 2492 1797 2516 in
1818 2492 1908 2518 datu-0

252 2538 349 2570 angulo
367 2538 461 2562 vim'tur
473 2537 608 2570 Neptunus
626 2545 682 2562 cum
700 2544 777 2561 urceo
796 2539 819 2561 et
837 2535 958 2561 tridente:
974 2536 1002 2561 in
1020 2536 1123 2562 einietro
1146 2536 1228 2562 Terra
1246 2544 1303 2561 eum
1322 2543 1403 2561 cornu
1421 2534 1509 2567 copiae
1531 2534 1559 2559 in
1581 2538 1690 2566 utraque
1710 2533 1800 2559 manu’
1817 2534 1909 2565 Sanstl

246 2589 275 2612 p.
295 2579 330 2605 48
345 2581 395 2613 cfr.
414 2580 540 2605 Frimmel
557 2580 598 2605 die
617 2579 729 2612 Apokal.
747 2583 791 2604 etc.
808 2587 834 2611 p.
853 2577 887 2603 55

355 2672 426 2707 [IV.]
450 2672 487 2707 [1.]
507 2672 540 2699 16
560 2672 728 2706 Septimania
751 2674 787 2698 est
809 2671 859 2704 cfr.
879 2671 978 2704 Sanszl.
998 2679 1028 2705 p.
1046 2672 1088 2698 47.
1211 2670 1258 2705 [u.]
1277 2671 1294 2697 2
1313 2670 1405 2698 Sedul.
1423 2670 1454 2704 V,
1472 2670 1524 2697 357
1543 2669 1674 2696 Discedat
1692 2678 1839 2704 synagoga
1856 2678 1906 2697 suo

251 2723 360 2750 fuscata
383 2724 481 2751 colore.
569 2724 638 2751 3-5
661 2731 694 2750 ex
711 2723 828 2750 Alcmino
850 2731 874 2750 v.
892 2722 939 2750 vol.
960 2723 982 2749 I
997 2731 1025 2757 p.
1044 2723 1096 2750 293
1115 2723 1129 2749 1
1149 2730 1203 2756 sqq.
1226 2722 1272 2748 ubi
1294 2722 1463 2748 &rm-ibam:
1489 2721 1539 2748 Isti
1562 2721 1594 2748 in
1611 2721 1701 2748 altera
1718 2721 1839 2756 pagina,
1856 2721 1906 2748 ubi

251 2783 341 2810 agnus
365 2775 458 2810 pictus
482 2776 511 2802 et
530 2775 621 2803 XXIV
639 2775 761 2802 seniores
786 2776 815 2802 et
838 2776 914 2802 terra
939 2777 968 2802 et
991 2783 1076 2802 mare.
1164 2776 1180 2802 6
1198 2775 1247 2808 cfr.
1268 2774 1365 2802 Theod.
1389 2777 1474 2802 contr.
1495 2773 1577 2800 indic.
1596 2774 1637 2808 (Ι,
1653 2774 1716 2808 494)
1738 2782 1761 2801 v.
1780 2775 1814 2801 22
1838 2774 1906 2801 Inde

250 2827 450 2862 prophetarum
469 2828 566 2854 sancta
584 2829 696 2854 caterva
714 2827 792 2854 cluit.
