2040 2996
290 168 330 198 32
774 161 862 188 Vl'rA
882 161 991 188 BEATI
1012 159 1235 187 LEUDEGARII
1254 158 1452 186 MARTYMS.

656 248 803 280 Flatibus
827 250 924 279 aucta
947 247 1040 279 nimis
1065 246 1202 279 terrenis
1226 257 1317 277 mens
1341 248 1450 277 manet
1473 244 1554 286 ipsa.

659 299 787 331 Excute
811 303 985 341 torporem,
1010 309 1143 341 segnem
1167 298 1295 340 depelle
1320 300 1480 339 teporem:

656 351 803 383 Offitium
827 351 922 393 digiti
949 351 1080 382 solitum
1103 351 1156 382 vel
1180 350 1293 392 lingua
1317 349 1489 391 loquelam.

560 411 597 429 ‘2⁷⁵
657 403 719 442 Da,
743 403 835 441 deus,
859 406 895 434 ut
919 405 1067 445 captent;
1093 402 1270 444 spiramina
1293 404 1371 433 nota
1395 402 1563 432 recurrant

656 455 720 486 Per
744 465 855 493 venas,
880 457 1008 486 ructent
1031 453 1222 496 praecordia
1246 454 1390 485 carmina
1413 462 1515 483 saera.

657 506 731 538 Non
756 506 902 538 canimus
926 517 1053 548 pugnas
1078 516 1170 537 aeres
1194 509 1250 537 aut
1273 505 1364 537 triste
1388 504 1532 535 duellum

658 558 833 589 Haectoris
858 558 990 589 infausti
1016 558 1204 600 pariterque
1228 557 1348 588 inmitis
1371 555 1502 591 Achilli,

658 609 796 645 Quando
820 609 943 651 Argiva
965 620 1080 641 manus
1105 620 1242 651 regnum
1265 608 1425 640 destruxit
1449 607 1573 638 avitum

561 668 599 687 Μ’
658 661 887 703 Pergameum,
911 661 982 693 diro
1006 661 1186 693 maculatas
1211 661 1370 703 sanguine
1395 658 1509 691 taedas

659 713 722 745 Vel
747 713 904 753 canimus,
928 714 1059 755 gemino
1084 715 1233 745 statuunt
1255 723 1336 755 quas
1360 722 1495 754 carpere
1519 710 1605 741 ferro

659 765 788 797 Turnus
813 767 846 797 ct
868 765 999 797 Aeneas
1023 764 1141 807 (falsos
1164 765 1298 796 duxisse
1322 764 1465 796 Penates

660 816 723 853 Qui
747 817 860 856 fertur,
883 817 969 848 Latii
995 817 1102 849 tenuit
1124 817 1200 849 dum
1224 827 1325 858 regna
1348 814 1513 856 Latinus):

661 868 725 900 Sed
750 869 859 910 potius
883 869 1028 900 canimus
1053 871 1239 900 sanctorum
1263 878 1358 899 sacra
1381 866 1528 908 trophea,

565 927 602 946 2¹⁸⁵
662 920 828 962 Sanguine
852 920 906 962 qui
930 920 1059 963 proprio
1083 920 1232 952 stabilem
1257 922 1443 951 mercantur
1465 918 1632 950 honorem.

730 971 884 1014 Martyris
907 972 1094 1004 intermissa
1117 972 1171 1004 diu
1194 971 1352 1003 miracula
1376 981 1513 1009 narrem,

662 1024 725 1060 Qui
747 1024 894 1066 geminos
920 1035 1058 1067 propero
1082 1035 1178 1055 cursu
1202 1023 1327 1055 curavit
1351 1033 1482 1065 egenos.

662 1075 807 1107 Claudus
832 1080 903 1108 crat
927 1076 1057 1118 plantis,
1080 1076 1190 1107 multis
1215 1076 1356 1107 lassatus
1380 1074 1421 1106 ab
1446 1075 1551 1112 annis,

662 1127 790 1169 Pigrior
813 1130 911 1169 atque
935 1127 990 1159 diu
1014 1137 1229 1166 marcescens,
1253 1127 1337 1158 ealle
1362 1129 1482 1168 negato

566 1186 604 1205 2⁹0
661 1179 731 1210 Nee
754 1179 856 1210 valuit
880 1179 1018 1221 pedibus
1043 1179 1196 1210 dilectum
1221 1189 1355 1220 carpere
1379 1188 1538 1220 gressum.

662 1231 845 1262 Advectum
869 1233 1017 1262 sanctum
1042 1230 1182 1272 supplex
1206 1230 1239 1261 in
1264 1233 1339 1261 vota
1363 1230 1505 1261 vocavit:

662 1285 817 1325 Optatam
841 1283 959 1315 meruit
983 1282 1129 1324 gaudens
1152 1282 1273 1324 plantis
1297 1281 1498 1313 meditinam.

663 1334 864 1367 Accelerans
889 1335 1005 1367 mulier
1028 1334 1142 1366 morbo
1166 1338 1287 1366 vexata
1310 1334 1452 1376 maligno

664 1387 841 1419 Deformes
865 1386 974 1428 digitis
998 1386 1104 1417 curvis
1128 1385 1170 1417 ad
1195 1385 1313 1427 sydera
1336 1385 1462 1427 palmas

567 1446 603 1466 2⁹5
662 1438 848 1470 Protendit:
866 1438 1035 1470 '‘Manibus
1059 1437 1172 1469 mediis
1195 1448 1291 1476 nunc,
1315 1437 1426 1479 aspice
1451 1441 1581 1479 martyr,

663 1491 797 1532 Ungula
821 1493 886 1522 stat
910 1490 1029 1522 misere
1055 1489 1173 1522 totiens
1198 1490 1299 1520 infixa
1322 1499 1381 1531 per
1404 1492 1495 1520 artus

665 1543 813 1579 Qualiter
836 1545 870 1574 et
894 1542 1048 1574 membris
1073 1541 1198 1573 cunctis
1222 1551 1344 1582 augere
1368 1540 1516 1572 dolorem

664 1594 738 1626 Non
763 1597 886 1626 cessat:
912 1604 1053 1625 nocuum
1078 1593 1171 1625 citius
1197 1592 1357 1624 decedere
1381 1595 1507 1635 pestem

665 1646 727 1685 Da,
754 1645 900 1678 medicus
925 1645 1054 1685 Christi,
1080 1645 1121 1677 da
1145 1646 1208 1676 iam
1233 1645 1378 1676 fomenta
1400 1643 1536 1676 salutis'.

569 1705 606 1724 ³00
666 1698 829 1730 Continuo
853 1698 958 1740 pestis
983 1697 1150 1739 maculans
1175 1708 1247 1729 cum
1272 1708 1352 1728 voce
1377 1697 1524 1735 recessit,

665 1750 807 1782 Luridus
833 1754 930 1792 atque
956 1750 1045 1782 color
1069 1750 1193 1782 vadens
1218 1750 1304 1782 sicca
1328 1760 1402 1781 ossa
1425 1749 1578 1791 reliquid:

666 1801 780 1833 Prisca
803 1801 888 1833 redit
912 1801 1061 1833 manibus
1085 1801 1207 1833 Christi
1231 1801 1271 1833 de
1296 1812 1430 1832 munere
1454 1801 1565 1832 virtus.

735 1853 850 1886 Presul
876 1857 912 1885 ut
935 1853 1058 1885 audivit
1081 1854 1234 1886 comitum
1260 1862 1453 1895 properasse
1477 1855 1641 1884 catervam

666 1905 718 1937 Ad
742 1906 851 1937 villam
877 1905 1040 1948 quandam
1066 1905 1196 1948 propria
1219 1905 1342 1936 ditione
1366 1904 1518 1943 dicatam,

571 1965 609 1984 ³05
670 1958 807 1997 Obvius,
832 1960 867 1988 ut
890 1957 1010 2000 populo
1034 1956 1164 1989 defesso
1189 1957 1347 1988 alimenta
1369 1956 1560 1995 ministrent,

668 2008 855 2041 Ansoaldus
879 2019 988 2041 amore
1014 2009 1066 2051 pio
1090 2008 1211 2040 direxit
1234 2009 1392 2040 alumnos.

668 2061 749 2100 ‘Ite',
773 2062 827 2101 ait,
853 2065 896 2094 ‘et
920 2063 1039 2105 populo
1064 2062 1202 2105 dapibus
1226 2061 1406 2094 succurrite
1431 2061 1535 2097 lass0;

669 2115 741 2147 Sint
764 2115 882 2157 epulae
907 2115 1032 2146 cunetis
1056 2115 1179 2157 largae,
1204 2114 1246 2146 sit
1270 2113 1364 2156 copia
1386 2111 1498 2156 panis}

666 2166 799 2198 Dilitias
822 2165 957 2209 prebete
982 2166 1077 2198 simul
1102 2167 1291 2208 clarumque
1315 2165 1442 2204 Lieum,

571 2226 609 2245 ³10
668 2219 740 2254 Quo
764 2229 880 2261 corpus
905 2222 1053 2250 sanctum
1076 2219 1127 2250 fas
1152 2218 1194 2250 sit
1216 2218 1361 2260 perferre
1385 2215 1529 2249 citatim.'

667 2270 862 2302 Laetificata
886 2270 979 2302 bonis
1004 2270 1103 2302 tantis
1127 2270 1191 2302 iam
1215 2269 1310 2301 turba
1334 2268 1467 2310 quievit.

669 2322 734 2355 sed
759 2322 922 2365 stupidam
946 2322 1069 2354 cunctis
1092 2333 1160 2354 rem
1184 2324 1335 2364 gesserat
1358 2321 1480 2352 arbiter
1503 2320 1605 2351 altus:

405 2480 455 2506 274
474 2481 578 2514 linguae
598 2481 621 2505 (ι’
639 2489 705 2505 corr.
723 2479 748 2503 P
825 2478 877 2504 276
895 2479 984 2505 uenias
1005 2480 1027 2504 G
1044 2488 1111 2504 corr.
1131 2478 1155 2503 P
1231 2477 1281 2503 277
1301 2486 1389 2510 pugna
1407 2485 1491 2502 sacras
1506 2477 1528 2501 G
1546 2485 1612 2502 corr.
1627 2476 1651 2501 P
1733 2474 1782 2501 ‘281
1802 2475 1918 2500 caminus
1933 2475 1956 2499 G

302 2534 367 2550 corr.
387 2524 412 2549 1²
499 2523 550 2549 ‘283
567 2522 659 2556 matii]
678 2523 745 2548 latus
766 2523 788 2548 G
876 2522 926 2547 ‘291
946 2522 1093 2548 *Aduecti‘is
1114 2522 1136 2547 G
1201 2558 1205 2561 x
1222 2520 1272 2546 301
1291 2529 1348 2546 osso
1369 2520 1391 2545 (ι’
1409 2529 1475 2545 corr.
1495 2519 1519 2544 P
1610 2518 1661 2544 3025
1678 2519 1786 2551 aepulae
1807 2519 1829 2543 G

406 2600 457 2626 274
481 2598 569 2625 Seditl.
584 2598 634 2632 IV,
657 2599 691 2625 63
715 2598 814 2632 lingua
836 2597 968 2632 loquelas.
1064 2597 1114 2623 277
1134 2598 1201 2623 Aen.
1219 2596 1238 2629 l',
1257 2596 1291 2622 30
1314 2595 1430 2622 immitis
1454 2594 1563 2621 Achilli.
1659 2595 1711 2621 279
1736 2596 1800 2621 Aen.
1817 2594 1881 2628 VH,
1906 2595 1956 2622 794

306 2651 464 2686 Argivaque
489 2650 575 2685 pubes
593 2651 598 2683 1
619 2650 821 2684 Auruncaeque
849 2658 959 2679 manus;
986 2649 1033 2675 Gc.
1054 2648 1115 2681 III,
1138 2648 1190 2674 228
1212 2647 1305 2682 regnis
1332 2646 1449 2674 excessit
1471 2645 1562 2672 avitis.
1681 2646 1732 2672 283
1751 2646 1902 2674 Decastidu.
1928 2646 1957 2672 ιἠι

306 2704 371 2728 Aen.
390 2702 453 2735 VII,
471 2703 488 2728 5
507 2701 558 2734 (ed.
578 2701 611 2728 R.
629 2702 656 2734 5)
675 2701 719 2728 Ad
737 2710 831 2736 regem
850 2700 940 2728 mittit
959 2699 1032 2727 Lat-ii
1051 2701 1111 2726 tum
1129 2700 1200 2726 forte
1219 2698 1358 2726 Latinum.
1454 2698 1505 2725 289
1525 2699 1632 2724 Aream:
1646 2697 1685 2730 II,
1703 2698 1737 2724 26
1755 2697 1826 2724 mlle
1845 2699 1955 2732 negato.

304 2755 352 2780 291
382 2754 429 2786 cfr.
453 2753 478 2786 Ῑ,
502 2753 560 2779 249.
667 2753 719 2779 294
741 2753 788 2786 cfr.
809 2754 851 2786 11,
876 2754 935 2780 ⁵262.
1040 2752 1092 2778 300
1120 2751 1177 2778 Gal.
1201 2751 1253 2778 384
1282 2759 1344 2778 cum
1373 2758 1439 2777 voce
1469 2749 1589 2776 recessit.
1697 2749 1747 2776 301
1775 2749 1824 2781 cfr.
1844 2749 1870 2782 I,
1897 2749 1956 2777 715.

304 2805 354 2832 307
375 2806 441 2831 Aen.
457 2805 510 2838 XI,
528 2804 562 2830 ‘24
582 2805 631 2836 lte,
651 2804 700 2831 ait,
