2040 2996
575 41 596 61 ,-

481 116 689 143 PASSIONUM
708 116 762 143 BB.
781 116 924 143 IULIANI
941 117 986 143 ET
1005 117 1188 144 SOCIORUM
1207 118 1287 146 EIUS
1306 119 1414 146 LIBER
1433 121 1466 146 ΙΙ.
1755 122 1795 152 97

514 202 673 234 Omnibus
697 206 731 235 et
753 203 868 245 poenis
892 204 1093 245 consumptis
1118 204 1354 246 splendidiores

513 255 724 297 Inlaesosque
747 254 844 286 deum
868 255 950 286 caeli
974 258 1147 297 terraeque
1170 256 1335 298 marisque

417 314 455 332 2⁰⁵
514 306 682 338 Laudibus
704 306 860 338 inmensis
883 307 1024 339 cernetis
1047 307 1252 348 glorificare'.

557 358 704 400 Cumque
727 358 790 401 piis
813 358 920 390 verbis
944 358 1127 391 celebraret
1150 359 1230 391 talia
1253 364 1395 400 sanctus,

512 410 667 442 Protinus
690 421 733 442 ex
755 410 847 441 iussu
870 410 1030 441 sistuntur
1053 410 1214 452 praesidis
1241 415 1316 443 ante

514 461 719 504 Conspectus
741 472 869 494 saevos.
915 461 1005 498 Quos
1028 462 1163 494 vocibus
1189 463 1336 505 increpat
1358 464 1444 495 istis:

513 513 616 550 ‘Quur
638 513 740 550 vobis,
762 514 910 552 iuvenes,
934 517 1000 545 tam
1024 513 1199 556 desperata
1222 515 1382 554 voluntas,

418 571 458 591 21⁰
515 565 621 597 Omne
644 564 744 597 decus
767 565 854 597 vitae
878 575 936 607 per
959 576 1055 607 quam
1079 577 1165 598 nunc
1189 567 1327 609 perdere
1352 567 1459 607 vultis,

512 616 684 648 Interitum
708 619 877 659 sumptura
901 621 1012 649 manet
1034 618 1283 660 properantibus
1307 619 1391 650 ultro

513 668 565 700 Ad
588 668 702 700 mortis
726 679 848 711 poenas
870 669 970 700 nimio
995 669 1113 701 sudore
1137 673 1291 712 paratas?

513 720 633 752 Nescio
657 720 703 752 sic
727 720 888 752 alienatas
912 731 975 762 quo
999 721 1135 753 crimine
1159 724 1285 753 mentes

513 771 642 804 Vertite
665 782 723 814 pro
747 775 858 804 vestra
881 772 946 804 iam
969 773 1033 804 iam
1057 773 1210 805 veniente
1234 774 1341 806 salute

418 831 456 850 21⁵
514 824 558 856 Et
581 827 706 856 vestras
730 825 866 856 summis
891 825 1036 857 cervices
1058 825 1181 857 flectite
1205 826 1287 858 divis
1312 845 1350 849 ——

512 876 576 908 Pro
599 876 694 908 vobis
717 877 839 908 etenim
863 877 961 908 solita
983 877 1109 919 pietate
1133 881 1305 910 moventur
1328 897 1378 918 —‚

512 928 650 970 Ignibus
673 920 864 971 absumptos
889 931 1005 961 ventus
1028 939 1070 960 ne
1095 933 1229 971 spargat
1252 930 1285 961 in
1309 940 1405 961 auras

512 980 728 1022 Perdatisque
753 981 850 1012 simul
873 981 990 1012 misero
1015 991 1087 1013 eum
1112 982 1240 1013 nomine
1264 982 1375 1013 vitam.

513 1031 648 1071 Quodsi,
673 1031 882 1072 Caesaream,
906 1033 1015 1072 vultis,
1038 1043 1173 1075 poscam
1197 1034 1362 1076 pietatem,

418 1092 456 1111 ²²0
511 1084 558 1117 Ut
580 1085 699 1117 vestris
722 1085 820 1117 liceat
842 1085 935 1117 vobis
959 1089 1035 1128 post
1058 1085 1189 1128 legibus
1211 1087 1258 1118 uti

511 1136 555 1168 Et
576 1135 654 1169 fidei
676 1139 805 1170 vestrae
829 1138 972 1170 cultores
996 1148 1068 1169 esse
1092 1138 1235 1180 quietos;

512 1188 653 1220 Tantum
676 1198 718 1221 ne
740 1188 867 1231 prolem
890 1189 994 1231 patris
1019 1199 1092 1221 cum
1116 1190 1247 1222 nominc
1270 1190 1404 1232 perdam

511 1240 556 1272 Et
578 1251 670 1283 spem
691 1241 843 1273 nascenti
866 1241 981 1273 matris
1004 1241 1045 1273 de
1068 1241 1147 1273 flore
1171 1239 1322 1274 decoram

512 1291 742 1334 virtutemque
765 1287 879 1334 patris,
903 1295 1096 1324 vernantem
1119 1295 1228 1325 aetate
1252 1293 1384 1329 tenella,

418 1350 456 1370 2²⁵
514 1343 654 1385 Aequali
677 1342 831 1376 iuvenum
854 1354 893 1376 ac
917 1344 1007 1376 socia
1029 1343 1204 1376 dulcedine
1227 1345 1369 1376 vinctam

512 1394 601 1427 Ante
623 1404 715 1427 meos
739 1395 850 1427 oculos
873 1395 1015 1427 Vulcani
1037 1395 1172 1428 devoret
1196 1396 1253 1428 ira.

513 1446 542 1479 O
565 1445 659 1478 dolor
681 1446 844 1478 internum
866 1447 1014 1479 lacerans
1037 1451 1152 1490 pectus
1177 1448 1336 1490 genitoris
1359 1467 1400 1471 —

511 1497 762 1530 Nulla‘medela
784 1498 865 1530 mihi
887 1499 1008 1541 poterit
1030 1499 1222 1541 contingere
1245 1500 1416 1542 posthaec;

513 1549 600 1586 Quin
615 1550 780 1592 propriam
805 1560 936 1593 semper
956 1551 1120 1593 plangam,
1144 1551 1221 1582 dum
1245 1551 1366 1590 vixero,
1383 1552 1515 1594 ‘prolem

419 1608 458 1628 2³⁰
513 1601 704 1634 Extinctam
726 1602 866 1634 flammis
888 1602 1012 1645 pariter
1033 1613 1107 1635 oum
1128 1601 1260 1635 'nomine
1283 1603 1397 1646 patris.

513 1653 542 1686 Ο
565 1654 653 1686 mala
675 1664 747 1686 sors
769 1652 884 1696 patris3
907 1655 1055 1697 genitum
1080 1655 1255 1697 splendore
1279 1665 1448 1687 coruscum

512 1705 551 1738 In
573 1704 681 1738 medio
704 1706 858 1738 iuvenum
882 1707 986 1738 cernit
1009 1707 1064 1749 qui
1087 1707 1160 1739 luce
1184 1707 1361 1739 nitentum:

514 1756 598 1790 Nam
621 1757 736 1798 nescit,
758 1757 900 1800 primum
922 1758 1082 1800 plangens
1105 1768 1202 1800 quem
1225 1758 1356 1790 fletibus
1381 1758 1469 1798 udet,

513 1809 628 1841 Dulcis
652 1819 744 1841 amor
765 1809 869 1852 patris
892 1809 1020 1842 medius
1044 1809 1121 1842 dum
1144 1807 1231 1842 filius
1255 1810 1373 1843 adstet.

418 1868 456 1887 2³⁵
514 1860 650 1893 Artibus
673 1871 692 1892 ο
714 1860 851 1903 magieis
875 1861 1010 1893 nimium
1034 1861 1160 1893 Iuliane
1184 1862 1300 1904 perite,

514 1911 579 1948 Qui
601 1915 736 1944 cunctos
759 1923 916 1955 superare
939 1923 1054 1955 magos
1077 1914 1197 1945 virtute
1222 1914 1377 1956 magistra

511 1963 576 1996 Pro
599 1963 693 1995 nihili
716 1963 819 2004 ducis,
844 1983 885 1988 —
908 1975 1005 2007 quam
1030 1965 1132 1996 multa
1154 1965 1257 1996 trahis
1282 1965 1368 1997 bona
1392 1968 1499 1998 tecum

513 2015 567 2047 Ad
589 2018 738 2054 mortem,
761 2015 886 2048 faciens
909 2020 945 2048 ut
968 2017 1079 2048 matris
1104 2017 1206 2059 pellat
1228 2027 1373 2049 amorem

513 2067 616 2099 Filius
641 2070 674 2100 et
696 2070 823 2110 patrem
846 2067 935 2100 dicat
957 2079 993 2100 se
1017 2069 1104 2100 nolle
1128 2068 1250 2100 videre.

419 2126 458 2146 ²⁴0
514 2118 581 2151 Ore
604 2122 671 2158 tuo,
694 2119 751 2159 fili,
774 2119 888 2152 dulces
912 2120 1024 2155 audire
1048 2120 1196 2162 loquelas

249 2195 291 2222 43.
310 2198 386 2224 Iubet
402 2206 446 2224 eo·
462 2197 556 2231 impius
573 2205 675 2230 praeses
692 2197 718 2222 in
737 2202 875 2231 conspeetu
891 2207 939 2224 suo
951 2199 1037 2224 statui.
1073 2198 1173 2230 Quibus
1185 2198 1222 2223 sie
1233 2198 1311 2223 dixit:
1331 2198 1362 2223 *0
1374 2198 1506 2231 desperata
1516 2199 1643 2232 voluntas,
1661 2208 1707 2233 per
1719 2209 1796 2232 quam

147 2239 225 2265 decus
237 2240 378 2266 iuventutis
389 2241 422 2266 ad
434 2241 565 2266 interitum
577 2244 704 2274 properat,
722 2244 749 2266 et
761 2241 846 2266 neseio
857 2250 923 2274 quae
938 2242 1051 2266 carmina
1062 2242 1147 2267 aliena
1159 2245 1275 2267 tenentes
1288 2241 1349 2273 (quo
1361 2241 1473 2266 carmine
1485 2242 1522 2267 sio
1533 2242 1657 2268 alienatae
1670 2243 1762 2268 mentis
1771 2242 1799 2267 Ε

147 2282 200 2307 inv.
222 2291 268 2316 per
291 2284 377 2309 nescio
403 2293 455 2317 quo
478 2284 591 2309 carmine
614 2283 651 2309 sic
673 2283 833 2310 abalienatae
856 2289 953 2310 mentes
970 2285 1023 2310 asi.
1042 2288 1187 2318 properant.
1206 2284 1242 2315 B)
1264 2284 1442 2309 convertimini
1466 2287 1492 2309 et
1515 2285 1617 2310 tandem
1641 2294 1687 2319 pro
1711 2289 1796 2311 vestra

146 2325 230 2351 salute
247 2325 432 2352 immortalibus
449 2326 509 2358 diis,
534 2326 578 2359 qui
597 2335 642 2360 pro
660 2327 734 2352 vobis
750 2327 895 2359 elaborant,
919 2329 1032 2354 cervices
1051 2329 1151 2354 flectite.
1187 2327 1262 2359 Quod
1279 2328 1301 2352 si
1319 2327 1464 2359 volueritis,
1487 2336 1535 2361 ego
1561 2329 1680 2361 optinebo
1699 2338 1745 2354 vos
1762 2329 1795 2354 ab

147 2368 341 2402 imperatoribus
357 2371 413 2396 sine
430 2370 517 2403 aliqua
534 2371 711 2403 perseeutione
729 2371 860 2404 religionis
879 2376 978 2397 vestrae
997 2380 1052 2397 esse
1065 2372 1188 2402 cultores;
1207 2374 1307 2396 tantum
1326 2379 1358 2395 ne
1376 2370 1447 2395 unici
1465 2371 1526 2395 mihi
1545 2371 1591 2396 filii
1609 2371 1717 2397 dulcedo
1736 2380 1795 2397 eum

148 2411 243 2438 talibus
265 2413 376 2439 entibus
398 2413 424 2438 iu
446 2413 502 2446 ipso
524 2413 586 2438 flore
603 2413 735 2439 vernantis
753 2414 844 2440 aetatis
861 2415 894 2440 ab
913 2415 972 2448 igne
991 2419 1125 2440 cremetur.
1161 2415 1183 2439 O
1201 2413 1351 2439 insatiabilis
1370 2412 1530 2445 (insaxmbilis
1548 2413 1583 2445 B)
1608 2415 1680 2440 dolor
1697 2415 1794 2448 pectori

148 2463 204 2481 meo
222 2468 255 2473 —
273 2464 350 2488 quom
366 2456 477 2489 primum
495 2456 632 2489 plangam?
649 2464 708 2482 enm
727 2456 744 2488 †
762 2457 788 2482 in
806 2458 920 2483 omnium
939 2458 1061 2484 dedet-,ora
1080 2466 1193 2491 corpora,
1212 2457 1228 2487 †
1246 2457 1292 2482 filii
1311 2456 1450 2482 dulcissimi
1466 2457 1598 2482 considero
1611 2457 1711 2482 vultum
1727 2459 1795 2489 (cum

147 2498 260 2524 omnium
278 2498 370 2525 deeora
384 2495 448 2524 'sunt
464 2507 495 2531 e.,
514 2500 532 2524 t'.
549 2499 574 2524 d.
591 2499 651 2532 plus
669 2507 692 2525 c.
710 2508 735 2525 v.
753 2499 797 2531 B).
833 2501 855 2526 Ο
873 2501 973 2527 Iuliane
991 2501 1104 2526 omnium
1129 2501 1252 2525 malorum
1272 2500 1405 2533 magister,
1429 2508 1506 2532 quam
1523 2501 1605 2525 multa
1622 2501 1689 2526 bona
1706 2505 1791 2526 tecum

146 2541 252 2567 stu-ahin
277 2540 367 2574 (trahis
388 2541 424 2574 B)
453 2542 485 2567 ad
508 2547 628 2572 mortem,
656 2546 686 2568 ut
709 2543 778 2569 filius
801 2552 841 2569 me
866 2543 922 2577 (per
943 2548 968 2569 te
987 2548 1038 2576 pr'o
1061 2552 1101 2569 me
1127 2542 1177 2575 Ββ)
1201 2542 1318 2575 negando
1343 2546 1440 2575 patrem
1464 2551 1511 2568 nec
1535 2546 1641 2568 matrem
1665 2548 1794 2576 agnoscat.

249 2644 301 2671 213
317 2644 370 2672 ’an
386 2646 542 2673 carminum
558 2647 587 2673 in
603 2647 685 2672 aetio?
707 2648 756 2680 cfr.
774 2647 806 2674 dc
823 2649 894 2678 some
911 2648 976 2673 vitae
994 2646 1046 2672 208
1062 2645 1114 2671 212
1131 2646 1182 2672 286
1200 2645 1351 2678 Enqelmod.
1370 2644 1429 2677 III,
1441 2644 1487 2678 52,
1510 2646 1554 2671 ubi
1570 2646 1716 2678 spernenda
1739 2650 1795 2671 erat

148 2687 282 2714 Sic-umas·
299 2689 445 2714 miceam-a
547 2689 599 2715 219
615 2690 714 2723 possam
732 2699 799 2716 corr.
819 2690 850 2716 P·
953 2689 1005 2715 233
1022 2690 1099 2715 ¹'‘ufl'et
1111 2690 1136 2714 P

249 2755 301 2783 216
321 2755 396 2783 Fore.
415 2755 444 2783 0.
462 2756 502 2790 IL
517 2757 557 2788 16,
575 2758 607 2784 61
627 2757 727 2784 solitae
745 2757 860 2791 pietatis
878 2765 980 2784 amore.
1085 2757 1137 2784 ‘220
1154 2755 1200 2788 cfr.
1219 2764 1240 2782 υ.
1255 2757 1295 2783 12.

250 2805 352 2830 Poe-nt
370 2811 454 2830 ιΑτικι
472 2812 531 2838 uvi
549 2805 674 2831 Csnoum
693 2806 738 2831 111.
1558 2803 1589 2829 13
