2060 3074
195 228 257 257 506
853 223 989 250 HEIRICI
1009 223 1184 250 CARMINA.

558 311 816 352 Pertaesumque
842 309 926 352 cybi,
949 312 1138 351 pertaesum
1163 308 1303 351 denique
1327 312 1421 351 potus

559 363 698 393 Ferreus
722 362 754 393 in
778 364 916 393 mortem
939 360 1110 402 perstabat
1133 360 1263 392 trudere
1288 371 1430 393 somnus.

484 428 520 446 180
558 415 627 446 Iam
651 414 771 446 cedunt
794 412 925 445 medici:
951 423 1026 455 spes
1050 416 1101 444 est
1125 412 1252 444 sublata
1276 412 1404 449 salutis;

560 466 750 497 Percellunt
773 464 918 507 trepidos
943 464 1237 496 tantum'lamenta
1260 467 1415 507 parentes

559 516 681 548 Lurida
704 517 735 547 in
760 520 926 548 aeternam
951 516 1118 547 clausuros
1142 516 1264 547 lumina
1287 519 1432 548 mortem.

560 569 648 600 Vota
671 568 729 600 sed
752 568 792 599 ad
816 571 963 599 sanctum
987 578 1090 610 prope
1114 578 1189 599 sera
1212 568 1342 608 tulistis,
1366 567 1478 599 amici:

561 621 746 652 Praevertit
770 621 835 651 cita
858 631 955 658 mors,
980 620 1059 651 nulli
1083 630 1166 661 quae
1189 630 1325 662 parcere
1349 619 1449 652 novit.

487 685 523 704 185
563 672 623 703 Ille
646 675 756 703 tamen
780 675 935 714 properat
959 675 1055 703 coetu
1078 672 1254 703 comitante
1279 672 1421 714 piorum;

560 723 703 755 Nuntius
728 724 855 755 interea
879 726 993 765 coepto
1018 723 1163 755 deterret
1186 726 1301 755 euntes

561 775 630 807 Nec
653 775 734 815 fore,
759 786 823 817 qua
847 786 922 806 sese
946 775 1077 817 praesul
1102 775 1227 807 ratione
1251 775 1376 817 fatiget,

563 827 657 864 Quod
681 838 763 869 puer
786 830 954 858 extremae
978 827 1087 858 iussus
1112 826 1292 858 concedere
1317 827 1396 858 sorti

563 878 727 921 Sparserit
751 879 782 910 in
806 882 922 910 tenues
947 889 1041 910 usum
1066 879 1249 921 spiraminis
1274 889 1380 910 auras.

488 945 525 963 190
562 931 644 962 Tum
668 941 745 962 vero
769 930 921 973 precibus
947 931 1102 972 subigunt
1125 931 1351 962 communibus
1375 941 1487 962 omnes

563 983 679 1015 Officio
704 985 850 1025 perstare
874 983 941 1025 pio:
966 993 1027 1015 nec
1051 982 1176 1014 distulit
1199 982 1264 1015 ille.

563 1035 738 1066 Inveniunt
762 1034 882 1076 rigidos
907 1034 995 1065 fibris
1020 1034 1241 1066 marcentibus
1265 1037 1354 1066 artus

563 1086 606 1118 Et
629 1087 693 1118 iam
718 1089 903 1118 concretum
927 1087 1039 1118 loetali
1063 1086 1184 1128 frigore
1209 1090 1333 1129 pectus.

564 1138 673 1180 thue
699 1141 750 1170 est
773 1137 979 1170 Christicolis
1004 1138 1152 1180 ritusque
1177 1141 1210 1169 et
1234 1149 1311 1170 cura
1335 1138 1484 1178 salubris,

489 1204 524 1223 12³5
561 1191 721 1222 Functam
745 1190 933 1221 muneribus
957 1190 1101 1222 violenta
1125 1193 1211 1222 sorte
1236 1189 1367 1222 caducis

565 1242 802 1274 Commendant
825 1242 976 1281 animam,
1000 1242 1052 1273 cui
1076 1242 1189 1274 vivunt
1213 1243 1329 1281 omnia,
1353 1242 1438 1284 regi;

563 1294 650 1326 Hinc
674 1305 821 1326 remeare
844 1298 975 1339 parant3
1000 1298 1068 1325 tum
1092 1295 1199 1326 luctus
1223 1295 1348 1326 tollitur
1370 1295 1486 1337 ingens

564 1347 816 1389 Permixtusque
839 1347 915 1378 ferit
938 1347 1134 1389 populorum
1158 1346 1266 1379 sidera
1287 1347 1425 1389 plangor

566 1399 777 1431 Confundens
801 1399 957 1441 lugubres
981 1398 1060 1430 diris
1086 1399 1282 1431 clamoribus
1306 1399 1417 1431 aedes.

488 1465 527 1484 που
562 1451 739 1483 Pontifices
764 1450 911 1482 manibus
935 1450 1081 1492 defigunt
1105 1451 1217 1482 oscula
1241 1451 1373 1490 sanctis,

565 1503 684 1535 Orant:
709 1503 877 1544 lugentum
903 1503 1133 1534 miseresceret
1156 1503 1212 1534 ille
1235 1506 1407 1545 parentum

564 1555 829 1596 Defunctumque
853 1554 917 1586 imo
941 1554 1093 1596 precibus
1116 1558 1288 1587 revocaret
1310 1554 1453 1587 Averno.

566 1607 700 1638 Obstitit
722 1606 777 1638 ille
802 1605 859 1637 diu
882 1606 986 1638 sancti
1012 1606 1136 1638 ratione
1160 1606 1295 1649 pudoris

564 1659 728 1690 Virtutem
753 1661 876 1690 temere
899 1658 1006 1690 fassus
1030 1668 1095 1690 non
1119 1668 1194 1690 esse
1218 1658 1392 1700 petendam

487 1725 525 1743 205
563 1711 644 1750 Nec,
668 1710 776 1753 possis
800 1713 967 1752 quantum,
990 1710 1061 1742 fieri
1086 1710 1207 1742 debere
1232 1710 1404 1753 periclum;

564 1762 712 1806 Imperiis
737 1762 810 1794 fidei
835 1762 965 1794 tandem
989 1762 1171 1794 concedere
1195 1762 1310 1794 doctus

565 1815 700 1847 Annuit.
746 1814 833 1846 Hinc
857 1814 1001 1857 pulchris
1025 1818 1167 1846 mentem
1191 1815 1416 1857 praecingitur
1438 1813 1546 1853 armis,

566 1866 746 1899 Commoda
768 1867 904 1899 militiae
929 1877 1013 1909 quae
1037 1862 1174 1899 norerat
1198 1877 1271 1899 esse
1296 1877 1474 1909 supernae:

564 1920 657 1952 Haec
682 1919 778 1951 heros
803 1919 910 1951 vibrat
933 1919 1111 1961 turbasque
1135 1919 1300 1951 facessere
1323 1919 1465 1951 mandat.

487 1985 525 2005 210
563 1972 726 2004 Sternitur
750 1971 824 2003 hinc
849 1972 935 2003 arvis
959 1974 1050 2003 tanto
1075 1971 1212 2004 vicinior
1235 1971 1348 2007 astris;

565 2024 714 2057 Fletibus
738 2024 852 2066 implet
876 2024 1020 2062 humum,
1044 2024 1167 2066 gemitu
1190 2023 1342 2066 percellit
1365 2024 1555 2066 Olympum;

565 2076 608 2108 Et
632 2076 797 2108 Christum
821 2076 964 2107 lacrimis
991 2079 1024 2108 et
1049 2075 1214 2108 Christum
1238 2075 1422 2118 planctibus
1447 2078 1528 2108 orat.

564 2128 680 2160 Audiit
704 2128 910 2170 omnipotens
935 2138 995 2159 nec
1020 2127 1128 2160 differt
1150 2130 1229 2159 vota
1251 2127 1358 2159 fidelis

565 2180 782 2222 Elicitamque
808 2180 882 2211 imis
906 2180 1048 2211 animam
1072 2190 1219 2212 remeare
1244 2179 1404 2219 cavernis,

489 2246 527 2264 21⁵
566 2232 639 2269 Qua
662 2232 782 2264 virtute
807 2235 920 2274 potest
942 2231 1079 2264 detexta
1101 2235 1263 2271 retexere,
1288 2231 1394 2264 iussit.

565 2284 742 2327 Extemplo
767 2284 914 2316 recalent
937 2284 1033 2316 motis
1058 2284 1272 2326 compagibus
1296 2286 1386 2315 artus

565 2336 607 2368 Et
631 2337 751 2368 sensim
776 2336 875 2378 prisci
899 2338 1052 2378 repetunt
1075 2336 1215 2378 collegia
1238 2346 1362 2367 sensus.

566 2388 736 2430 Sanguine
761 2391 920 2430 concepto
945 2388 1053 2420 socius
1078 2388 1166 2420 calor
1190 2398 1267 2420 ossa
1290 2388 1418 2420 revisit:

567 2441 658 2477 Quae
684 2451 782 2483 sopor
805 2440 954 2482 urgebat,
979 2441 1086 2472 lucem
1109 2440 1174 2472 iam
1198 2440 1322 2472 lumina
1345 2440 1468 2482 spirant

491 2505 530 2524 ’.τεο
568 2492 702 2534 Iamque
725 2492 848 2524 micant
871 2491 972 2534 digiti,
997 2492 1061 2524 iam
1085 2492 1212 2534 quaerit
1235 2492 1348 2534 lingua
1371 2492 1507 2524 moveri:

566 2544 685 2576 Omnia
709 2544 828 2576 vitales
852 2547 1008 2576 exercent
1030 2544 1178 2576 membra
1199 2544 1330 2586 figuras.

305 2697 411 2723 Scholia
430 2713 461 2716 —
484 2699 531 2724 179
550 2699 662 2732 trudere]
681 2701 811 2733 impellere
917 2700 966 2726 188
985 2699 1070 2733 Quod]
1089 2701 1104 2726 i.
1123 2710 1144 2726 e.
1164 2709 1194 2726 eo
1213 2700 1280 2732 quod
1385 2699 1437 2725 205
1457 2698 1588 2732 periclum]
1608 2700 1793 2732 probationum.
1812 2713 1846 2718 —-

204 2740 271 2764 Ordo
290 2745 341 2766 est:
362 2751 408 2766 nec
427 2743 518 2768 debere
537 2743 589 2768 lieri
610 2744 740 2775 periclum,
760 2748 886 2776 quantum
905 2744 986 2777 possis

308 2825 355 2851 179
382 2827 449 2852 Aen.
476 2827 505 2852 X
517 2827 568 2853 745
590 2827 693 2854 ferrcus
718 2829 798 2861 urget
821 2829 946 2856 Somnus.
1054 2827 1103 2854 182
1126 2828 1194 2854 Aen.
1215 2827 1246 2854 X
1258 2828 1308 2854 746
1332 2827 1361 2854 in
1386 2829 1527 2854 aeternam
1553 2827 1720 2855 clauduntur
1743 2827 1851 2857 lumina

202 2877 349 2904 noctem.
456 2879 503 2906 184
523 2878 577 2910 Cs'r.
595 2887 680 2913 snpra
695 2888 760 2915 pay.
779 2880 812 2907 47
831 2880 869 2906 ad
887 2889 908 2907 c.
928 2882 961 2908 6⁴2
1066 2880 1117 2909 220
1139 2880 1225 2907 Const.
1245 2878 1289 2906 Vit
1309 2878 1396 2907 Germ.
1415 2879 1431 2905 l.
1449 2888 1470 2908 c.
1488 2879 1594 2909 micant
1612 2879 1704 2919 digiti.
1878 2885 1899 2914 εἴ
