2060 3074
733 177 780 204 DE
797 177 1026 207 SOBRTETATE
1044 181 1152 208 LIBER
1170 182 1191 208 I.
1719 189 1781 220 637

499 262 591 299 Quae
615 264 714 296 facies
737 276 820 298 nune
843 269 937 308 grata
958 268 1050 308 nitet,
1074 272 1148 311 post
1170 269 1293 311 palleat
1314 270 1457 303 horrens.

499 315 642 358 Quisque
666 317 760 359 legiS,
782 319 949 361 perpende
973 320 1091 359 animo,
1115 331 1211 363 quam
1234 323 1310 354 vilia
1333 324 1433 355 sensit

416 378 454 397 725
499 366 657 409 Alloquiis
681 368 796 411 dignus
819 370 940 402 domini
962 372 1180 405 sanctissimus
1202 373 1340 406 Abram:

498 417 586 450 ‘Sum
609 420 686 451 cinis
709 424 743 452 et
764 421 895 463 pulvis’;
918 423 1012 455 simili
1036 435 1164 467 quoque
1187 425 1284 457 eorde
1307 427 1437 459 iacebat

498 470 572 502 Rex
594 471 702 504 David
723 473 866 505 humilis:
891 475 1031 517 pulicem
1054 487 1089 508 se
1113 487 1156 508 ex
1179 478 1313 519 pulvere
1338 482 1500 522 sumptum

498 521 606 565 Atque
631 534 743 556 canem
766 536 947 558 memorans
971 527 1047 559 dicit
1070 539 1104 560 se
1128 533 1233 561 morte
1257 533 1426 572 putentem

498 574 716 618 Pacifieatque
740 577 843 609 ferum
866 578 935 610 miti
959 589 1107 611 sermone
1132 580 1273 613 Saulem.

393 638 458 658 ,aaa
498 626 635 659 Iactanti
657 629 807 660 meritum
830 629 1007 662 Pharisaeo
1030 631 1126 663 corde
1150 633 1289 675 superbo

497 678 549 710 De
572 680 693 722 templo
717 679 837 713 domini
859 682 923 713 iam
946 683 1058 714 iustior
1079 684 1132 715 ille
1156 685 1298 724 recessit,

500 730 674 763 Confessus
697 733 819 765 facinus
842 733 954 766 humili
977 735 1032 777 qui
1055 739 1187 778 pectore
1210 737 1307 769 flevit.

499 782 637 814 Hostem
659 783 760 816 habet
782 785 837 817 ille
861 785 966 826 deum,
992 788 1134 830 quisquis
1158 788 1287 820 feritate
1311 791 1477 827 tumescit;

498 834 611 867 Perdit
633 846 714 878 opus
735 837 859 869 virtutis
883 849 983 880 agens
1005 839 1175 872 iactantius
1197 841 1285 872 illud.

417 899 455 918 ⁷³³
500 886 595 923 Quod
618 890 731 928 tumet,
754 889 900 921 insanum
925 894 990 928 est;
1014 892 1103 923 inflat
1126 892 1213 934 quod
1236 896 1363 934 ventus,
1385 894 1480 926 inane
1505 898 1566 927 est:

499 938 642 971 Punctus
665 951 724 972 acu
747 941 874 973 modica
895 943 983 984 rigor
1004 943 1055 975 hic
1078 945 1222 976 vanescit
1243 946 1276 977 in
1299 957 1403 978 auras.

498 990 669 1033 Deprimat
692 1002 770 1034 ergo
794 1003 875 1035 opus
899 998 949 1025 est
971 995 1112 1027 animum
1135 1007 1227 1028 mens
1250 997 1314 1029 ima
1338 998 1480 1030 ferocem

498 1042 606 1085 Seque
629 1043 727 1076 homo
749 1048 865 1086 penset
887 1045 1032 1078 humum:
1056 1047 1101 1079 sic
1125 1047 1222 1079 corde
1246 1051 1279 1080 et
1301 1060 1436 1092 corpore
1460 1061 1589 1092 pronus,

497 1093 624 1135 Amisit,
648 1097 777 1138 poterit,
800 1097 886 1139 quod
908 1108 1000 1130 mens
1022 1099 1142 1140 inflata,
1165 1101 1291 1132 mereri.

416 1158 455 1179 τω
497 1146 617 1178 Audax
639 1147 776 1189 Eleazar
798 1149 973 1182 elefantem
997 1152 1109 1183 stravit
1132 1162 1307 1193 enormem,

498 1199 611 1231 Victor
633 1200 692 1232 sub
715 1200 852 1243 pedibus
876 1202 950 1234 vieti
973 1203 1027 1245 qui
1050 1204 1153 1236 vietus
1177 1205 1291 1237 obivit:

497 1251 571 1283 Non
593 1262 686 1283 secus
709 1253 879 1293 occumbit,
903 1255 957 1296 qui
980 1254 1020 1286 de
1044 1256 1160 1288 virtute
1185 1257 1338 1299 superbit.

498 1302 609 1335 Pulvis
631 1307 667 1335 ut
688 1305 720 1336 in
743 1308 850 1346 vento,
874 1306 973 1338 virtus
995 1307 1041 1339 sic
1062 1307 1164 1339 mixta
1186 1309 1303 1340 tumori
1326 1312 1389 1346 est;

499 1354 660 1387 Caecatur
681 1357 820 1398 gravius,
844 1358 898 1400 qui
921 1368 956 1390 se
979 1362 1072 1400 putat
1095 1369 1166 1391 esse
1189 1360 1364 1393 videntem.

419 1435 456 1455 ηε
544 1424 668 1457 XXVI.
693 1425 795 1458 Extat
818 1426 924 1459 adhuc
947 1428 1070 1468 vitium,
1094 1439 1165 1461 cum
1190 1440 1252 1472 quo
1276 1430 1436 1463 luctamen
1459 1431 1654 1471 habendum,

499 1477 604 1520 Impia
627 1478 778 1510 avarities
801 1478 917 1511 ardens
940 1480 1008 1512 sine
1031 1481 1094 1512 fine
1117 1481 1290 1524 modoque.

499 1529 604 1562 Omne
628 1530 747 1562 malum
770 1531 880 1563 mundi
903 1533 1027 1564 ratione
1051 1536 1085 1564 et
1107 1537 1254 1576 tempore
1279 1538 1398 1566 cessat:

498 1581 592 1613 Haec
615 1581 707 1614 radix
730 1583 861 1615 sceleris
885 1587 1050 1617 cremento
1074 1585 1226 1628 grandior
1249 1590 1354 1623 extat:
1408 1586 1410 1589 ’

499 1633 602 1676 Copia
621 1645 687 1677 quo
711 1635 822 1676 maior,
844 1636 918 1668 hinc
941 1637 1077 1680 amplior
1099 1630 1194 1670 ardor
1217 1638 1349 1676 edendi;

419 1697 458 1717 m
500 1685 634 1718 Morbus
656 1686 708 1719 hic
730 1687 881 1729 intercus,
905 1689 1012 1730 gravis
1034 1689 1154 1732 idrops,
1178 1690 1301 1732 grande
1323 1693 1502 1723 veternum.

500 1737 667 1771 Ecclesiae
690 1739 785 1772 sedes
807 1741 940 1773 venales
961 1741 1024 1773 ista
1046 1742 1221 1780 columbas,

501 1790 686 1823 Praecones
707 1795 814 1823 mutos
837 1803 1015 1836 caecosque
1039 1793 1136 1826 duces
1159 1794 1215 1826 dat
1237 1794 1360 1828 haberi.

239 1945 290 1973 738
307 1947 346 1973 sie
362 1955 442 1973 mmm
459 1948 562 1980 aequali
579 1947 640 1974 add.
655 1948 679 1973 A
766 1947 817 1974 743
835 1949 873 1974 uti
891 1953 968 1974 vento
986 1949 1049 1982 Neff

240 2041 299 2068 725.
313 2041 364 2068 72ss
385 2041 451 2068 Gon.
471 2041 512 2074 18,
524 2041 558 2068 27
578 2041 718 2069 Abraham
735 2042 790 2069 ait:
809 2042 876 2076 quia
894 2042 979 2069 semel
998 2042 1085 2077 coepi,
1104 2043 1202 2077 loquar
1214 2043 1248 2070 ad
1262 2043 1404 2071 dominum
1418 2053 1518 2079 meum,
1538 2054 1600 2072 cum
1620 2045 1670 2072 sim
1690 2045 1782 2080 pulvis

137 2093 168 2120 et
184 2091 262 2120 einis.
331 2092 469 2120 727—729
488 2094 502 2120 1
517 2093 580 2128 qu.
598 2094 640 2128 24,
655 2094 687 2120 15
705 2102 788 2128 quem
806 2094 988 2128 persequeris,
1007 2103 1055 2121 rex
1074 2094 1179 2122 Israel?
1197 2103 1293 2122 eanem
1312 2097 1453 2123 mortuum
1466 2097 1640 2131 persequeris
1653 2098 1682 2123 et
1694 2106 1780 2124 unum

138 2143 266 2178 pulicem.
297 2165 304 2172 .
315 2165 321 2172 .
341 2145 373 2171 17
392 2153 454 2172 cum
472 2147 567 2173 autem
585 2145 750 2180 complesset
767 2145 866 2180 David,
884 2145 958 2173 dixit
975 2146 1054 2173 Saul:
1079 2146 1224 2181 ‘numquid
1244 2156 1297 2174 vox
1315 2147 1383 2174 haec
1401 2149 1451 2174 tua
1470 2149 1524 2182 est,
1549 2148 1587 2175 fili
1606 2149 1645 2175 mi
1664 2149 1752 2176 David
1759 2150 1782 2176 ‘11'

138 2197 168 2223 et
185 2196 291 2223 levavit
308 2196 375 2224 Saul
392 2205 488 2231 vocem
505 2206 584 2224 suam
602 2199 631 2224 et
654 2197 738 2224 flevit.
826 2198 964 2225 730—732
988 2198 1056 2226 Luc.
1077 2199 1116 2232 18,
1132 2199 1242 2227 10—14.
1331 2200 1382 2226 736
1404 2199 1450 2227 Ου.
1467 2200 1533 2228 Her.
1552 2201 1614 2227 179
1631 2202 1655 2227 d
1674 2201 1742 2227 ΧΠ
1748 2202 1782 2228 85

138 2249 236 2275 tenue-
254 2250 387 2276 vanescat
407 2249 437 2276 in
459 2258 551 2277 auras.
639 2249 775 2277 739—744
795 2249 903 2284 ἅτερον.
927 2250 1028 2277 Moral.
1049 2250 1131 2276 XIX
1141 2251 1173 2277 21
1193 2250 1246 2283 (M.
1266 2251 1383 2285 76,119)
1406 2252 1520 2279 Eleazar
1543 2252 1574 2279 in
1597 2251 1703 2287 proelio
1727 2252 1780 2279 ele-

137 2299 271 2334 phantem
288 2301 390 2328 feriens
407 2301 530 2339 stravit..
543 2301 591 2329 sed
613 2302 664 2330 sub
683 2295 744 2337 ipso
770 2311 853 2337 quem
876 2302 1012 2330 exstinxit
1031 2303 1164 2330 occubuit
1186 2304 1212 2337 (l
1228 2303 1302 2330 Mac.
1321 2304 1345 2336 6,
1358 2303 1411 2338 46).
1436 2313 1506 2338 quos
1529 2313 1594 2339 ergo
1619 2304 1672 2331 iste
1695 2304 1781 2339 signi-

138 2352 215 2387 fieat,
238 2361 322 2387 quem
339 2362 389 2380 sua
406 2353 525 2382 victoria
542 2354 694 2390 oppressit,
718 2355 772 2382 nisi
791 2363 850 2388 eos,
869 2355 917 2390 qui
936 2355 1007 2382 vitia
1025 2357 1172 2391 superant,
1191 2356 1238 2383 sed
1258 2356 1308 2383 sub
1327 2356 1402 2391 ipsa,
1426 2364 1498 2390 quae
1516 2356 1663 2390 subigunt,
1687 2364 1782 2391 super-

138 2405 240 2433 biendo
258 2405 461 2433 succumbunt?
481 2427 504 2434 ..
523 2406 598 2442 perit
615 2415 704 2440 omne,
723 2407 797 2441 quod
815 2407 918 2442 agitur,
937 2407 961 2434 si
980 2416 1036 2434 non
1054 2408 1175 2435 sollicite
1187 2408 1218 2435 in
1236 2407 1397 2435 humilitate
1410 2407 1574 2435 custoditur.
1644 2408 1782 2434 748—750

138 2458 218 2486 Inter
235 2458 404 2487 Christianos
426 2459 502 2493 (nam
520 2459 600 2493 apud
618 2467 743 2494 paganos
764 2459 848 2486 simile
865 2459 1068 2486 usitatissimmn
1091 2462 1142 2494 est,
1166 2460 1216 2493 cfr.
1237 2460 1272 2487 R.
1290 2459 1322 2486 dc
1339 2459 1418 2487 Scala
1435 2459 1488 2487 Die
1506 2459 1621 2487 Studien
1637 2459 1683 2486 des
1702 2459 1782 2494 Poly-

138 2510 193 2538 126oe
210 2510 297 2545 183³)
314 2518 427 2538 amm
443 2519 505 2538 cum
521 2510 638 2546 hydrope
655 2514 846 2546 comparat-nme
863 2511 1036 2546 Auqustirms
1052 2515 1077 2539 et
1099 2511 1245 2546 Gregorius
1259 2520 1347 2546 papa.
1436 2511 1484 2538 751
1505 2511 1613 2546 ὕπερον.
1633 2511 1732 2538 Hamil.
1751 2512 1782 2538 in

137 2570 174 2591 w.
194 2562 253 2590 117
271 2563 323 2597 (Μ
343 2563 384 2598 76,
398 2563 476 2597 1145)
494 2572 543 2590 cur
560 2572 615 2590 non
633 2564 700 2590 unte
718 2563 819 2590 mentis
838 2563 932 2590 oculos
952 2563 1096 2597 revocatis,
1115 2563 1190 2597 quod
1209 2563 1346 2597 templum
1364 2563 1523 2597 redemptor
1534 2563 1629 2590 noster
1641 2563 1782 2597 ingressus

139 2614 285 2642 cathedras
303 2614 482 2642 vendentium
506 2615 647 2643 columbas
671 2615 772 2643 evertit
790 2617 818 2643 et
843 2616 1091 2643 nummulariorum
1117 2615 1217 2643 effudit
1240 2623 1287 2642 aes
1311 2615 1376 2650 (101⁸.
1396 2615 1564 2648 2,14—16)?
1589 2615 1638 2649 qui
1661 2624 1782 2650 namque

139 2668 206 2694 sunt
222 2667 252 2694 in
270 2667 376 2702 templo
393 2667 438 2696 dei
457 2667 540 2696 hodie
558 2668 607 2703 qui
625 2668 768 2696 columbas
786 2668 926 2702 vendunt,
949 2667 1002 2694 nisi
1027 2667 1075 2702 qui
1102 2667 1131 2694 in
1154 2667 1270 2694 ecclesia
1293 2667 1415 2702 pretium
1434 2667 1468 2694 de
1486 2666 1666 2701 impositione
1683 2675 1782 2694 manus

139 2718 301 2754 accipiunt?
319 2738 343 2746 ..
362 2720 491 2748 columba
502 2721 640 2754 venditur,
658 2721 726 2756 quia
744 2729 842 2748 manus
854 2721 1005 2756 impositio,
1024 2729 1074 2755 per
1085 2729 1169 2755 quam
1182 2720 1297 2755 spiritus
1316 2721 1428 2746 sanctus
1441 2718 1587 2753 accipitur,
1605 2718 1641 2746 ad
1660 2719 1781 2754 pretium

139 2769 296 2805 praebetur.
331 2771 379 2798 ned
402 2765 560 2809 redemptor
582 2774 676 2800 noster
699 2772 846 2800 cathedras
870 2772 1050 2800 vendentium
1074 2771 1215 2799 columbas
1239 2771 1353 2805 evertit,
1378 2770 1427 2805 qui
1450 2770 1550 2798 talium
1575 2771 1781 2805 negotiatorum

140 2821 325 2850 sacerdotium
337 2823 458 2852 destruit
469 2832 489 2852 ο.
498 2833 522 2859 q.
531 2832 552 2851 ⁸.
623 2824 674 2852 752
692 2824 756 2852 lsai.
769 2825 812 2858 56,
822 2825 855 2851 10
867 2824 1054 2860 speculatores
1067 2823 1141 2850 caeci
1155 2831 1257 2856 omnes,
1270 2822 1430 2850 nescierunt
1442 2821 1564 2849 universi
1577 2822 1684 2855 (Mam.
1698 2823 1738 2854 23,
1750 2824 1782 2850 16

242 2873 346 2902 Pon-ru
362 2883 446 2902 unm
463 2884 522 2903 nvi
541 2867 664 2904 C'Anoum
683 2876 731 2909 111,
743 2877 768 2903 2.
1547 2874 1579 2900 81
