2138 3106
318 190 378 219 358
918 186 1083 213 CARMINA
1104 186 1366 213 CENTULENSIA.

1091 315 1191 348 CLII.

678 378 751 409 Hac
774 378 895 420 gemini
919 388 1020 420 parva
1044 377 1148 408 saneti
1171 380 1394 408 memorantur
1417 377 1450 408 in
1473 388 1542 409 ara:

721 429 884 462 Iohannes
908 429 1049 471 genitus,
1074 428 1253 460 Zacharias
1277 429 1415 470 genitor.

678 524 804 556 Aurant
827 524 879 556 hie
904 524 1063 568 Stephani
1088 524 1186 566 digne
1210 524 1456 567 protomartyris
1480 524 1567 563 almi,

722 576 804 608 Iusti
828 577 987 620 reliquiae
1015 576 1244 619 Simeonisque
1270 586 1393 609 sacrae.

627 684 638 703 5
676 672 714 703 In
738 672 798 704 hac
822 672 974 704 leronimi
999 671 1103 714 cripta
1126 671 1316 703 memoratio
1341 672 1425 703 sacri

720 724 877 763 Efficitur,
903 724 1006 756 sancti
1028 723 1181 763 Efremis‚
1205 722 1339 766 Equitii.

721 872 867 908 Quintini
893 873 998 904 sancti
1021 871 1258 914 relliquiaeque
1284 871 1390 904 simul.

677 966 770 997 Haec
795 966 826 997 in
851 965 974 997 honore
998 966 1103 997 crucis
1128 968 1254 997 constat
1278 968 1411 997 sanctae
1435 976 1492 998 ara
1516 966 1634 1005 dicata,

612 1031 637 1049 ιο
717 1018 791 1055 Qua
815 1017 935 1049 Christi
960 1021 1067 1049 sacrat
1088 1018 1220 1050 mistica
1244 1017 1329 1050 dona
1353 1028 1455 1050 sacer.

677 1113 822 1145 Armifer
845 1113 897 1145 hic
921 1112 1041 1145 domini
1065 1113 1182 1145 colitur
1205 1112 1384 1152 Dionisius,
1407 1123 1472 1145 una

718 1165 873 1197 Rusticus
897 1176 935 1197 ac
960 1168 1093 1197 sanctus
1118 1167 1216 1207 atque
1240 1164 1465 1197 Eleutherius.

678 1259 782 1291 Ornat
804 1259 888 1291 hanc
913 1259 1032 1291 Christi
1056 1269 1203 1290 mensam
1227 1258 1404 1291 Mauricius
1429 1259 1533 1291 almus

719 1311 829 1354 Atque
853 1311 1070 1354 ExsuperiuS,
1095 1310 1261 1342 Candidus
1285 1310 1449 1353 egregius.

610 1421 634 1440 15
673 1408 850 1450 Gregorius
875 1410 1038 1440 structura
1061 1408 1175 1440 humili
1199 1410 1374 1439 veneratur
1398 1407 1431 1439 in
1454 1407 1526 1446 ista,

719 1459 834 1492 Clarus
858 1460 1004 1492 Romana
1027 1460 1082 1503 qui
1105 1460 1166 1492 fuit
1190 1459 1323 1492 eclesia.

675 1554 828 1587 Possidet
850 1555 934 1587 hanc
957 1555 1058 1587 levita
1081 1554 1135 1586 dei
1158 1554 1358 1586 Laurentius
1382 1565 1471 1587 aram

720 1606 802 1638 Cum
827 1606 1022 1639 Sebastiano
1045 1617 1149 1639 necne
1173 1606 1363 1639 Valeriano.

673 1702 839 1734 Praesulis
863 1702 989 1745 egregii
1012 1702 1145 1734 Martini
1169 1702 1292 1734 mentio
1316 1701 1370 1734 hic
1393 1702 1438 1738 fit,

608 1767 634 1786 20
716 1754 872 1786 Germani
896 1755 1012 1794 sancti,
1037 1754 1178 1786 Servatii
1202 1754 1357 1793 almivoli‚

673 1806 819 1846 Vedasti,
843 1806 963 1849 Elegii,
987 1806 1144 1838 Waleriei
1167 1806 1375 1848 Remigiique

717 1858 799 1890 Cum
822 1862 915 1901 patre
938 1858 1095 1890 Medardo
1119 1858 1359 1900 magnificoque
1382 1857 1487 1900 Lupo.

410 2033 504 2066 [CLII]
523 2032 540 2058 3
557 2033 622 2059 alme
641 2042 706 2058 corr.
721 2032 746 2058 B
842 2033 858 2057 (i
876 2034 914 2058 Ac
932 2041 1005 2059 sacer
1022 2034 1101 2058 efrem
1119 2033 1282 2065 equitiusque
1299 2032 1400 2065 dittoqr.
1418 2033 1446 2058 in
1463 2041 1546 2065 τηαν-9.
1565 2033 1627 2058 add.
1640 2032 1666 2057 B
1758 2032 1773 2058 ‘1
1785 2035 1841 2059 nul.
1859 2034 1908 2059 lac.
1921 2030 1978 2059 B:¹

306 2077 396 2102 excidit
417 2077 528 2110 Crispini
545 2081 567 2102 et
588 2076 746 2109 C'riapiniani
762 2076 853 2101 mmitio
942 2075 975 2102 12
992 2076 1130 2102 eleuterius
1149 2084 1216 2101 corr.
1235 2075 1260 2101 B
1348 2075 1380 2101 13
1397 2076 1531 2102 mauritius
1549 2085 1616 2102 corr.
1636 2076 1660 2101 B
1746 2075 1781 2102 20
1797 2076 1922 2103 Ε”εε)ι·ιιιιιςίἰ
1934 2077 1960 2102 Β

409 2161 508 2196 [CLII.]
536 2161 631 2188 tituli
659 2161 695 2187 in
722 2167 798 2187 aras
827 2160 865 2186 ab
892 2160 1081 2195 Anqilberto
1109 2161 1184 2187 olim
1218 2161 1254 2187 in
1289 2160 1418 2187 (lentuli
1445 2161 1593 2187 ecclesiis
1624 2164 1845 2196 consecratas,
1876 2165 1959 2189 tunc

306 2214 456 2247 temporis
482 2214 627 2246 fortasse
652 2215 725 2247 post
752 2212 923 2239 Danorum
949 2212 1070 2239 cladem
1096 2212 1252 2239 renovati.
1364 2213 1377 2239 1
1397 2220 1435 2246 sq.
1455 2213 1603 2247 Anqilbert.
1621 2213 1654 2240 de
1670 2214 1727 2241 eccl.
1746 2213 1846 2241 centul.
1865 2222 1923 2248 cap.
1942 2215 1957 2241 1

306 2265 363 2298 (SS.
385 2264 448 2298 XV,
460 2265 520 2298 174)
539 2265 628 2292 altare
646 2264 737 2292 sancti
755 2264 888 2292 Iohannis
906 2264 1061 2299 baptistae,
1081 2265 1110 2291 in
1129 2273 1184 2299 quo
1202 2264 1338 2298 reliquiae
1356 2264 1414 2291 eius
1434 2266 1462 2291 et
1480 2265 1630 2292 Zachariae
1649 2265 1738 2300 patris
1757 2265 1857 2300 ipsius,
1875 2274 1909 2293 se.
1926 2266 1966 2292 in>

305 2317 409 2343 eccla-tia
426 2317 576 2344 Salvatmis.
698 2318 715 2344 3
733 2325 770 2351 sq.
789 2317 851 2344 ibid.
869 2317 959 2344 altare
986 2317 1077 2344 sancti
1106 2316 1255 2351 Stephani,
1283 2316 1313 2342 in
1342 2325 1398 2350 quo
1425 2315 1560 2350 reliquiae
1587 2316 1645 2344 eius
1669 2318 1698 2344 et
1723 2317 1879 2352 Symeonis,
1908 2317 1957 2351 qui

305 2368 446 2395 dominum
470 2369 498 2395 in
523 2369 603 2395 ulnas
621 2369 750 2403 suscepit,
769 2369 799 2395 in
817 2368 904 2395 eadem
921 2369 1032 2396 ecclesia,
1154 2370 1170 2396 5
1188 2377 1224 2402 sq.
1244 2368 1307 2395 ibid.
1326 2368 1355 2395 in
1379 2368 1515 2395 aecclesia
1533 2369 1624 2396 sancti
1643 2369 1788 2396 Benedicti
1806 2390 1812 2396 .
1825 2390 1831 2397 .
1842 2390 1848 2397 .
1867 2369 1956 2396 altare

305 2420 395 2446 sancti
413 2419 578 2453 Hieronimi,
606 2420 635 2446 in
654 2429 709 2454 quo
727 2420 862 2454 reliquiae
881 2420 951 2453 eius,
979 2420 1079 2448 Effrem
1099 2422 1127 2448 et
1145 2420 1259 2455 Equitii.
1275 2428 1278 2431 ·
1347 2412 1349 2414 v
1365 2420 1380 2446 7
1398 2428 1435 2454 sq.
1453 2419 1513 2447 ibid.
1534 2420 1623 2447 altare
1648 2421 1738 2447 sancti
1758 2420 1899 2453 Quintini,
1926 2420 1956 2448 in

305 2479 359 2504 quo
378 2470 511 2504 reliquiae
530 2471 588 2498 eius
607 2473 636 2498 et
655 2473 814 2499 sanctorum
833 2471 953 2507 Crispini
972 2474 1001 2499 et
1019 2472 1188 2507 Crispiniani
1206 2473 1368 2507 martyrum,
1387 2472 1418 2498 in
1436 2472 1541 2498 ecclesia
1559 2472 1712 2500 &liutai-122.
1816 2473 1833 2498 9
1844 2480 1882 2506 sq.
1894 2472 1955 2500 ibid.

305 2523 393 2549 altare
418 2525 532 2550 sanctae
551 2524 651 2556 crucis,
678 2524 707 2550 in
730 2533 784 2558 quo
808 2524 943 2559 reliquiae
962 2525 1033 2560 ligni
1051 2525 1149 2560 ipsius,
1177 2525 1208 2552 in
1226 2525 1316 2552 eadem
1333 2525 1444 2551 ecclesia.
1567 2526 1599 2552 11
1619 2532 1657 2558 sq.
1675 2524 1738 2551 ibid.
1757 2524 1847 2551 altare
1864 2523 1956 2551 sancti

305 2575 437 2609 Dyonisii,
459 2575 487 2602 in
507 2585 561 2610 quo
579 2576 713 2610 reliquiae
734 2577 800 2610 eius,
821 2577 929 2604 Rustici
947 2579 976 2605 et
993 2578 1158 2611 Eleutherii,
1183 2578 1213 2605 in
1238 2578 1328 2605 eadem
1349 2578 1463 2605 ccclesia.
1570 2579 1602 2605 13
1619 2586 1656 2612 sq.
1674 2577 1737 2604 ibid.
1757 2577 1846 2604 altare
1864 2576 1956 2604 sancti

306 2626 442 2658 Mauricii,
468 2627 497 2653 in
515 2637 570 2661 quo
588 2628 722 2663 reliquiae
745 2629 815 2662 eius.
839 2629 972 2664 Exuperii
991 2631 1019 2657 et
1038 2630 1168 2663 Candidi,
1187 2630 1218 2657 in
1235 2630 1324 2657 eadem
1341 2630 1453 2657 eeclesia.
1569 2631 1602 2658 15
1618 2637 1656 2664 sq.
1673 2629 1736 2657 ibid.
1754 2630 1844 2656 altare
1864 2628 1955 2656 sancti

305 2679 442 2713 Gregorii,
467 2679 495 2706 in
514 2689 568 2713 qno
588 2680 721 2714 reliquiae
741 2681 810 2713 eius,
829 2680 942 2708 Eusebii
960 2683 988 2709 et
1007 2681 1128 2715 Ysidori,
1147 2682 1179 2708 ‘im
1196 2682 1301 2709 ecclesia
1319 2682 1464 2710 Benedicti.
1569 2683 1600 2710 17
1619 2691 1656 2716 sq.
1674 2682 1738 2710 ibid.
1757 2682 1846 2709 altare
1864 2681 1955 2708 sancti

306 2730 447 2757 Laurentii
465 2731 493 2757 in
511 2741 566 2765 quo
585 2732 718 2766 reliquiae
737 2733 803 2765 eius,
823 2733 982 2761 Sebastiani
1000 2737 1029 2761 et
1048 2734 1199 2767 Valeriani,
1217 2735 1248 2761 in
1265 2735 1372 2762 ccclesia
1392 2735 1547 2762 Salmone.
1664 2736 1696 2761 19
1715 2743 1767 2768 8911.
1785 2733 1847 2761 ibid.
1865 2734 1955 2760 altare

304 2783 394 2809 sancti
412 2783 537 2814 Martini,
566 2784 593 2810 in
618 2794 673 2818 quo
698 2785 832 2819 reliquiae
857 2786 915 2813 eius
937 2788 966 2814 et
990 2787 1122 2822 Remigii,
1142 2787 1271 2821 Vedasti,
1296 2788 1433 2820 Medardi,
1464 2787 1648 2820 Gualarici,
1677 2787 1760 2822 Lupi,
1789 2786 1954 2819 Servatii,

304 2834 434 2861 Germani
453 2838 538 2869 atque
557 2836 648 2870 wigii,
667 2837 695 2863 in
715 2837 803 2864 eadem
821 2839 932 2866 ecclesia.
1948 2862 1971 2884 ⁴‚-

1962 2882 1970 2893 1
