2138 3106
331 164 392 193 35⁶>
927 160 1095 186 CARMINA
1118 159 1380 186 CENTULENSIA.

698 248 776 279 Illos
801 248 895 279 corde
920 250 1025 286 tenus,
1050 247 1127 288 quin
1151 250 1182 278 te
1208 250 1402 279 veneranter
1426 247 1574 286 adorent,

631 312 655 331 2⁵
693 300 742 331 Ne
767 303 833 331 tam
859 310 1012 341 perverse
1037 298 1199 338 studeant,
1223 301 1317 341 pater
1340 309 1369 338 o,
1394 309 1492 340 super
1515 299 1587 330 illos

703 351 897 390 Desaevire,
921 354 995 382 tuus
1020 351 1150 392 genitus
1174 361 1254 393 quos
1280 350 1350 392 ipse
1374 350 1511 382 redemit

704 403 868 445 Sanguine
892 403 932 434 de
957 403 1098 445 proprio,
1123 402 1206 434 fudit
1229 413 1326 444 quem
1350 413 1465 444 corpus
1489 406 1637 445 apertum

698 456 771 487 Una
795 466 867 487 cum
891 455 972 486 sudo
995 455 1091 486 latice
1114 455 1301 496 pariterque
1326 458 1463 487 sacrato.
1484 473 1525 478 ——

698 507 751 539 Ad
775 508 871 539 finem
897 507 1008 540 valeas
1031 506 1145 548 rogito,
1169 506 1292 548 vigeas,
1317 517 1422 546 sacer,
1445 510 1536 549 opto;

633 573 658 591 κο
698 560 748 591 Sis
774 570 908 599 memor,
933 570 1000 598 oro,
1025 559 1099 598 mei,
1124 569 1239 590 maneo
1263 558 1354 590 velut
1375 558 1446 600 ipse
1470 558 1593 600 tuique.

698 612 835 643 Cantica
857 610 993 643 Davidis
1017 621 1149 642 resones
1172 610 1318 642 feriendo
1342 610 1464 642 labella

698 663 814 695 Cordis
838 663 871 694 in
895 673 1013 694 arcano
1039 662 1202 694 dominum
1227 673 1285 704 pro
1309 673 1361 693 me
1387 661 1571 704 rogitando:

698 715 769 747 Nee
792 726 853 757 ego
878 715 987 757 segnis
1011 725 1064 746 ero
1088 725 1147 757 pro
1171 718 1204 746 te
1227 725 1376 746 reserare
1401 714 1543 756 gemella

698 767 816 807 Labra,
841 767 937 806 scias,
962 766 1126 798 reddendo
1150 766 1264 806 vicem,
1289 766 1468 806 carissime,
1492 766 1596 798 donee

634 831 658 850 35
695 819 839 850 Vitalem
863 819 969 850 tulero
993 818 1105 849 flatum
1130 817 1189 848 sub
1213 818 1356 860 corporis
1380 817 1496 849 umbra

700 870 743 902 Et
766 881 841 902 mea
864 881 956 902 mens
981 870 1081 902 etiam
1104 869 1225 912 poterit
1249 869 1419 901 dinoscere
1444 879 1545 912 parva

698 922 834 964 Regem,
858 922 913 964 qui
938 922 1019 953 solio
1043 921 1167 953 residet
1192 921 1353 952 stellantis
1377 921 1410 952 in
1433 921 1498 953 alto

701 973 873 1006 Praeditus
898 974 968 1016 ipse
992 973 1059 1015 poli
1084 975 1271 1005 sanctorum
1295 972 1389 1004 valde
1414 973 1575 1015 maniplis.

702 1027 785 1058 Cum
809 1025 926 1068 quibus
951 1025 1115 1057 aethereis
1139 1025 1248 1057 fruere
1273 1035 1457 1056 mereamur
1479 1025 1618 1067 utrique,

634 1091 660 1110 40
696 1079 827 1121 Flagito
852 1089 984 1120 quaeso,
1010 1078 1111 1120 eybis,
1137 1077 1276 1120 supplex
1299 1077 1403 1119 rogito
1426 1087 1550 1119 precor.
1587 1078 1706 1110 Amen.

743 1131 923 1163 Witmarus
946 1130 1035 1172 legat
1058 1130 1168 1172 largus
1192 1129 1375 1172 nimiasque
1398 1130 1534 1162 salutes.

701 1182 913 1215 Ermenulfus
938 1182 1024 1213 enim
1047 1181 1197 1213 machros
1221 1185 1253 1213 te
1278 1182 1384 1224 poscit
1407 1191 1516 1213 avere.

702 1235 764 1267 His
789 1235 887 1267 etiam
912 1244 1084 1276 nexusque
1108 1237 1182 1265 tuus
1207 1233 1420 1265 Gunthardus
1444 1233 1573 1265 adelfus

706 1287 788 1319 Cum
814 1286 989 1318 Samuhele
1013 1289 1069 1318 tuo
1093 1296 1248 1328 germano
1273 1285 1351 1318 dicit
1375 1296 1483 1318 avere.

636 1353 662 1371 45
700 1339 749 1371 Ae
774 1339 870 1371 simul
893 1335 1035 1370 infantes
1059 1338 1159 1370 nostri
1182 1338 1382 1380 iuvenesque
1407 1348 1569 1380 senesque

702 1392 842 1424 Multum
866 1394 898 1423 te
922 1391 1057 1422 valitare
1083 1393 1200 1432 rogant
1223 1401 1282 1433 per
1304 1390 1413 1422 saecla
1436 1401 1566 1422 morosa

702 1445 740 1476 In
765 1444 907 1483 Christo,
931 1443 1011 1475 vivit
1035 1444 1089 1486 qui
1112 1453 1185 1475 cum
1208 1446 1311 1486 patre,
1335 1446 1452 1485 regnat
1475 1443 1605 1485 ubique.

705 1497 843 1528 Odulfus
867 1499 978 1528 eustos
1003 1506 1101 1539 super
1124 1506 1238 1528 omnes
1262 1499 1360 1537 teque
1385 1495 1516 1528 salutat.
1534 1514 1573 1519 —-

705 1547 905 1581 ‘Psalmatio’
930 1547 1007 1591 quid
1031 1548 1083 1587 sit,
1108 1548 1236 1590 vestiga
1258 1550 1368 1580 mente
1393 1547 1518 1589 sagaci;

640 1614 665 1632 50
702 1601 766 1632 Vel
789 1601 816 1632 si
841 1600 913 1643 quis
938 1600 1044 1632 codex
1067 1600 1113 1631 ita
1137 1599 1290 1632 decantat
1314 1602 1485 1642 peraratus

706 1653 769 1684 His
792 1653 825 1684 in
849 1652 1007 1695 partibus,
1032 1651 1064 1683 id
1087 1652 1168 1684 seire
1192 1651 1294 1683 facias
1318 1651 1452 1690 sitienti,

704 1705 815 1737 Antea
838 1715 934 1747 quam
959 1704 1053 1736 solito
1077 1704 1187 1736 tradas
1204 1722 1245 1727 ——
1262 1703 1305 1735 oh
1322 1723 1361 1726 —
1380 1703 1543 1736 oblivioni.
1566 1722 1606 1726 —

705 1758 756 1790 De
781 1761 893 1790 nostro
918 1758 1059 1798 seniore,
1084 1758 1179 1797 scias,
1203 1757 1297 1790 nobis
1321 1760 1433 1789 manet
1455 1757 1571 1798 ingens

704 1811 828 1843 Luctus
852 1810 1047 1853 tristitiaque
1074 1811 1194 1852 gravis,
1218 1809 1336 1841 nimius
1360 1808 1583 1855 deleretque.

641 1876 665 1894 55
705 1862 770 1894 Sed
794 1873 870 1905 spes
894 1863 927 1894 in
950 1865 1061 1894 nostro
1086 1865 1234 1894 remanet
1256 1865 1368 1894 nostra
1392 1861 1512 1893 seniori

705 1915 885 1957 Welpone;
910 1925 975 1955 oro,
997 1915 1069 1957 pius
1093 1914 1241 1946 dominus
1265 1924 1361 1956 quem
1385 1916 1547 1956 protegat,
1571 1915 1658 1955 opto,

706 1967 760 1999 Ad
784 1967 884 2000 decus
908 1967 1011 2010 ipsius
1035 1970 1180 1999 nostram
1202 1967 1389 2010 pariterque
1414 1966 1564 1998 salutem.

1106 2156 1223 2189 CXLI.

339 2238 363 2253 a.
386 2232 440 2254 866.
1033 2219 1304 2257 EPITAFIVM.

705 2297 769 2328 Hic
794 2296 913 2328 retinet
937 2306 1054 2338 corpus
1077 2295 1232 2328 Ruodulfi
1255 2295 1353 2326 tellus
1377 2294 1556 2333 humatum,

749 2348 849 2380 Cuius
872 2348 1062 2390 percelebre
1087 2358 1206 2379 nomen
1229 2347 1262 2378 in
1287 2347 1364 2379 orbe
1389 2346 1478 2378 cluit.

442 2480 476 2506 34
494 2481 574 2506 *libra
593 2481 617 2505 B
706 2479 738 2505 41
758 2479 836 2512 *legit
854 2479 879 2504 B
975 2478 1009 2504 43
1026 2478 1171 2510 *nixusque
1189 2477 1214 2502 B
1307 2476 1340 2502 47
1359 2485 1439 2510 regna
1457 2476 1483 2501 B
1500 2485 1565 2501 corr.
1585 2474 1684 2500 Betkm.
1771 2470 1993 2504 56*VuelponiB

444 2523 551 2556 [CXLI]
570 2524 586 2550 2
605 2524 684 2550 cludit
702 2523 727 2548 Β
745 2532 810 2549 corr.
830 2523 928 2548 Bethm.

443 2602 477 2627 44
499 2601 622 2628 *S'amuhcl
649 2600 793 2627 monachus
817 2599 982 2626 Centulensis
1007 2598 1040 2625 ab
1062 2597 1191 2630 Hariulso
1220 2597 1256 2623 ad
1278 2605 1304 2624 a.
1322 2597 1372 2623 867
1392 2595 1548 2623 novit-immi·
1574 2594 1673 2622 Ghron.
1693 2593 1798 2621 Gentwl.
1817 2591 1924 2625 11114,
1945 2590 1992 2625 qui

341 2654 413 2680 locus
432 2661 463 2679 ea:
483 2652 574 2685 odulfi
592 2652 674 2679 libello
691 2654 814 2686 sumptus
832 2654 874 2678 est.
979 2651 1014 2677 48
1031 2650 1073 2677 Dc
1091 2649 1188 2682 Odulf'o
1205 2649 1251 2682 dr.
1269 2647 1354 2683 supra
1368 2657 1398 2682 1).
1411 2648 1470 2674 267.
1558 2647 1592 2674 49
1610 2646 1705 2680 Neque
1721 2654 1770 2672 nos
1786 2645 1865 2672 sciolo
1882 2651 1990 2677 respon*

339 2705 399 2731 dere
412 2713 553 2738 possumus
570 2703 624 2730 nisi
641 2704 711 2736 forte
729 2703 762 2730 de
781 2703 878 2738 ψάλμα
897 2703 965 2729 θεοῦ
982 2701 1094 2736 quaerit.
1164 2702 1199 2729 53
1216 2700 1323 2728 seniore
1341 2700 1358 2727 i.
1372 2708 1392 2727 e.
1413 2698 1533 2732 Rudolfo
1550 2698 1597 2731 cfr.
1612 2697 1718 2725 CXLI.
1787 2697 1822 2723 56
1838 2695 1991 2728 Welf—ut

339 2757 402 2783 him:
419 2758 530 2791 apparet
542 2771 574 2775 —-
587 2755 676 2782 statim
690 2758 751 2789 post
769 2755 877 2788 Rudolfi
895 2757 1002 2781 mortem
1020 2753 1141 2780 abbatiae
1157 2753 1270 2787 regimen
1286 2751 1404 2785 suscepit.

445 2808 555 2842 [CXLI]
576 2807 712 2840 liudolfus
730 2807 795 2834 obiit
813 2816 838 2834 a.
857 2807 923 2833 2556.-
941 2806 990 2839 οβ’.
1010 2806 1163 2832 Duemmler
1182 2805 1271 2832 Gesch.
1291 2804 1316 2830 d.
1338 2804 1420 2836 Osts'r.
1439 2792 1566 2830 Reiclaesss
1585 2801 1626 2835 II,
1641 2801 1699 2828 142.
