2060 3074
258 159 320 190 658
914 154 1066 182 MILONIS
1084 154 1261 182 CARMINA.

624 243 781 274 Intoriere
805 241 879 275 rei':
902 242 1026 273 meritis
1048 251 1107 284 par
1130 241 1257 273 reddita
1279 251 1386 284 poena
1410 244 1474 272 est:

540 306 580 325 440
624 294 731 325 Ardor
753 294 938 336 inexpletus
961 296 1105 325 torrente
1129 293 1244 325 ardore
1268 303 1446 336 repressus.

667 354 709 385 X.
735 353 878 396 Quisque
902 354 999 395 igitur
1022 354 1104 385 tales
1127 364 1229 396 usque
1253 354 1316 385 huc
1339 353 1466 385 duravit
1488 354 1521 385 in
1548 357 1640 386 actus

625 406 827 448 Servivitque
851 406 958 448 gulae,
981 406 1046 437 iam
1070 405 1203 437 tandem
1227 405 1321 437 devia
1344 406 1492 448 linquens

625 458 742 489 Vertat
764 458 827 489 iter
849 467 1042 500 gressusque
1067 458 1170 499 agiles
1193 457 1235 488 ad
1258 458 1388 489 moenia
1410 461 1541 489 sanctae

627 508 818 540 Sobrietatis
841 511 935 550 agat;
959 508 1042 539 hanc
1065 508 1209 550 postulet
1231 508 1301 550 ipse
1325 509 1523 550 magistram,

542 573 580 591 445
624 560 719 591 Hanc
743 561 829 592 colat
850 563 886 591 ut
906 559 1081 601 dominam,
1104 560 1188 591 hanc
1209 570 1342 602 corpore
1365 559 1463 591 corde
1485 562 1644 602 receptet,

623 612 737 643 Discat
760 612 801 644 ab
825 612 886 643 hac
910 622 1040 644 servare
1064 611 1196 643 modum
1218 612 1405 654 licitumque
1429 614 1558 649 tenere;

625 664 735 695 Prima
758 664 936 706 magisterii
958 664 1000 695 sit
1021 664 1104 695 haee
1127 663 1274 695 doctrina
1295 663 1433 695 venusti.

627 715 787 752 Quattuor
808 717 893 748 inter
916 716 1002 747 enim
1024 716 1159 747 virtutes
1182 715 1286 758 portio
1311 718 1425 757 quarta
1449 718 1509 755 est,

625 767 717 804 Quae
740 768 834 799 nimis
858 778 952 799 omne
975 767 1077 799 tribus
1101 767 1232 810 reliquis
1255 767 1383 798 auferre
1407 767 1522 799 suevit.

542 831 581 851 450
625 819 686 851 Illa
708 819 841 851 modum
863 820 964 862 ponit,
988 830 1029 851 ne
1052 820 1125 862 plus
1148 818 1304 861 sapiendo
1329 819 1487 861 superbus

625 871 774 903 Inourras
797 872 939 904 heresim
962 871 1088 903 Graeco
1113 881 1260 903 sermone
1284 874 1444 903 vocatam.

627 923 738 964 (Secta
760 924 877 956 Latine
901 923 1043 966 quidem,
1068 923 1127 955 sed
1148 923 1286 955 nominis
1309 923 1403 955 huius
1425 923 1516 966 origo

625 976 772 1008 Vertitur
794 977 827 1008 in
851 976 1013 1019 duplicem
1036 979 1126 1008 certa
1148 976 1272 1007 ratione
1296 976 1477 1018 loquelam:

626 1028 657 1060 A
680 1029 834 1060 sectando
860 1029 998 1069 etenim,
1023 1039 1095 1060 cum
1120 1027 1207 1071 quod
1230 1028 1299 1060 vult
1322 1028 1456 1070 quisque
1480 1030 1648 1070 aequatum

543 1093 582 1112 4⁵1»
626 1080 721 1112 Alter
744 1081 804 1112 erit
827 1091 952 1112 sensus:
977 1081 1053 1123 quia
1076 1080 1230 1120 dissonat,
1255 1090 1326 1111 esse
1350 1079 1526 1111 secandum

627 1132 771 1175 Corpore
796 1133 837 1164 ab
862 1133 1031 1173 ecclesiae,
1055 1133 1188 1164 nimium
1212 1132 1266 1175 qui
1289 1131 1401 1163 devius
1425 1135 1527 1169 errat;

627 1185 790 1217 Scinditur
812 1184 898 1216 unde
922 1184 1053 1227 aliquid,
1077 1185 1159 1216 haec
1181 1184 1287 1227 portio
1310 1187 1400 1216 secta
1421 1187 1570 1216 vocatur:

628 1237 663 1268 Si
685 1237 841 1280 sequeris,
864 1240 954 1268 secta
978 1239 1037 1277 est,
1061 1237 1087 1268 si
1110 1236 1274 1277 scindetis,
1297 1235 1372 1268 inde
1396 1235 1542 1278 secaris.)

627 1289 722 1322 Alter
746 1290 806 1321 erit
828 1290 932 1330 limes,
955 1299 996 1321 ne
1021 1289 1157 1321 multum
1180 1289 1282 1321 iustus
1306 1289 1429 1331 agaris:

543 1355 582 1374 460
627 1342 680 1374 Sic
704 1342 825 1373 etenim
847 1341 987 1383 rigidum
1011 1341 1184 1373 clementia
1207 1341 1306 1383 digna
1327 1341 1502 1383 relinquet.

628 1394 739 1426 Tertia
762 1394 803 1426 ab
827 1394 889 1425 hac
911 1394 1011 1425 virtus
1034 1394 1131 1425 sumit
1154 1393 1349 1425 documenta
1371 1393 1540 1435 magistra:

628 1446 806 1478 Saevitiam
829 1446 944 1488 fugias,
969 1445 1045 1477 dum
1067 1446 1116 1477 vis
1139 1455 1200 1477 ceu
1222 1445 1314 1476 fortis
1337 1445 1462 1476 haberi.

629 1497 773 1530 ‘Sufficit'
797 1498 859 1529 ista
883 1497 988 1537 docet,
1013 1497 1103 1529 ‘satis
1127 1499 1186 1538 est,
1209 1497 1275 1528 iam
1297 1507 1394 1539 parce
1419 1496 1538 1533 ferire';

626 1551 694 1582 Ista
718 1553 875 1593 quaterna
897 1549 1016 1591 probat
1038 1549 1228 1581 Hebraeam
1250 1549 1378 1580 fimbria
1401 1552 1536 1589 vestem,

544 1616 583 1635 465
626 1603 806 1635 Emoreusa
830 1601 960 1644 quidem
983 1602 1092 1644 tetigit
1114 1612 1212 1644 quam
1235 1601 1366 1633 credula
1390 1600 1517 1633 Christo

628 1655 848 1697 Percepitque
871 1654 967 1686 eitam
990 1654 1044 1685 filo
1068 1653 1233 1696 pendente
1257 1654 1396 1685 salutem

628 1707 802 1739 Incolumis
824 1716 985 1747 remeans,
1009 1706 1094 1738 furto
1118 1705 1280 1737 medicata
1303 1705 1402 1737 fideli.

671 1767 731 1799 XI.
755 1767 947 1799 Sobrietatis
971 1767 1057 1799 enim
1080 1766 1226 1799 Christus
1250 1766 1444 1799 documenta
1466 1767 1610 1809 reliquit:

628 1819 726 1852 Cuius
750 1819 898 1862 discipuli
921 1818 998 1851 dum
1019 1819 1105 1851 hunc
1127 1830 1186 1862 per
1209 1819 1296 1851 culta
1317 1822 1504 1862 sequuntur,

544 1885 583 1904 4¹10
627 1872 804 1904 Vellebant
828 1871 940 1903 culmis
963 1872 1068 1914 spicas
1091 1872 1304 1914 manibusque
1327 1871 1479 1903 fricantes

627 1924 777 1956 Esuriem
801 1923 980 1966 explebant
1001 1924 1133 1955 nimiam
1156 1924 1277 1966 talique
1301 1927 1417 1966 paratu

629 1976 781 2008 Contenti
803 1976 922 2007 satiare
945 1975 1056 2007 avidas
1079 1986 1139 2018 per
1161 1976 1300 2008 sabbata
1323 1976 1444 2007 fauces.

630 2029 716 2060 Dum
738 2028 863 2070 primae
887 2028 1004 2059 aetatis
1027 2028 1159 2070 cupiunt
1181 2038 1334 2070 reparare
1358 2028 1515 2070 vigorem,

628 2080 778 2122 Frugalis
800 2080 886 2112 vitae
910 2080 1075 2122 specimen
1098 2080 1240 2111 tribuere
1264 2080 1404 2111 salubre.

544 2146 582 2165 4¹15
627 2131 754 2174 Quique
779 2132 932 2174 fatigatus
955 2132 1100 2163 mortalis
1122 2132 1266 2174 tegmine
1290 2132 1394 2163 carnis
1443 2130 1447 2132 ’

364 2262 417 2289 460
434 2263 581 2289 *dementia
594 2263 619 2288 A
706 2262 758 2288 464
776 2263 911 2295 quatersna
923 2262 948 2287 A
1040 2261 1092 2288 475
1110 2262 1226 2294 Quisque
1240 2263 1264 2287 A

365 2339 503 2366 441—467
523 2339 658 2365 Sobrietas
676 2338 726 2371 (vel
747 2338 960 2372 Temperantia),
984 2345 1052 2371 quae
1070 2340 1107 2363 est
1125 2337 1196 2363 inter
1213 2337 1325 2363 viv-tutes
1339 2337 1503 2371 principales
1520 2341 1633 2372 quarta,
1657 2339 1740 2366 tn'um
1757 2339 1922 2373 reliquam

262 2390 392 2424 magistra
410 2393 462 2416 est.-
481 2390 555 2416 docet
573 2390 676 2416 iustum
688 2389 796 2416 modum
808 2398 864 2416 mm
877 2389 996 2416 excedere
1011 2388 1192 2415 Prudentiam
1206 2389 1374 2422 (450-458),
1394 2389 1532 2416 Iustitiam
1547 2391 1617 2423 (459.
1631 2391 1702 2426 460),
1721 2390 1921 2418 Fortitudinem

264 2443 332 2474 (461.
345 2443 422 2475 462),·
445 2442 542 2475 quibas
559 2442 582 2467 si
600 2442 691 2468 miuus
709 2441 870 2474 moderatur,
886 2440 1034 2474 prudentes
1053 2440 1136 2473 facile
1158 2440 1231 2473 fiwnt
1253 2440 1392 2474 haeream,
1412 2441 1499 2474 fortes
1521 2442 1604 2474 saevi,
1628 2442 1694 2468 iusti
1716 2442 1828 2469 iniusti.-
1845 2442 1920 2469 unde

258 2493 421 2526 prudentiae
438 2493 536 2520 clamat
560 2493 685 2527 ‘suffieit'‚
708 2493 826 2519 iustitiae
849 2493 923 2519 ‘satis
947 2493 999 2526 est’,
1026 2492 1188 2525 fortitudini
1212 2493 1300 2526 ‘pm-ce
1316 2492 1409 2525 ferire’
1428 2493 1462 2526 (v.
1475 2493 1553 2527 463);
1576 2496 1694 2527 quatuor
1714 2494 1822 2520 virtutes
1841 2493 1921 2528 quasi

263 2545 442 2571 vestimentum
462 2544 563 2571 C'lvn‘sti
580 2547 652 2577 sumt,
670 2545 850 2578 temperantia
868 2545 924 2571 eius
942 2544 1091 2571 vestimenti
1109 2544 1189 2578 quasi
1206 2544 1323 2578 fimbria,
1341 2552 1424 2578 quam
1441 2544 1466 2571 si
1482 2544 1544 2578 quis
1561 2545 1683 2579 tetigerit,
1701 2546 1812 2572 salutem
1829 2545 1920 2572 statim

260 2595 393 2628 percipiet.
483 2596 535 2623 453
557 2596 602 2623 Sic
622 2596 723 2630 Papias
746 2596 778 2622 in
800 2596 970 2623 vocabulario
992 2596 1136 2630 distinguit
1159 2597 1236 2623 secta
1254 2604 1272 2623 a
1299 2596 1436 2623 divisione
1460 2596 1537 2623 dicta
1561 2596 1641 2631 quasi
1663 2597 1750 2623 sectio
1767 2599 1791 2623 et
1809 2598 1885 2624 secta
1902 2605 1920 2623 a

264 2647 403 2680 sequendo
422 2648 504 2675 dicta..
577 2649 712 2675 464—467
734 2648 830 2676 Matth.
851 2650 875 2681 9,
888 2649 924 2675 20
943 2649 1048 2680 mulier,
1067 2657 1140 2682 quae
1159 2648 1306 2682 sanguinis
1328 2649 1434 2675 fluxum
1452 2648 1616 2683 patiebatur
1628 2648 1682 2675 XII
1694 2648 1784 2681 annis,
1803 2649 1920 2676 accessit

264 2699 337 2724 retro
357 2700 384 2724 et
403 2698 500 2732 tetigit
518 2700 655 2727 fimbriam
673 2700 834 2727 vestimenti
854 2701 921 2727 eius.
958 2701 992 2727 22
1011 2720 1033 2726 ..
1054 2701 1084 2726 et
1107 2700 1185 2726 salva
1209 2699 1286 2726 facta
1311 2701 1354 2726 est
1372 2700 1473 2727 mulier
1491 2709 1524 2727 ex
1543 2700 1594 2727 illa
1618 2700 1694 2727 hors..
1781 2701 1920 2728 469-474

263 2749 331 2776 Luc.
350 2751 374 2781 6,
389 2751 403 2776 1
423 2750 526 2777 factum
547 2753 589 2778 est
607 2752 637 2778 in
655 2753 773 2780 sabbato
792 2753 913 2779 secundo
933 2753 1031 2787 primo,
1049 2760 1113 2779 cum
1134 2751 1269 2778 transiret
1287 2760 1338 2786 per
1352 2753 1422 2783 sata,
1440 2752 1584 2779 vellebant
1602 2752 1733 2787 discipuli
1751 2752 1811 2779 eius
1828 2752 1920 2787 apim

264 2802 292 2827 et
311 2801 518 2828 manducabant
536 2803 721 2830 confricantes
739 2804 876 2832 manibus.
966 2803 1104 2832 475—479
1129 2803 1228 2830 Isidor.
1250 2804 1365 2839 Alleyor.
1380 2804 1432 2832 235
1454 2805 1509 2838 (M.
1527 2805 1569 2836 83,
1588 2805 1649 2838 128)
1674 2803 1775 2831 mulier
1799 2803 1920 2832 Samari-

1888 2851 1910 2873 'a

2053 2208 2060 2344 ’.μ-...ψ-
2056 2191 2060 2195 ,
2058 2136 2060 2146 ..
