2092 3094
259 128 320 158 264

655 123 982 150 BIBL1OTHECARUM
1001 122 1047 148 ΕΤ
1067 121 1351 148 PSALTERIORUM
1370 120 1519 148 VERSUS.

1042 219 1127 240 xxvr.

624 266 764 309 Eloquio
789 266 908 298 domini
932 266 1063 308 fulgens
1084 264 1224 296 dilectus
1249 264 1373 295 amicus

626 318 761 350 sidereo
784 318 908 350 meritis
933 316 1147 360 persplendet
1172 316 1205 347 in
1229 315 1341 347 Ordine
1364 318 1499 357 quartus

624 371 788 402 Iohannes
811 371 898 408 vitae
920 370 1046 402 fontem
1070 369 1110 401 de
1134 371 1265 411 pectore
1289 371 1424 410 potans:

626 422 746 454 Omnia
767 421 970 454 transcendit
992 421 1075 452 ruris
1099 420 1244 462 caelique
1267 419 1416 452 volando.

626 474 784 505 ‘Verbum
807 474 840 505 in
863 471 1032 516 prineipio'
1058 472 1151 511 dixit,
1176 471 1323 503 ‘verbum
1346 474 1378 502 et
1401 481 1477 502 caro
1502 470 1634 510 factum,

627 525 721 562 Quod
745 529 849 567 pater,
872 527 909 556 ut
933 524 1045 563 voluit,
1068 523 1192 565 gremio
1217 523 1397 554 transmisit
1419 522 1460 554 ab
1484 520 1572 554 alto.'

1039 628 1135 650 xxvu.

627 676 719 708 More
743 675 855 707 volans
878 674 1009 717 aquilae
1033 673 1134 706 verbo
1159 673 1240 716 petit
1263 676 1353 705 astra
1375 672 1539 705 Iohannes

1034 788 1143 810 xxvru.

630 835 782 867 Gulmina
804 835 968 867 caelorum
992 835 1119 866 calcata
1141 837 1246 866 morte
1270 836 1402 876 petente

630 887 776 919 Aeterno
799 886 931 918 Christo
955 886 1109 918 caelestis
1132 886 1264 917 nuntius
1288 885 1392 927 inquit

628 939 808 981 Discipulis
831 938 991 980 matrique
1014 937 1082 969 dei:
1114 937 1195 969 ‘Ceu
1218 937 1360 976 cernitis,
1383 936 1459 968 olim

630 990 797 1022 Adveniet
820 992 907 1022 tecto
932 988 1073 1031 quodam
1096 988 1319 1021 residentibus
1343 987 1429 1020 una?

631 1042 772 1085 Spiritus
796 1041 959 1073 accedens
983 1043 1172 1072 cunctorum
1197 1039 1296 1072 corda
1318 1039 1469 1082 replevit,

632 1093 777 1130 Quorum
801 1093 961 1125 collectae
984 1092 1142 1124 mirantur
1165 1092 1287 1124 famina
1310 1095 1439 1134 gentes.

1050 1206 1137 1227 xxrx.

632 1253 796 1296 Principis
821 1253 983 1296 accipiens
1006 1252 1083 1284 olim
1106 1252 1286 1294 porismata
1311 1250 1430 1283 Saulus

633 1306 763 1337 Oorruit
786 1305 819 1336 in
842 1305 958 1336 faciem
983 1304 1089 1336 subito
1113 1303 1153 1335 de
1177 1303 1263 1335 nube
1287 1306 1431 1334 vocatus.

631 1357 871 1398 Annaniaeque
896 1367 994 1388 manu
1020 1367 1111 1387 sacro
1134 1356 1334 1399 baptismate
1359 1355 1478 1386 tinctus

634 1408 742 1441 Corda
764 1409 869 1451 replet
891 1408 1038 1448 fratrum,
1062 1418 1174 1439 verum
1200 1407 1429 1449 dominumque
1455 1407 1586 1437 fatetur.

632 1461 790 1493 Turribus
813 1460 842 1492 is
866 1464 988 1503 septus,
1013 1459 1103 1492 saxis
1127 1463 1225 1502 atque
1250 1459 1395 1501 undique
1419 1458 1546 1500 magnis

635 1513 834 1545 Summissus
858 1515 971 1555 sporta
993 1512 1144 1543 manibus
1170 1512 1216 1543 sic
1239 1511 1323 1553 fugit
1345 1511 1474 1553 iniquiS.

634 1565 686 1597 Ad
710 1569 826 1607 gentes
850 1575 992 1607 pergens
1017 1564 1154 1606 largItur
1178 1564 1304 1596 semina
1326 1563 1424 1602 vitae,

633 1617 780 1649 Roborat
802 1619 835 1649 et
858 1617 999 1659 scriptis,
1022 1615 1135 1647 tribuit
1158 1615 1231 1658 quis
1254 1615 1356 1647 verba
1380 1614 1505 1646 salutis.

1057 1729 1133 1752 xxx.

635 1776 751 1807 Insons
776 1786 833 1818 pro
856 1775 950 1807 nobis
974 1786 1079 1817 agnus
1103 1775 1158 1817 qui
1180 1774 1315 1810 victima
1337 1774 1455 1812 faetus,

634 1828 772 1860 Detexit
795 1828 897 1859 vietor
920 1838 1058 1869 surgens
1081 1827 1245 1858 velamina
1267 1826 1349 1868 legis

634 1880 743 1922 Atque
766 1879 840 1911 libri
863 1882 990 1921 septem
1014 1878 1132 1920 dignus
1157 1877 1328 1920 signacula
1351 1877 1457 1908 solvit.

635 1932 701 1963 Hic
726 1934 855 1974 septem
879 1931 997 1963 stellae
1020 1931 1097 1962 fidei
1119 1930 1308 1962 fundamine
1332 1933 1443 1961 rectae

570 1992 581 2010 ⁵
635 1984 821 2026 Designant
843 1994 942 2015 unam
967 1994 1058 2015 sacro
1081 1983 1304 2015 modulamine
1327 1977 1462 2024 prolem,

637 2036 728 2072 Quae
752 2039 890 2078 generat
913 2039 1008 2067 natos
1033 2035 1165 2067 Christo
1189 2035 1260 2066 sine
1283 2034 1348 2066 fine
1371 2033 1497 2066 beatos.

376 2150 477 2184 [xxvn.]
511 2150 525 2175 1
552 2151 680 2182 AQVILE
698 2150 724 2175 P
865 2148 956 2184 [xxrxf]
990 2149 1003 2174 1
1027 2149 1170 2174 PRICIPIS
1193 2148 1219 2173 P
1318 2147 1335 2173 3
1361 2147 1471 2173 SACRA
1493 2155 1560 2172 corr.
1585 2146 1610 2171 P

273 2203 331 2220 rae.
352 2197 373 2220 B
391 2195 416 2220 P

1702 2145 1720 2171 6
1743 2144 1928 2171 svssmssvs
