2060 3074
285 187 345 217 394

397 2710 413 2736 2
443 2714 469 2737 et
487 2719 554 2736 eras.
574 2711 596 2736 Ο
654 2715 679 2736 et
705 2715 772 2736 terra.
791 2711 820 2736 K
931 2710 946 2736 9
971 2710 1050 2744 *non]
1069 2719 1101 2736 ne
1120 2711 1193 2736 codd.
1257 2709 1400 2744 parentum]
1426 2711 1627 2743 propinquorum
1645 2709 1675 2734 K

295 2754 407 2786 (leuique
420 2754 448 2779 K

909 183 1109 210 BERTHARII
1130 182 1294 209 CAltMlNA

483 351 667 387 VERSUS
696 350 844 386 DOMNI
871 349 1137 386 BERTHARII
1163 349 1369 385 ABBATIS
1396 350 1456 385 DE
1483 349 1743 386 MIRAGULIS

808 411 924 446 ALMI
952 410 1127 453 PATRIS
1155 409 1416 448 BENEDICTI.

657 487 684 517 O
709 485 891 518 Benedicta
915 489 1009 528 pater
1032 485 1158 517 cunctis
1182 485 1395 517 celeberrime
1419 485 1525 524 terris,

697 538 762 574 Qui
787 538 820 569 in
845 538 915 577 celo
940 541 972 569 et
997 538 1028 568 in
1051 540 1138 568 terra
1162 537 1290 569 culmen
1313 537 1444 569 honoris
1467 537 1584 569 habes:

654 590 702 621 Te
726 589 807 621 deus
832 599 851 620 a
874 599 976 631 puero
1002 599 1208 627 conservans,
1234 589 1371 621 caelitus
1395 592 1492 631 atque

698 641 843 672 Instituit
869 644 1017 672 sanctum
1042 651 1172 683 semper
1195 640 1311 672 adesse
1335 643 1471 683 patrem.

599 707 610 724 τ,
652 693 702 724 Tu
725 693 788 733 via,
813 696 848 724 tu
872 693 996 731 ductor,
1019 696 1131 735 pastor
1154 693 1331 735 doctorque
1355 693 1463 733 beate,

695 745 834 776 Instruis
863 755 903 776 en
929 748 1063 776 cunctos
1089 744 1247 776 scandere
1270 745 1353 776 lucis
1377 745 1449 776 iter.

652 797 845 838 Cunctaque
869 797 1033 839 tempsisti
1057 797 1246 839 praeclarae
1269 796 1422 838 dogmata
1446 796 1569 828 Romae

695 847 788 879 Dans
812 847 934 880 domini
959 848 1099 890 supplex
1123 848 1207 879 colla
1229 848 1327 879 beata
1349 848 1436 890 iugo.

651 899 722 931 Nec
747 910 811 931 non
834 902 1007 942 parentum
1030 900 1190 942 tempsisti
1213 900 1341 931 moenia
1364 900 1479 931 sollers

589 965 613 983 ιο
698 951 749 983 Ob
774 951 896 983 domini
920 962 1067 993 regnum,
1092 951 1177 994 quod
1201 951 1381 994 paradysus
1406 951 1515 983 habet.

654 1003 704 1035 Tu
728 1004 880 1046 precibus
904 1004 1043 1035 fractum
1067 1004 1204 1035 iunxisti
1228 1004 1355 1035 concite
1378 1004 1534 1038 vasclum,

696 1055 872 1098 Obsequiis
898 1056 1016 1087 vestris
1041 1056 1127 1098 quod
1151 1055 1319 1099 pedagoga
1343 1056 1424 1088 tulit.

653 1108 705 1139 En
728 1107 847 1150 lapidis
871 1108 959 1139 iactu
985 1108 1144 1149 confregit
1168 1107 1295 1139 invidus
1319 1107 1422 1139 hostis

696 1158 885 1200 Signaclum
909 1170 1054 1198 mensae,
1079 1170 1096 1190 o
1121 1159 1312 1198 Benedicte,
1337 1162 1422 1190 tuae.

591 1224 614 1242 15
655 1210 719 1241 Sed
745 1211 875 1242 solitum
901 1221 1003 1253 puero
1028 1221 1092 1242 non
1116 1211 1216 1242 cessit
1240 1210 1376 1243 reddere
1400 1214 1530 1252 gustum

698 1263 866 1294 Romanus
891 1263 1004 1299 frater,
1028 1264 1077 1295 vir
1101 1263 1249 1295 bonitate
1273 1264 1356 1306 pius,

655 1314 799 1347 Prandia
822 1319 940 1357 magna
966 1315 1025 1346 tibi
1050 1315 1233 1347 conduntur
1255 1326 1395 1357 namque
1420 1315 1588 1347 sacerdos:

697 1368 753 1399 Nil
778 1367 879 1399 habet
901 1368 934 1399 in
958 1371 1055 1410 pastu
1080 1368 1227 1400 servulus
1252 1379 1335 1400 enne
1359 1378 1450 1399 meus
1460 1372 1473 1399 ¹!

659 1421 775 1462 Surge,
799 1430 890 1462 puer,
916 1420 1037 1451 domini
1061 1421 1285 1452 transmissam
1310 1421 1426 1462 excipe
1450 1431 1596 1460 caenam,

591 1485 617 1504 ’.ὀ
699 1472 804 1508 Quam
828 1472 886 1503 tibi
911 1472 966 1503 dat
989 1472 1131 1514 paschae
1153 1475 1282 1515 tempus
1307 1483 1417 1503 amore
1441 1472 1503 1504 dei.

656 1524 757 1555 Tetra
782 1524 875 1554 nimis
899 1523 1039 1555 volucris
1064 1524 1140 1565 quin
1165 1524 1268 1565 gessit
1292 1523 1434 1555 vultibus
1459 1523 1562 1557 almis.

700 1575 791 1612 Quae
816 1575 980 1618 quondam
1004 1576 1147 1618 inspexit
1170 1576 1268 1607 noxia
1290 1579 1399 1607 mente
1422 1586 1511 1618 puer.

659 1628 815 1660 Sentibus
838 1628 978 1659 iniectus
1005 1629 1136 1660 calcasti
1160 1627 1291 1659 sordida
1314 1628 1420 1660 carnis

700 1680 895 1723 Exuperans
919 1681 1036 1711 vulnus
1061 1681 1194 1711 vulnere
1218 1691 1358 1722 namque
1381 1681 1444 1722 pio.

592 1746 617 1764 25
657 1732 833 1774 Frangitur
857 1735 926 1764 arte
952 1732 1058 1763 crucis
1082 1732 1220 1764 vitreum
1244 1743 1302 1764 vas
1327 1733 1453 1764 concite
1478 1735 1612 1764 sanctae

701 1784 745 1815 Et
768 1784 896 1826 placido
921 1784 1012 1815 vultu
1035 1785 1115 1816 talia
1138 1784 1225 1816 dicta
1247 1784 1351 1815 dedit:

662 1835 818 1867 ‘Moribus
843 1846 884 1867 en
907 1839 1035 1878 patrem
1059 1836 1174 1868 vestris
1198 1836 1373 1879 perquirite
1395 1836 1526 1870 fratres.

702 1888 786 1920 Nam
810 1891 955 1930 repetam
980 1889 1098 1920 montis
1121 1889 1257 1920 frondea
1280 1891 1367 1920 tecta
1390 1887 1499 1920 celer.’

662 1941 739 1972 ‘Gur
763 1951 872 1972 sacras
895 1940 1009 1972 laudes
1034 1941 1167 1983 refugis,
1193 1941 1383 1972 stultissime
1407 1940 1517 1977 frater,

596 2006 621 2025 ³0
703 1993 746 2024 Et
770 1993 862 2035 pueri
887 1993 961 2024 tetri
985 1993 1118 2024 horrida
1140 1995 1233 2035 terga
1256 1993 1335 2024 teris
1345 1991 1370 2022 ’Ν

659 2045 809 2076 Percutit
832 2045 918 2076 hunc
942 2044 1036 2086 virga
1059 2047 1151 2076 tanto
1175 2055 1233 2086 pro
1258 2045 1382 2076 scelere
1406 2046 1532 2086 pastor:

702 2096 870 2128 Laudibus
894 2097 926 2127 in
951 2097 1073 2128 sanctis
1097 2097 1142 2128 sic
1165 2096 1250 2128 bene
1274 2099 1383 2127 mente
1407 2095 1477 2127 fuit.

662 2148 807 2191 Suscipe,
832 2151 943 2180 sancte
966 2151 1069 2190 pater,
1093 2159 1222 2191 pueros,
1247 2158 1326 2190 quos
1350 2148 1454 2190 gloria
1476 2147 1602 2179 Romae

702 2201 755 2232 Ad
778 2204 834 2232 tua
857 2201 1038 2232 transmisit
1061 2201 1175 2232 limina
1197 2202 1308 2232 mente
1331 2200 1396 2242 pia.

594 2266 618 2285 ³5
656 2253 827 2285 Fratribus
851 2253 922 2295 ipse
946 2252 1006 2284 tibi
1030 2252 1211 2284 commissis
1234 2262 1327 2283 mons
1351 2251 1442 2283 dedit
1465 2262 1604 2290 amnem,

703 2305 749 2337 Ut
771 2305 887 2336 refluat
910 2305 1026 2336 cursim
1051 2307 1181 2347 tempus
1204 2304 1237 2335 in
1261 2314 1356 2335 omne
1379 2313 1483 2334 suum.

660 2357 795 2399 Excipe,
821 2355 941 2396 Gothe,
965 2360 1055 2388 tuum
1081 2359 1234 2398 repetens
1259 2366 1278 2387 a
1301 2355 1430 2397 gurgite
1454 2355 1574 2386 ferrum

703 2408 747 2439 Et
772 2408 881 2450 operis
906 2411 1057 2450 coeptum
1081 2408 1207 2439 concite
1233 2407 1357 2449 comple
1382 2407 1439 2438 tui.

660 2460 836 2492 Assiduam
859 2459 1013 2491 Placidus
1038 2459 1114 2491 dum
1138 2459 1239 2491 ferret
1263 2459 1402 2501 gurgitis
1426 2468 1553 2490 amnem

595 2524 620 2543 40
702 2511 878 2554 Obsequiis
903 2512 1036 2551 sanctis,
1059 2511 1146 2543 hunc
1170 2511 1244 2543 tulit
1266 2510 1354 2542 unda
1377 2510 1491 2542 fluens.

664 2564 781 2605 *Perge
806 2564 903 2603 celer,
927 2563 1041 2595 Maure
1066 2564 1178 2603 frater,
1201 2563 1364 2594 iuvamine
1389 2562 1520 2602 Christi,

705 2616 750 2647 Ut
773 2619 904 2658 repetas
927 2626 1075 2658 puerum,
1099 2626 1195 2657 quem
1219 2617 1309 2647 tenet
1333 2613 1421 2645 unda
1442 2613 1577 2656 procul.’

1683 486 1789 517 (r'reyor.
1809 483 1881 508 Dial.

1739 528 1757 552 l.
1777 527 1817 551 Il.

1785 2709 1815 2735 ll
1839 2708 1948 2744 concite]

529 2753 562 2779 13
579 2754 713 2779 lividusK
799 2753 831 2779 15
850 2757 932 2779 cessat
950 2754 1049 2779 tradere
1064 2754 1093 2778 K
1177 2753 1210 2778 18
1228 2752 1302 2786 enne]
1321 2762 1380 2779 ecce
1393 2754 1423 2779 K
1508 2753 1540 2779 19
1558 2754 1660 2786 suscipe
1671 2753 1702 2778 K
1785 2751 1818 2778 21
1837 2753 1950 2779 volucris

297 2803 349 2832 quq
378 2797 485 2829 ingessit
503 2797 542 2821 K:
562 2798 628 2830 sort.
647 2802 712 2822 recte
816 2796 850 2822 25
874 2798 973 2822 concite
996 2796 1095 2834 sancte]
1121 2797 1220 2822 eminus
1238 2797 1307 2833 alme:
1327 2797 1356 2822 K
1457 2796 1491 2822 38
1515 2795 1556 2829 Et]
1580 2798 1619 2822 En
1638 2796 1668 2822 K
1717 2797 1816 2822 concite
1839 2794 1948 2830 comple]

296 2840 391 2872 perfice
410 2840 487 2872 gotho
508 2840 537 2864 K
638 2839 671 2864 39
690 2841 826 2865 Assiduam
845 2841 880 2865 sic
898 2849 928 2866 ex
947 2841 987 2865 sil.
1008 2840 1030 2866 (J
1079 2838 1190 2873 amnem]
1211 2840 1305 2865 undam
1325 2840 1351 2866 K
1454 2839 1486 2866 41
1507 2838 1650 2874 iuuamine]
1668 2840 1716 2865 sub
1735 2839 1836 2865 nomine
1855 2839 1885 2867 K
1919 2868 1930 2878 ο
