2138 3106
0 1919 17 2027 'rw

0 2956 20 2998 (v'2
0 2948 2 2950 '

0 2785 27 2945 'stqu-w?
0 2758 13 2779 ι
0 2740 22 2750 ,ῑ
0 2660 18 2730 aru-N,
0 2498 22 2651 WYSaeV&
0 2476 12 2490 τ
0 2395 10 2463 nan-u*-
0 2356 13 2386 <pn
0 2343 10 2349 ε

825 128 976 156 mCONIS
995 129 1171 158 CARMINA.
1761 136 1822 166 363

538 214 608 246 Nec
631 217 787 257 quantum
810 215 921 256 voluit,
944 216 1059 256 fateor,
1083 220 1193 249 tamen
1216 218 1287 260 ipse
1311 219 1449 250 removit

580 266 732 298 Incoctas
756 270 889 309 propter
912 268 1088 310 pulticulas
1111 269 1256 302 nimium.

538 317 647 350 Unum
672 317 730 350 sed
753 318 875 349 factum
898 320 1101 351 verecundor
1123 331 1240 364 nempe
1264 322 1396 362 referre,

472 382 498 402 2⁰
578 369 674 406 Quod
697 370 802 411 magis
825 371 976 403 occulere
1001 382 1097 413 quam
1120 383 1267 404 reserare
1291 373 1399 405 decet:

537 422 602 454 Pro
626 421 740 464 pudor,
763 421 826 454 hoc
850 425 971 454 stratus
987 423 1144 466 patefecit
1166 435 1241 456 nam
1259 436 1387 468 quoque
1405 425 1564 465 eiusdem,

581 473 676 510 Quod
698 473 823 516 plectro
846 474 977 516 linguae
1002 477 1217 518 comprimere
1242 477 1340 508 volui.
1359 496 1397 500 —

537 525 612 558 Hoc
635 525 830 568 quicumque
854 525 948 568 legis,
971 526 1036 558 noli
1060 529 1095 558 tu
1119 527 1268 559 credulus
1292 539 1366 560 esse

574 576 734 609 Consiliis
757 577 873 615 Bachi,
897 578 953 610 sed
977 589 1103 610 memor
1127 582 1196 611 esto
1221 581 1278 611 tui.

413 628 419 630 ⁷
471 642 496 661 πε,
533 629 659 661 Parvus
684 632 810 661 amator
832 630 920 661 enim
945 631 990 662 sis
1014 630 1101 662 illius
1125 642 1221 663 omne
1245 642 1303 674 per
1325 643 1453 670 aevum,

577 680 628 712 Ne
651 683 684 712 te
707 680 839 713 diversa
862 681 1110 725 subripiantque
1133 683 1230 714 mala.

930 849 1065 882 CLXII.

666 908 732 944 AD
758 907 790 944 Ν
792 907 988 945 OSTRVM
1015 909 1333 946 DIDASCVLVM.

537 973 609 1014 His,
634 974 748 1011 fateor,
772 974 934 1018 colaphos,
959 975 1072 1018 alapas
1096 979 1130 1007 tu
1157 986 1285 1008 sumere
1309 977 1417 1018 plures

578 1050 1127 1060 ...........

535 1087 742 1130 Quapropter
764 1086 894 1118 domino
918 1087 1051 1119 assidue
1076 1098 1204 1130 quoque
1229 1088 1365 1120 reddere
1388 1091 1499 1120 votum

576 1139 779 1171 Promissum
803 1139 943 1179 studeat,
967 1139 1072 1172 donec
1097 1140 1213 1172 adesse
1238 1141 1337 1173 valet.

484 1203 495 1221 ει
534 1190 685 1234 Denique
708 1191 844 1234 profusa
867 1194 956 1223 terra
980 1195 1075 1223 tenus
1101 1192 1216 1234 excipe
1239 1192 1339 1224 verba

577 1242 668 1274 Illius
692 1246 726 1275 et
750 1253 847 1275 cursu
871 1254 972 1278 sume,
998 1254 1088 1285 rogo⁷
1113 1244 1222 1276 celeri.

535 1295 626 1327 Tunc
650 1296 753 1327 saltus
777 1306 917 1338 peragra
940 1306 978 1327 ac
996 1299 1124 1327 tensum
1148 1307 1237 1328 mare
1254 1306 1346 1328 curre
1370 1307 1430 1338 per
1445 1297 1562 1339 ipsum,

576 1346 670 1378 Invia
693 1357 815 1389 perque
840 1347 921 1387 loca,
945 1348 1079 1380 flumina
1102 1359 1161 1390 per
1184 1347 1302 1390 gelida,

535 1398 704 1435 Quatenus
727 1399 768 1430 ad
793 1402 939 1431 nostrum
964 1401 1077 1432 valeas
1101 1411 1249 1432 remeare
1274 1400 1443 1432 locellum:

469 1463 494 1482 ιο
573 1449 692 1482 Utrum
715 1451 837 1483 etenim
862 1454 975 1483 noster
997 1462 1111 1491 necne,
1137 1452 1232 1490 refer,
1258 1452 1376 1484 valeat.

536 1501 919 1535 Hoc—moneo—tibi.
944 1504 1118 1546 compluta,
1143 1514 1260 1535 caveas
1284 1514 1423 1546 quoque.
1446 1514 1487 1535 ne
1511 1504 1565 1543 sis,

576 1553 626 1586 Ne
651 1554 758 1586 subito
784 1554 884 1587 verba
909 1555 957 1586 sic
982 1559 1118 1597 pereant
1141 1555 1279 1598 placida.

534 1606 732 1638 Fortunatus
756 1606 858 1642 adest,
882 1607 966 1638 mitti
989 1607 1078 1646 mihi,
1103 1606 1222 1646 si'tibi‚
1247 1617 1384 1649 quaeso:

577 1657 634 1690 Sin
658 1668 736 1690 vero
760 1658 904 1693 minime,
927 1669 1066 1701 semper,
1090 1659 1204 1695 amice,
1229 1659 1314 1691 vale.

470 1723 494 1741 ιιι
535 1709 650 1742 Gratia
673 1709 862 1742 celsithroni
886 1713 918 1742 te
944 1721 1073 1752 semper
1097 1713 1206 1742 servet
1229 1710 1261 1741 in
1285 1720 1402 1742 aevum

580 1761 628 1794 Ac
651 1761 711 1794 tibi
733 1765 894 1804 perpetua
917 1762 959 1793 sit
983 1763 1054 1794 sine
1077 1762 1140 1794 fine
1166 1762 1263 1794 salus.

538 1813 580 1845 Ut
603 1813 724 1853 valeas,
747 1813 863 1853 nostri,
887 1824 946 1856 per
969 1813 1102 1846 saecula
1126 1813 1270 1855 plurima,
1294 1813 1461 1851 mandant,

577 1864 787 1898 Guntlandus
811 1865 954 1907 pinguis,
977 1865 1131 1897 Hericius
1155 1864 1271 1897 tenuis.

921 2031 1072 2064 CLXIII.

681 2090 746 2126 AD
775 2090 1006 2134 QVENDAM
1033 2089 1306 2126 EPYBATAM.

534 2155 671 2198 Suscipe
694 2155 863 2195 directum,
887 2157 1066 2195 carissime,
1091 2165 1208 2188 munus
1231 2156 1327 2188 amici

575 2206 619 2239 Et
641 2207 772 2250 placeat
795 2208 922 2247 merito,
948 2208 1011 2239 vile
1036 2207 1121 2250 quod
1144 2211 1195 2239 est
1216 2207 1332 2249 pretio.

271 2337 303 2363 17
322 2338 360 2363 Ne
377 2337 403 2363 B
420 2347 486 2364 corr.
506 2337 605 2363 Bethm.
712 2338 744 2364 18
762 2339 888 2372 pulticula
907 2339 1018 2364 namium
1037 2347 1104 2363 corr.
1124 2338 1149 2362 B
1253 2336 1285 2362 21
1306 2338 1428 2370 patefacit
1448 2337 1473 2362 B
1490 2346 1557 2362 corr.
1575 2337 1724 2363 Duemmler

271 2379 392 2414 [CLXHJ
409 2380 427 2406 2
443 2381 520 2406 nulla
538 2381 633 2407 lacum
651 2382 678 2406 in
696 2381 733 2407 B.-
744 2382 838 2415 fistula
855 2382 1023 2414 compellatur
1112 2380 1145 2406 10
1162 2381 1240 2406 etnim
1259 2389 1326 2406 corr.
1339 2380 1365 2405 B
1453 2379 1486 2405 13
1503 2381 1546 2406 uel
1564 2381 1635 2406 mitte
1652 2381 1680 2406 in
1698 2389 1780 2413 marq.
1793 2380 1819 2405 B

270 2457 306 2484 22
321 2457 371 2490 cfr.
388 2465 409 2484 c.
429 2457 550 2490 XXXI,
564 2457 588 2484 7.

272 2507 398 2543 [CLXIJJ
431 2508 479 2536 Aa
506 2509 706 2544 magistrum
740 2509 899 2543 quendam
932 2511 1108 2535 externum
1140 2508 1195 2541 qui
1224 2510 1333 2541 potest
1364 2515 1430 2534 esse
1457 2508 1565 2540 frater
1595 2508 1819 2542 Carbonum,-

167 2560 216 2593 cfr.
230 2559 292 2594 CIL
305 2561 330 2587 9.
367 2560 545 2588 Gumuandua
562 2564 586 2588 et
603 2562 730 2588 Hen'cius
742 2564 775 2595 (v.
790 2562 833 2594 18)
851 2561 933 2587 huius
951 2561 1081 2588 caminis
1103 2563 1214 2594 tempore
1230 2561 1336 2587 iuvenes
1354 2567 1386 2586 eat
1402 2559 1491 2586 schola
1505 2559 1624 2586 Miconis
1636 2562 1751 2593 possum
1768 2567 1820 2586 csse

170 2610 345 2638 Gumtlandue
358 2614 451 2646 postca
467 2613 590 2647 magister
606 2612 637 2639 de
654 2621 706 2646 quo
722 2612 782 2639 vide
799 2612 837 2639 ad
854 2620 874 2639 c.
896 2612 977 2639 CXL
994 2614 1018 2638 et
1037 2611 1166 2638 Hem'cus
1181 2614 1274 2645 postea
1291 2611 1420 2638 dikwomts
1443 2610 1491 2644 qui
1507 2610 1570 2637 obiit
1587 2619 1612 2638 α.
1631 2610 1656 2637 d.
1678 2610 1740 2638 XV
1754 2611 1818 2638 Kal.

167 2663 239 2698 Aua.
256 2663 309 2691 868
326 2663 376 2697 cfr.
394 2672 480 2698 supra
493 2673 522 2698 p.
534 2664 594 2691 271.
684 2666 697 2691 1
716 2665 766 2697 cfr.
784 2673 804 2691 c.
826 2664 928 2698 XXII,
944 2665 974 2690 11
996 2663 1114 2696 XXIX,
1129 2664 1153 2690 9.
1240 2665 1256 2690 9
1273 2664 1323 2696 cfr.
1342 2671 1363 2690 e.
1383 2662 1490 2694 CLIII,
1504 2662 1528 2689 7.
1599 2662 1631 2688 13
1650 2662 1819 2689 Fortunatus

168 2714 216 2747 cfr.
231 2722 295 2749 pag.
309 2715 368 2742 266.
474 2716 507 2742 14
525 2715 599 2742 Idem
616 2723 703 2742 verm
721 2715 796 2749 apud
816 2715 951 2742 Miconem
967 2722 1052 2748 supra
1073 2714 1201 2747 XXVII,
1215 2714 1232 2741 8
1249 2714 1350 2748 ἱερέων.

273 2766 415 2802 [CLXIII]
433 2767 580 2803 Epybatae
598 2767 723 2794 vocabulo
740 2767 829 2794 utitur
848 2767 922 2793 Mica
940 2774 1025 2800 snpra
1039 2774 1067 2799 p.
1081 2766 1131 2791 279
1150 2765 1209 2792 1-.2.

1558 2812 1612 2838 46*
