2060 3074
738 210 827 237 VITA
846 211 872 238 S.
886 211 1039 239 AMANDI.
1070 212 1178 239 LIBER
1197 213 1231 240 11.
1748 217 1809 248 581

0 309 4 325 ι
526 295 605 328 Mox
627 297 732 338 pretio
756 297 890 340 cupidus
913 297 1094 331 redimebat
1116 300 1267 331 mercifer
1289 300 1396 342 amplo

525 346 715 380 Vinctorum
740 348 836 380 duras
860 361 1012 392 rumpens
1035 351 1219 384 miserendo
1243 355 1385 384 catenas.

525 400 595 432 Nec
618 403 728 432 tamen
751 401 802 433 hic
825 401 931 434 studio
956 406 1138 446 coeptoque
1160 403 1272 435 labore
1297 404 1440 444 carebat,

527 451 592 483 Sed
616 463 751 494 quorum
774 454 885 485 vinclis
907 454 1055 486 solvebat
1078 458 1224 497 corpora,
1247 456 1369 487 cunctis

453 514 479 533 05
522 503 670 534 Internas
693 504 798 536 cordis
821 505 973 537 tenebras
996 505 1152 537 radiando
1176 506 1312 548 fugabat

524 554 739 597 Pellebatque
763 566 874 588 omnes
897 567 988 588 sacro
1010 557 1206 600 baptismate
1231 558 1343 590 sordes

475 638 478 639 γ
526 605 574 637 Ac
596 606 681 638 vasis
704 606 811 638 nitidis
835 611 981 639 sanctum
1004 608 1202 640 infundendo
1226 610 1383 652 liquorem

519 657 638 690 *Dulcia
660 658 812 700 rorigeris
834 659 969 691 indebat
992 661 1089 692 mella
1111 662 1257 693 canistris

523 709 726 741 Perfundens
749 713 843 742 natos
866 711 1031 743 doctrinae
1055 712 1144 744 fonte
1167 713 1322 744 novellos.

451 773 477 793 so
520 761 655 804 Hosque
678 772 738 804 per
760 763 914 794 ecclesias
936 763 1103 806 linquebat
1126 768 1255 796 sanctus
1279 765 1409 803 amicas,

522 812 689 845 Libertate
713 816 823 845 tamen
843 815 1022 856 praemissa
1045 825 1134 847 more
1157 815 1286 847 salubri.

521 864 573 896 Ex
599 865 714 907 quibus
736 865 873 898 eximias
896 867 1004 909 plures
1028 870 1161 899 tenuere
1184 867 1370 903 cathedras:

522 916 696 949 Pontifices
715 920 911 962 *sanctosque
934 919 1019 950 viros
1042 922 1117 951 actu
1140 930 1196 951 ore
1219 923 1372 951 venustos

522 967 734 1011 Abbatesque
756 969 859 1001 almos
881 969 1059 1002 audivimus
1082 971 1212 1003 auribus
1235 974 1363 1003 auctos:

449 1031 474 1051 ⁹5
517 1018 611 1051 'ralia
633 1018 718 1051 dona
741 1030 870 1052 omnem
893 1021 1071 1064 spargebat
1093 1025 1222 1054 sanctus
1244 1022 1277 1054 in
1301 1023 1424 1054 orbem.

562 1079 604 1113 V.
628 1079 657 1112 Ο
680 1080 889 1113 memorande
911 1083 1015 1124 pater,
1039 1092 1103 1124 qua
1124 1085 1158 1114 te
1180 1093 1264 1114 nunc
1285 1082 1382 1114 laude
1406 1082 1579 1121 celebrem,

518 1131 636 1164 Nescio
660 1135 820 1164 tantarum
842 1133 961 1164 mirans
983 1133 1121 1176 insignia
1144 1143 1266 1166 rerum:

519 1183 662 1225 Largiris
683 1185 832 1226 pretium,
856 1188 1022 1228 captorum
1044 1186 1171 1218 vincula
1193 1187 1303 1227 solvis,

519 1234 573 1267 Ad
596 1236 787 1278 caelumque
810 1236 870 1268 hac
892 1241 962 1269 arte
985 1237 1064 1269 facis
1087 1237 1304 1270 conscendere
1328 1249 1487 1279 nummos,

439 1299 477 1318 1⁰0
520 1286 563 1318 Et
585 1287 724 1329 pretium
749 1291 783 1319 et
805 1291 917 1331 captos
939 1289 1044 1331 pretio
1067 1299 1166 1332 super
1187 1292 1276 1321 astra
1298 1291 1428 1333 reponis

519 1338 563 1370 Et
584 1349 702 1371 vacuas
725 1350 862 1380 saccum,
887 1339 963 1372 dum
986 1341 1129 1383 comples
1152 1351 1286 1373 munere
1310 1343 1445 1374 caelum.

521 1390 574 1430 Et,
598 1391 673 1433 quia
695 1394 857 1423 mercator
879 1391 998 1432 fueras,
1020 1393 1119 1424 talem
1143 1403 1214 1424 esse
1238 1393 1389 1426 decebat:

518 1441 604 1474 Nam
627 1442 685 1474 tibi
708 1441 792 1474 dona
814 1443 873 1475 viri
895 1443 923 1475 si
944 1443 1075 1475 mittunt
1096 1444 1262 1486 relligiosi,

518 1494 592 1527 Non
614 1495 737 1527 maiora
758 1506 854 1538 paras
878 1496 1044 1529 servandis
1067 1497 1207 1529 claustra
1231 1498 1390 1530 cruminis.

438 1558 475 1578 ma
518 1545 590 1578 Neo
613 1546 682 1587 tibi,
705 1550 816 1579 sancte
838 1550 943 1590 pater,
967 1548 1071 1581 solum
1094 1549 1216 1581 servire
1238 1550 1386 1592 supernis
1406 1585 1409 1588 ⁴

519 1597 692 1640 Obsequiis
715 1599 792 1631 satis
816 1602 865 1631 est
886 1602 1067 1643 gentesque
1090 1600 1165 1634 hinc
1187 1600 1263 1632 inde
1286 1604 1418 1633 vocatas

518 1648 699 1692 Collegisse
721 1660 812 1683 sacro
835 1651 974 1694 vivoque
998 1654 1032 1683 et
1054 1651 1144 1684 fonte
1167 1662 1305 1684 novasse

517 1700 588 1733 Nec
610 1701 753 1744 spatiosa
774 1705 864 1734 tuum
887 1703 952 1735 iam
974 1702 1113 1735 Francia
1135 1704 1278 1746 complet
1291 1714 1454 1745 amorem,

517 1752 666 1795 Angusta
688 1756 722 1785 et
744 1753 802 1786 tibi
824 1757 982 1786 terrarum
1004 1755 1135 1787 venatio
1158 1755 1245 1787 facta
1268 1758 1331 1787 est:

437 1816 475 1836 no
518 1803 602 1841 Quin
625 1804 744 1847 pelago
769 1805 885 1838 allatos
908 1816 946 1838 ac
968 1809 1061 1838 vasta
1083 1816 1143 1849 per
1165 1816 1309 1849 aequora
1331 1810 1442 1839 vectos

518 1854 662 1898 Colligis,
686 1858 720 1888 et
741 1856 838 1899 pretii
860 1857 996 1900 cupidus
1018 1867 1083 1889 non
1106 1857 1214 1889 tardat
1235 1867 1351 1890 avarus

517 1907 576 1948 Te,
599 1907 794 1940 celebrande
816 1911 920 1951 pater,
943 1919 1052 1951 neque
1075 1919 1168 1941 carus
1191 1909 1341 1942 venditor
1362 1910 1455 1942 ullus.

517 1959 578 1991 Ille
600 1959 687 2002 capit
708 1960 795 2002 regis
817 1960 976 2002 signatam
998 1960 1129 1992 nomine
1153 1960 1332 2003 dragmam,

516 2010 695 2053 Dragmam
717 2014 816 2054 tuque
838 2011 951 2052 refers,
975 2021 1072 2054 quam
1095 2011 1215 2044 Christi
1237 2013 1366 2045 nomine
1389 2013 1508 2056 signes.

437 2074 474 2094 m
516 2061 676 2094 Venditor
697 2062 752 2094 ille
775 2073 866 2094 suam
887 2063 977 2095 lucra
1000 2063 1042 2095 ad
1065 2066 1195 2096 terrena
1216 2067 1371 2107 reportat,

517 2113 655 2157 Emptor
677 2117 776 2157 tuque
799 2117 888 2147 tuam
912 2115 1002 2147 lucra
1025 2115 1066 2147 ad
1090 2116 1245 2148 caelestia
1267 2126 1386 2148 servas.

516 2165 577 2198 me
599 2175 691 2198 suam
713 2165 820 2209 perdit
842 2167 894 2198 vel
917 2167 1033 2198 clausis
1055 2166 1147 2199 abdit
1168 2167 1201 2199 in
1224 2167 1320 2200 arcis:

517 2217 630 2260 Tuque
653 2220 742 2249 tuam
764 2217 835 2260 regi
858 2217 986 2250 Christo
1010 2218 1169 2250 servando
1192 2229 1343 2251 coronam

516 2268 694 2312 Egregiam
715 2269 853 2301 fabricas
876 2270 1028 2312 celsoque
1051 2269 1084 2301 in
1105 2270 1227 2302 vertice
1251 2271 1345 2313 ponis

437 2333 474 2352 ιω
517 2320 739 2363 Grudelesque
761 2321 855 2363 lupos
877 2321 972 2353 mites
995 2321 1154 2354 convertis
1176 2321 1209 2353 in
1231 2332 1343 2364 agnos,

516 2372 555 2404 In
577 2372 740 2415 caulisque
763 2372 856 2404 iubes
879 2373 977 2405 sacris
1000 2376 1107 2405 astare
1129 2373 1287 2414 melodos,

516 2423 768 2467 Praedonesque
792 2425 888 2465 feros,
913 2424 1028 2467 quibus
1052 2425 1128 2457 olim
1151 2425 1218 2456 vita
1240 2425 1372 2467 rapinae

515 2475 554 2507 In
577 2474 682 2508 studio
705 2475 821 2516 fuerat,
845 2475 955 2508 dulces
978 2476 1046 2508 sine
1070 2476 1147 2508 felle
1171 2476 1337 2508 columbas

516 2526 636 2566 Effice,
659 2530 695 2559 ut
716 2527 848 2570 propria
870 2526 1066 2570 expendant,
1092 2527 1146 2570 qui
1169 2528 1277 2559 aliena
1299 2528 1466 2560 vorabant.

434 2599 471 2619 ιη
557 2586 616 2619 VI.
639 2586 688 2619 Te
710 2597 816 2630 neque
840 2590 1024 2630 praetereo,
1048 2587 1135 2626 urbs,
1159 2587 1219 2619 sed
1241 2588 1382 2620 carmine
1407 2589 1500 2621 visito
1524 2592 1643 2630 nostro,

514 2638 546 2670 A
568 2641 696 2671 centum
720 2639 808 2671 cellis
831 2639 887 2671 tali
910 2639 1100 2682 cognomine
1125 2638 1219 2679 dicta,

255 2765 306 2793 103
322 2767 437 2801 religiosi
455 2767 480 2792 V
563 2767 614 2794 106
630 2769 677 2794 hin
694 2777 764 2795 corr.
776 2768 801 2794 A
891 2769 942 2796 110
959 2770 1054 2795 allatas
1067 2769 1092 2794 A
1180 2768 1231 2795 126
1248 2769 1392 2795 Accentum
1411 2769 1436 2794 V

257 2842 306 2869 ias
326 2842 384 2877 cfr.
402 2842 469 2870 Isia.
486 2843 563 2878 οήρ.
577 2843 721 2878 VII3‚22.

254 2892 359 2920 Pon-u
379 2901 463 2922 unm
481 2903 541 2922 uvi
558 2895 682 2923 Omomn
700 2895 749 2928 111,
766 2896 792 2923 2.
1558 2897 1592 2924 74
