2060 3074
266 105 328 134 632
917 98 1067 125 MILONIS
1087 97 1263 124 CARMINA.

631 187 717 218 IIuic
740 186 793 228 qui
817 185 976 216 sufficiant
999 187 1153 226 sumptus⁷
1177 186 1318 215 tractare
1340 193 1474 215 necesse
1498 186 1558 223 est,

551 251 588 270 555
635 237 723 274 Quos
747 236 994 279 superimponas
1017 236 1124 278 coepti
1147 236 1179 266 in
1203 235 1388 267 fundamine
1412 235 1503 275 muri,

634 289 728 326 Quod
752 290 892 331 positum
917 288 1036 319 Paulus
1058 290 1216 319 monstrat
1238 287 1402 329 signanter
1424 287 1542 318 Iesum.

633 341 796 372 Aedifices
818 340 963 382 pretiosa
986 349 1083 381 super
1105 339 1141 379 si,
1165 339 1241 370 vilia
1264 338 1394 378 condas,

633 393 774 425 Ultimus
798 392 972 424 ardescens
996 402 1076 434 opus
1098 392 1160 423 hoc
1183 402 1280 433 rogus
1302 392 1356 423 ille
1379 391 1541 434 probabit.

632 445 704 476 IIos
727 445 786 476 tibi
809 455 893 476 nunc
916 446 1062 486 sumptus
1087 443 1127 474 de
1151 444 1249 474 sacris
1273 443 1390 486 collige
1413 443 1512 482 libris,

551 510 589 528 neo
633 496 728 528 Unde
752 496 850 528 fidem
873 498 996 527 rectam
1019 498 1132 526 teneat
1154 505 1219 536 cor,
1242 495 1352 537 lingua
1374 495 1525 537 loquatur

632 548 684 579 De
708 548 855 590 genitore
881 551 914 578 et
937 547 978 578 ab
1002 547 1064 578 hoc
1087 547 1208 588 genito,
1232 546 1272 578 de
1296 547 1425 578 flamine
1449 549 1573 578 sancto:

632 600 784 631 Personis
808 599 909 631 tribus
932 599 982 630 his
1004 609 1103 630 unum
1127 602 1274 630 constare
1298 598 1453 640 vigorem.

633 652 707 683 Non
731 652 872 694 aliquem
895 651 1018 682 maiore
1043 649 1156 692 gradu,
1179 660 1244 681 non
1267 650 1419 682 inferiore

635 705 831 745 constituas,
856 705 1007 747 quoniam
1031 707 1096 735 tres
1119 704 1179 735 hos
1202 704 1381 735 substantia
1403 704 1436 735 in
1458 714 1522 734 una

551 770 588 788 5⁶5
635 757 814 795 Credimus
829 766 958 788 oramus
982 756 1116 787 colimus
1139 765 1332 787 veneramur
1354 765 1509 786 amamus.

636 808 670 840 Si
693 804 964 851 pelagus'mundi
988 808 1092 839 sulces
1115 807 1176 838 hac
1199 807 1260 838 rite
1285 807 1403 847 carina,

636 861 710 892 Non
733 861 880 892 nocitura
903 860 961 892 tibi
985 859 1116 891 canibus
1141 859 1301 890 succincta
1323 859 1456 890 marinis

636 912 743 952 Scilla,
766 912 865 943 miser
887 911 945 943 sed
968 922 1033 943 non
1055 911 1247 943 miserabilis
1270 910 1383 942 Arrius
1405 911 1471 951 ille,

637 964 699 1000 Qui
723 964 862 1007 spoliare
886 963 998 995 volens
1020 965 1148 1005 patrem
1171 962 1316 994 bonitate
1342 966 1436 994 sueta

555 1029 593 1047 570
637 1016 739 1047 Posse
764 1019 820 1047 aut
842 1016 930 1047 nolle
952 1018 1052 1057 negat
1075 1015 1212 1046 similem
1235 1015 1296 1046 sibi
1318 1015 1453 1057 gignere
1476 1017 1597 1053 natum,

639 1067 743 1099 Omne
766 1067 887 1099 bonum
910 1067 995 1098 velle
1020 1069 1070 1098 est
1092 1066 1245 1108 cuiusque
1268 1067 1415 1108 potentia
1437 1077 1563 1098 summa
1587 1069 1644 1098 est.

639 1118 762 1150 Obvius
785 1119 834 1150 his
857 1118 1006 1149 meritam
1030 1120 1120 1149 tanto
1143 1128 1202 1160 pro
1227 1118 1358 1149 crimine
1381 1121 1519 1150 mortem

637 1170 808 1201 Incurrens
831 1170 936 1201 scelus
960 1172 993 1201 et
1015 1172 1130 1201 cuncta
1151 1169 1304 1201 intestina
1327 1170 1452 1202 cacavit

637 1222 841 1263 Latrinisque
866 1221 968 1261 dedit,
991 1221 1105 1263 putida
1128 1221 1215 1263 quod
1237 1224 1345 1253 mente
1369 1222 1502 1264 recepit.

556 1287 593 1305 επ,
638 1274 736 1305 Parte
761 1273 823 1304 alia
847 1273 997 1315 scopulus
1020 1273 1215 1315 scelerisque
1241 1272 1402 1305 Sabellius
1425 1277 1537 1306 auctor

636 1325 850 1367 Naufragium
875 1325 1014 1356 minatur
1036 1325 1122 1356 iners
1144 1327 1180 1356 ut
1203 1328 1295 1356 vasta
1318 1324 1476 1366 Oaribdis,

637 1377 723 1408 Dum
747 1377 817 1409 vult
840 1387 911 1408 esse
936 1376 1032 1408 deum
1056 1387 1120 1408 non
1143 1377 1357 1419 personaliter
1378 1388 1488 1418 unum,

638 1429 704 1460 Sed
726 1432 853 1471 patrem
877 1432 910 1460 et
932 1432 1054 1469 natum,
1078 1431 1224 1460 sanctum
1248 1439 1376 1471 quoque
1399 1430 1517 1461 flamen
1541 1430 1689 1463 eundem.

640 1481 687 1512 ‘In
711 1484 803 1523 patre
828 1491 908 1521 sum,
933 1483 1026 1523 pater
1050 1479 1109 1512 est’
1133 1481 1178 1512 ait
1202 1481 1244 1511 ‘in
1266 1479 1330 1512 me’
1353 1481 1436 1512 filius
1458 1482 1538 1524 ipse.

555 1546 593 1564 seo
639 1532 710 1569 Quo
735 1533 806 1564 fulti
830 1532 962 1564 doctore
988 1531 1117 1564 ‘sumus’
1143 1532 1286 1564 dicemus
1310 1535 1343 1564 et
1366 1533 1496 1566 ‘unum’.

638 1585 709 1616 Hos
734 1595 812 1627 ergo
837 1588 871 1616 et
892 1585 1034 1627 reliquas
1057 1587 1167 1626 pestes
1191 1584 1232 1616 de
1256 1595 1391 1626 corpore
1417 1585 1535 1617 Christi

638 1637 762 1669 Iudicio
786 1640 915 1679 patrum
938 1636 1015 1668 fidei
1036 1647 1190 1668 mucrone
1213 1639 1358 1668 resectos

638 1689 771 1731 Respue
796 1692 830 1720 et
852 1699 872 1720 a
895 1689 1013 1731 pueris,
1038 1688 1093 1730 qui
1114 1689 1180 1719 iam
1203 1691 1331 1720 secreta
1355 1688 1468 1725 cubilis

640 1740 721 1772 Cum
745 1740 874 1772 domino
898 1741 1066 1780 intrarunt,
1090 1750 1190 1782 panes
1213 1739 1425 1782 tresprende
1449 1740 1611 1772 canistris:

556 1805 593 1824 585
637 1791 768 1824 Scilicet
789 1793 917 1823 illorum
941 1792 1029 1823 libris
1052 1791 1206 1823 attentius
1228 1791 1360 1832 instans,

639 1844 683 1875 Ut
705 1844 872 1875 mediteris
894 1844 928 1875 in
950 1844 1009 1884 his,
1033 1843 1093 1875 hos
1115 1846 1210 1875 nocte
1235 1843 1352 1885 dieque
1376 1844 1534 1883 revolvas,

640 1895 734 1927 Unde
758 1895 856 1927 fidem
880 1898 1003 1927 rectam
1027 1898 1060 1927 et
1083 1905 1209 1927 morum
1233 1898 1422 1926 ornamenta
1445 1905 1611 1937 capessas:

639 1947 803 1990 Spemque
827 1948 912 1979 bono
939 1947 980 1979 de
1003 1950 1108 1990 patre,
1131 1950 1254 1979 metum
1277 1946 1318 1978 de
1341 1946 1448 1979 iudice
1469 1946 1601 1979 habeto.

681 2007 810 2039 XXIII.
834 2008 955 2048 Tertia,
978 2018 1061 2050 quae
1085 2007 1197 2047 maior,
1220 2007 1342 2038 karitas
1364 2010 1397 2038 te
1421 2007 1463 2038 ad
1486 2007 1573 2039 celsa
1595 2011 1763 2050 petentem

555 2073 593 2092 590
638 2059 806 2091 Subvehat
829 2062 875 2100 ut,
899 2060 1037 2101 geminis
1061 2059 1177 2091 librato
1202 2059 1351 2090 examine
1375 2059 1490 2101 pennis

639 2112 781 2143 Primam
804 2111 906 2143 redde
931 2111 993 2143 deo
1018 2114 1088 2142 tota
1109 2111 1226 2142 virtute
1250 2110 1383 2150 creanti,

377 2249 427 2275 557
447 2250 566 2283 pref'tiosa
580 2250 603 2274 A
694 2249 746 2275 570
763 2250 843 2275 voluit
860 2250 939 2275 Posse
957 2253 1002 2275 aut
1020 2250 1086 2275 velle

378 2326 429 2352 554
447 2326 515 2352 Luc.
537 2326 576 2358 14,
589 2326 623 2352 28
643 2326 705 2360 quis
724 2334 757 2352 ex
776 2326 855 2352 vobis
871 2326 966 2352 volens
985 2327 1089 2352 turrem
1108 2326 1263 2363 aedificare,
1282 2334 1337 2352 non
1356 2325 1434 2360 prius
1452 2325 1550 2352 sedens
1568 2327 1705 2360 conputat
1723 2327 1858 2360 sumptus,
1877 2325 1927 2360 qni

273 2377 423 2404 necessarii
443 2379 517 2408 sunt.
536 2377 558 2404 si
578 2377 663 2404 habet
681 2378 717 2404 ad
737 2378 954 2412 perficiendum?
1025 2378 1164 2405 566—580
1182 2377 1226 2404 De
1237 2377 1321 2404 Arrio
1338 2380 1361 2404 σι
1374 2377 1486 2404 Sabellio
1502 2377 1550 2410 cfr.
1563 2377 1651 2404 Sodul.
1673 2377 1701 2405 O.
1715 2386 1745 2411 p.
1759 2377 1926 2405 1299-333

274 2431 298 2455 et
320 2430 424 2455 Araror
441 2429 499 2456 Aac.
519 2432 604 2463 apost.
624 2430 799 2457 1917—930.
870 2430 920 2457 567
943 2429 1000 2463 CYr.
1019 2430 1079 2457 Ed.
1098 2431 1123 2461 6,
1137 2429 1247 2456 74-77,
1316 2429 1376 2455 573.
1389 2429 1441 2456 574
1460 2428 1579 2455 Cassiod.
1597 2429 1670 2456 Hist.
1689 2430 1798 2464 tripart.
1817 2429 1874 2455 ΙΙΙ
1884 2430 1924 2456 10.

273 2481 324 2507 576
345 2482 422 2507 vasta
441 2480 595 2514 Charybdis
608 2481 676 2508 Aen.
689 2481 813 2509 V11302.
892 2482 943 2509 579
962 2482 1022 2508 Ioh.
1042 2482 1082 2514 14,
1096 2482 1137 2508 11.
1207 2482 1260 2508 580
1277 2481 1334 2508 ΙοῙι.
1348 2481 1388 2513 10,
1401 2481 1442 2508 30.
1513 2481 1651 2508 583—587
1670 2481 1767 2509 Iaidor.
1781 2482 1862 2515 Alloy.
1873 2481 1925 2509 209

273 2531 382 2564 (Miym
399 2532 441 2562 83,
459 2532 521 2565 125)
540 2532 630 2564 homo,
654 2532 703 2566 qui
728 2533 820 2560 media
843 2535 925 2560 nocte
950 2533 1114 2568 postulabat
1135 2532 1172 2559 ab
1197 2532 1287 2559 amico
1310 2533 1366 2559 tres
1390 2540 1476 2567 panes
1493 2532 1573 2566 (Luc.
1591 2534 1616 2564 5,
1631 2534 1684 2566 11),
1710 2532 1925 2560 similitudinem

275 2582 407 2616 exprimit
421 2583 555 2617 cuiusque
569 2583 597 2609 in
611 2583 704 2610 media
716 2584 901 2611 tribulatione
913 2585 1058 2612 dominum
1071 2584 1250 2619 postulantis,
1269 2585 1302 2611 ut
1314 2584 1363 2611 det
1375 2584 1400 2611 ei
1413 2584 1560 2611 scientiam
1573 2584 1718 2612 trinitatis.
1787 2584 1926 2611 589-632

275 2634 350 2667 Quae
368 2634 399 2660 de
417 2635 523 2667 yemina
540 2634 679 2661 dilectione
698 2638 722 2661 ct
740 2638 806 2662 veste
823 2636 881 2662 eius
901 2637 970 2663 Milo
984 2637 1108 2670 protulit,
1128 2639 1239 2670 sumpta
1260 2643 1312 2663 esse
1329 2635 1453 2662 videtum·
1470 2643 1502 2662 ωε
1521 2635 1648 2670 Gregorii
1667 2643 1757 2670 papae
1773 2635 1876 2663 Hamil.
1893 2635 1925 2663 is·

274 2685 378 2718 Evany.
396 2684 483 2716 1138,
500 2686 560 2711 10-
568 2686 599 2712 14
623 2686 730 2720 (Miqne
749 2687 790 2718 76,
806 2687 883 2720 1288)
907 2690 931 2713 et
958 2687 1090 2714 Radbeni
1114 2687 1257 2714 Pasclmsii
1279 2687 1323 2714 De
1344 2687 1458 2714 caritate
1475 2687 1491 2713 3
1506 2695 1556 2721 seq.
1653 2687 1705 2714 589
1730 2689 1744 2714 l
1761 2687 1821 2715 Cor.
1838 2687 1878 2719 13,
1894 2687 1926 2714 13

274 2738 369 2762 manet
387 2736 461 2767 fides,
481 2745 550 2770 spes,
569 2738 678 2770 caritas,
698 2738 753 2765 tria
771 2739 852 2765 haec:
871 2739 961 2766 maior
979 2740 1074 2766 autem
1093 2739 1137 2766 his
1156 2740 1199 2766 est
1218 2739 1328 2767 caritas.
1417 2739 1556 2766 590—594
1578 2739 1708 2774 geminae
1726 2746 1836 2774 pennae
1852 2737 1924 2765 cari*
