2138 3106
299 197 360 225 306

551 288 577 306 ¹20

553 1251 578 1269 10

555 1511 578 1530 1⁵

900 194 943 220 CA
948 194 1067 220 RMINA
1087 194 1348 220 CEN'PULENSIA.

614 280 695 312 Cum
720 281 826 322 magis
850 279 937 311 haud
961 283 1063 311 staret
1085 281 1147 311 nisi
1170 280 1268 312 tertia
1292 280 1371 312 hora
1394 279 1471 318 diei,

615 333 736 375 Ignari,
762 333 915 374 quoniam
939 343 998 364 sua
1020 332 1106 364 dona
1130 333 1263 375 suisque
1288 332 1439 375 rependit
1462 351 1503 355 —

614 384 723 426 Atque
749 384 828 416 facit
851 385 952 426 gratis
975 384 1067 416 viciis
1093 384 1162 416 sine
1186 385 1281 427 plura
1304 385 1435 417 referre.

658 436 707 467 Sit
730 436 802 476 tibi,
826 439 1028 479 praeceptor,
1053 436 1205 478 vitaeque
1230 436 1328 476 salus,
1351 446 1478 479 precor,
1501 446 1567 474 oro,

615 487 684 519 Nee
709 498 770 519 non
797 491 911 519 sancta
935 488 1027 530 quies
1051 499 1088 520 ac
1112 499 1232 531 perpes
1255 488 1361 530 gloria
1384 487 1513 519 Christi.

1020 539 1130 565 FlNl'r.

1062 711 1186 744 XXIV.

613 774 683 806 Iam
708 774 834 817 pridem
859 777 986 806 vestras
1011 774 1121 806 studui
1144 774 1276 817 pulsare
1301 774 1445 816 benigne

612 826 720 858 Aures
748 845 788 849 —
815 827 991 867 incassum,
1016 827 1150 858 minime
1174 826 1261 868 quod
1284 837 1403 868 nempe
1427 825 1602 868 putabam;

613 878 774 920 Nuneque
799 879 925 921 pudens
950 879 1087 910 nimium
1111 878 1282 918 reticeseo,
1306 889 1380 909 care
1404 877 1573 919 magister,

612 930 767 963 Vestrum
793 931 833 963 ob
857 931 1052 974 promissum
1076 941 1138 962 nee
1161 941 1226 962 non
1249 933 1427 972 nostroque
1451 929 1567 972 petitu.

615 983 700 1014 Nam
725 986 799 1025 post
823 983 895 1023 hoc,
919 983 1036 1023 fateor,
1058 982 1172 1014 dubito
1197 982 1352 1024 rogitare,
1377 981 1464 1024 quod
1487 992 1624 1024 usquam
1649 986 1710 1023 est,

612 1035 685 1067 Iam
710 1036 786 1078 quia
810 1039 976 1079 speratum
1000 1036 1104 1067 merui
1127 1036 1261 1067 minime
1286 1046 1414 1078 quoque
1438 1037 1564 1071 votum;

615 1088 680 1120 Sed
705 1099 779 1120 reor
802 1088 889 1120 haud
913 1088 1049 1131 dignum
1071 1088 1142 1120 fore
1167 1091 1288 1120 memet
1311 1098 1447 1119 munere
1472 1090 1578 1118 tanto:

614 1139 686 1180 Ast,
713 1141 739 1172 si
763 1140 830 1172 vita
853 1143 972 1180 manet,
996 1151 1103 1182 neque
1128 1141 1225 1172 vilius
1249 1140 1320 1182 ipse
1344 1139 1477 1182 parabo.

614 1191 769 1234 Exempli
793 1192 879 1234 regis
905 1192 1088 1224 Salomonis
1113 1193 1158 1223 sis
1183 1202 1316 1231 memor,
1341 1192 1437 1231 alme,

613 1243 699 1275 Ante
725 1244 838 1275 oculos
863 1244 943 1275 illud
968 1245 1121 1286 quoniam
1145 1247 1277 1286 gestare
1301 1254 1436 1275 necesse
1461 1245 1526 1275 est:

617 1296 770 1328 Praestat
793 1297 879 1328 enim
903 1296 1005 1327 multo
1022 1296 1126 1338 magis
1149 1296 1235 1328 haud
1256 1296 1447 1339 promittere
1464 1295 1647 1337 quicquam,

615 1348 819 1380 Promissum
841 1351 914 1391 post
937 1355 1034 1391 quam
1058 1349 1161 1390 gratis
1185 1360 1250 1380 non
1274 1348 1412 1380 reddere
1436 1348 1566 1380 donum.

660 1401 774 1432 Dulcis
799 1401 918 1441 adelfe,
942 1401 1025 1439 vale,
1051 1411 1148 1443 quem
1172 1401 1273 1443 diligo
1297 1403 1409 1432 mente
1433 1399 1522 1432 fideli
1531 1412 1538 1437 ;

615 1452 687 1484 Hos
713 1452 822 1494 apices
847 1453 958 1494 relege
982 1452 1141 1495 insipidos
1166 1452 1314 1492 feliciter,
1338 1463 1405 1492 oro,

614 1504 757 1546 Postque
782 1504 870 1535 salus
895 1505 1024 1536 animae
1048 1514 1167 1546 perpes
1192 1504 1251 1535 tibi
1274 1504 1380 1546 gloria,
1404 1504 1527 1546 sitque:

615 1556 690 1588 Una
715 1567 787 1588 cum
813 1557 934 1588 sanctis
958 1557 1082 1597 valeas,
1106 1568 1230 1600 precor,
1255 1568 1329 1589 esse
1353 1558 1501 1590 colonus.
1518 1577 1558 1581 —

615 1609 782 1640 Versiculi
807 1609 941 1640 nimium
965 1609 1067 1641 nostri
1092 1612 1268 1641 causantur
1291 1609 1412 1652 inepte,

658 1660 752 1696 Quod
777 1661 911 1703 cupiunt
934 1662 1030 1693 facile
1054 1671 1171 1692 munus
1195 1661 1318 1693 habere
1343 1672 1457 1704 grave.

1077 1842 1184 1874 XXV.

617 1901 738 1933 Annua
760 1901 922 1933 festivitas
947 1902 1044 1934 hodie
1069 1903 1254 1935 celebratur
1276 1903 1398 1935 honore

661 1953 750 1985 Almi
772 1953 929 1994 Richarii,
954 1955 1009 1997 qui
1034 1955 1110 1986 colit
1133 1958 1224 1987 astra
1246 1956 1323 1998 poli.

620 2006 684 2038 IIie
708 2006 839 2048 inopem
865 2006 987 2038 Christi
1010 2006 1105 2039 duxit
1128 2018 1185 2050 pro
1209 2008 1338 2039 nomine
1362 2008 1472 2047 vitam,

661 2058 706 2089 Ut
731 2058 822 2090 eaelo
847 2058 955 2090 socius
977 2059 1072 2091 fieret
1095 2060 1274 2101 angelicus.

572 2118 583 2136 ⁵
609 2110 832 2153 Captivorum
854 2111 976 2142 etenim
1000 2111 1124 2143 studuit
1146 2112 1215 2144 fore
1240 2115 1355 2154 satque
1379 2111 1579 2155 redemptor,

556 2380 581 2399 10

662 2162 765 2195 Tutor
789 2174 969 2205 egenorum
993 2167 1091 2206 atque
1114 2167 1211 2206 pater
1233 2165 1377 2207 inopum.

617 2214 692 2246 Non
717 2225 799 2258 opus
825 2218 886 2255 est,
909 2215 1027 2255 fateor,
1051 2227 1158 2258 neque
1182 2226 1279 2258 posse
1303 2216 1463 2257 stringere
1488 2218 1616 2254 cuncta,

660 2268 785 2300 Vivens
813 2278 896 2310 quae
921 2268 1034 2310 gessit,
1059 2270 1181 2310 quanta
1204 2269 1302 2300 etiam
1326 2268 1447 2301 docuit.

618 2320 730 2356 Qualis
757 2321 843 2352 enim
868 2323 1075 2363 quantusque
1099 2321 1179 2363 fuit,
1194 2321 1352 2352 miracula
1377 2320 1525 2363 pandunt

659 2372 753 2404 Illius
779 2373 812 2404 in
839 2384 932 2405 sacro
958 2384 1057 2415 saepe
1080 2375 1214 2416 peracta
1238 2373 1320 2404 loco.

619 2425 756 2456 Finibus
780 2425 814 2456 in
839 2425 979 2468 propriis
1004 2428 1106 2465 ortus,
1130 2425 1248 2468 quibus
1271 2425 1343 2468 ipse
1368 2425 1517 2467 quiescit,

664 2477 763 2509 Cuius
787 2488 845 2519 pro
868 2477 992 2510 meritis
1017 2481 1082 2510 stat
1106 2478 1197 2509 locus
1222 2470 1409 2513 incolumis;

407 2607 440 2631 20
458 2612 505 2632 aut
523 2609 550 2632 in
568 2609 620 2633 aud
639 2616 705 2632 corr.
726 2608 750 2632 B

409 2649 525 2683 [XXIV]
545 2650 561 2675 3
581 2650 717 2676 *reciteseo
737 2651 761 2675 B
865 2649 883 2676 4
901 2651 933 2676 ob
952 2641 1010 2675 uffn
1030 2654 1133 2683 paetum
1151 2650 1180 2675 in
1197 2659 1279 2683 mary.
1298 2650 1361 2675 add.
1380 2649 1405 2674 B
1508 2649 1525 2675 8
1543 2649 1656 2682 *parebo
1674 2649 1700 2674 B

409 2693 511 2727 [XXV.]
536 2694 609 2719 Idem
632 2703 736 2719 carmen
760 2694 924 2726 H(ariulfzw)
948 2694 1055 2735 ingemuit
1080 2694 1207 2719 Okrmzico
1233 2694 1378 2719 c'emulemi
1396 2694 1423 2725 Ι,
1448 2696 1480 2719 23
1497 2694 1648 2725 inscriptum
1671 2694 1766 2725 Myeon
1790 2692 1914 2718 diaeonus
1938 2695 1964 2717 et

305 2746 428 2763 monacus
518 2738 589 2762 iuxta
607 2736 623 2762 4
642 2741 790 2763 sanctorum
809 2738 864 2774 celo
883 2739 955 2763 fieret
973 2737 985 2762 s
1001 2741 1030 2763 ut
1048 2738 1133 2763 socius
1152 2737 1352 2770 dittographiam
1376 2737 1438 2762 add.
1462 2737 1488 2762 B

306 2780 338 2806 ll
358 2781 481 2814 properiis
499 2789 566 2805 corr.
585 2780 610 2804 B

409 2850 529 2884 [XXIV]
549 2850 565 2875 9
578 2858 630 2883 sqq.
645 2850 736 2876 Ecclc.
750 2851 774 2883 5,
788 2851 804 2876 4
817 2851 961 2885 multoque
973 2849 1073 2877 melius
1092 2851 1134 2877 est
1147 2858 1203 2876 non
1216 2858 1323 2882 vovere,
1343 2858 1427 2884 quam
1440 2851 1504 2884 post
1514 2850 1611 2876 votum
1624 2848 1760 2883 promissa
1772 2856 1829 2875 non
1841 2847 1963 2874 reddere.

1575 2735 1590 2761 7
1613 2744 1686 2769 posse
1709 2736 1745 2761 sic
1762 2735 1788 2760 B
1811 2743 1915 2768 possum
1938 2735 1964 2760 Η

1968 2898 1990 2929 ⁴:
