<?xml version="1.0" encoding="UTF-8"?>
<!DOCTYPE html PUBLIC "-//W3C//DTD XHTML 1.0 Transitional//EN"
    "http://www.w3.org/TR/xhtml1/DTD/xhtml1-transitional.dtd">
<html xmlns="http://www.w3.org/1999/xhtml" xml:lang="en" lang="en">
 <head>
  <title>
</title>
<meta http-equiv="Content-Type" content="text/html;charset=utf-8" />
  <meta name='ocr-system' content='tesseract 3.04.00' />
  <meta name='ocr-capabilities' content='ocr_page ocr_carea ocr_par ocr_line ocrx_word'/>
</head>
<body>
  <div class='ocr_page' id='page_1' title='image "./monumentagerma03geseuoft/monumentagerma03geseuoft_0157.png"; bbox 0 0 2040 2996; ppageno 0'>
   <div class='ocr_carea' id='block_1_1' title="bbox 780 122 1741 168">
    <p class='ocr_par' dir='ltr' id='par_1_1' title="bbox 780 122 1741 168">
     <span class='ocr_line' id='line_1_1' title="bbox 780 122 1741 168; baseline 0.007 -16"><span class='ocrx_word' id='word_1_1' title='bbox 780 122 828 152; x_wconf 81' lang='lat' dir='ltr'>DE</span> <span class='ocrx_word' id='word_1_2' title='bbox 846 124 873 153; x_wconf 89' lang='lat' dir='ltr'>S.</span> <span class='ocrx_word' id='word_1_3' title='bbox 891 123 1062 155; x_wconf 82' lang='lat' dir='ltr'>EULOGIO.</span> <span class='ocrx_word' id='word_1_4' title='bbox 1683 137 1741 168; x_wconf 83' lang='lat'>141</span> 
     </span>
    </p>
   </div>
   <div class='ocr_carea' id='block_1_2' title="bbox 440 209 1293 412">
    <p class='ocr_par' dir='ltr' id='par_1_2' title="bbox 515 209 1171 257">
     <span class='ocr_line' id='line_1_2' title="bbox 515 209 1171 257; baseline 0.009 -15"><span class='ocrx_word' id='word_1_5' title='bbox 515 209 621 243; x_wconf 76' lang='lat' dir='ltr'>Adest</span> <span class='ocrx_word' id='word_1_6' title='bbox 643 211 827 255; x_wconf 87' lang='lat' dir='ltr'>intrepidus</span> <span class='ocrx_word' id='word_1_7' title='bbox 850 214 990 257; x_wconf 89' lang='lat' dir='ltr'>velliger</span> <span class='ocrx_word' id='word_1_8' title='bbox 1011 226 1171 257; x_wconf 80' lang='lat' dir='ltr'>annuens,</span> 
     </span>
    </p>

    <p class='ocr_par' dir='ltr' id='par_1_3' title="bbox 440 262 1293 412">
     <span class='ocr_line' id='line_1_3' title="bbox 440 262 1293 310; baseline 0.011 -17"><span class='ocrx_word' id='word_1_9' title='bbox 440 269 466 288; x_wconf 75' lang='lat'>⁵0</span> <span class='ocrx_word' id='word_1_10' title='bbox 517 262 673 295; x_wconf 85' lang='lat' dir='ltr'>Tundunt</span> <span class='ocrx_word' id='word_1_11' title='bbox 696 274 792 306; x_wconf 93' lang='lat' dir='ltr'>quem</span> <span class='ocrx_word' id='word_1_12' title='bbox 816 266 932 309; x_wconf 80' lang='lat' dir='ltr'>alapis,</span> <span class='ocrx_word' id='word_1_13' title='bbox 957 267 1015 299; x_wconf 86' lang='lat' dir='ltr'>sed</span> <span class='ocrx_word' id='word_1_14' title='bbox 1038 271 1130 310; x_wconf 81' lang='lat' dir='ltr'>rogat</span> <span class='ocrx_word' id='word_1_15' title='bbox 1153 270 1293 302; x_wconf 89' lang='lat' dir='ltr'>orridum</span> 
     </span>
     <span class='ocr_line' id='line_1_4' title="bbox 514 313 1180 360; baseline 0.008 -14"><span class='ocrx_word' id='word_1_16' title='bbox 514 313 708 347; x_wconf 76' lang='lat' dir='ltr'><strong>Extendens</strong></span> <span class='ocrx_word' id='word_1_17' title='bbox 731 316 850 349; x_wconf 81' lang='lat' dir='ltr'>faciem</span> <span class='ocrx_word' id='word_1_18' title='bbox 873 318 1010 350; x_wconf 89' lang='lat' dir='ltr'>verbere</span> <span class='ocrx_word' id='word_1_19' title='bbox 1034 320 1180 360; x_wconf 83' lang='lat' dir='ltr'>alteram,</span> 
     </span>
     <span class='ocr_line' id='line_1_5' title="bbox 514 365 1156 412; baseline 0.008 -14"><span class='ocrx_word' id='word_1_20' title='bbox 514 365 694 399; x_wconf 81' lang='lat' dir='ltr'>Alternans</span> <span class='ocrx_word' id='word_1_21' title='bbox 718 369 848 410; x_wconf 87' lang='lat' dir='ltr'>gemine</span> <span class='ocrx_word' id='word_1_22' title='bbox 871 370 981 412; x_wconf 76' lang='lat' dir='ltr'>palma</span> <span class='ocrx_word' id='word_1_23' title='bbox 1003 371 1156 404; x_wconf 87' lang='lat' dir='ltr'>relidere.</span> 
     </span>
    </p>
   </div>
   <div class='ocr_carea' id='block_1_3' title="bbox 435 447 1195 646">
    <p class='ocr_par' dir='ltr' id='par_1_4' title="bbox 514 447 1156 546">
     <span class='ocr_line' id='line_1_6' title="bbox 514 447 1156 493; baseline 0.009 -14"><span class='ocrx_word' id='word_1_24' title='bbox 514 447 607 480; x_wconf 77' lang='lat' dir='ltr'>Tunc</span> <span class='ocrx_word' id='word_1_25' title='bbox 632 449 725 491; x_wconf 87' lang='lat' dir='ltr'>signo</span> <span class='ocrx_word' id='word_1_26' title='bbox 748 449 825 482; x_wconf 87' lang='lat' dir='ltr'>fidei</span> <span class='ocrx_word' id='word_1_27' title='bbox 847 453 984 493; x_wconf 76' lang='lat' dir='ltr'>pectora</span> <span class='ocrx_word' id='word_1_28' title='bbox 1006 454 1156 485; x_wconf 87' lang='lat' dir='ltr'>servulus</span> 
     </span>
     <span class='ocr_line' id='line_1_7' title="bbox 514 500 1072 546; baseline 0.009 -15"><span class='ocrx_word' id='word_1_29' title='bbox 514 500 632 532; x_wconf 82' lang='lat' dir='ltr'>Armat</span> <span class='ocrx_word' id='word_1_30' title='bbox 654 500 772 533; x_wconf 85' lang='lat' dir='ltr'>deifice</span> <span class='ocrx_word' id='word_1_31' title='bbox 795 512 896 534; x_wconf 76' lang='lat' dir='ltr'>aurea</span> <span class='ocrx_word' id='word_1_32' title='bbox 917 513 1072 546; x_wconf 84' lang='lat' dir='ltr'>purpure,</span> 
     </span>
    </p>

    <p class='ocr_par' dir='ltr' id='par_1_5' title="bbox 435 551 1195 646">
     <span class='ocr_line' id='line_1_8' title="bbox 435 551 1106 598; baseline 0.009 -16"><span class='ocrx_word' id='word_1_33' title='bbox 435 558 459 577; x_wconf 80' lang='lat'>⁵⁵</span> <span class='ocrx_word' id='word_1_34' title='bbox 513 551 606 594; x_wconf 76' lang='lat' dir='ltr'>Colla</span> <span class='ocrx_word' id='word_1_35' title='bbox 627 553 769 586; x_wconf 79' lang='lat' dir='ltr'>lactinea</span> <span class='ocrx_word' id='word_1_36' title='bbox 793 555 954 596; x_wconf 75' lang='lat' dir='ltr'>sanguine</span> <span class='ocrx_word' id='word_1_37' title='bbox 977 556 1106 598; x_wconf 80' lang='lat' dir='ltr'>predita</span> 
     </span>
     <span class='ocr_line' id='line_1_9' title="bbox 512 603 1195 646; baseline 0.009 -11"><span class='ocrx_word' id='word_1_38' title='bbox 512 603 668 636; x_wconf 78' lang='lat' dir='ltr'>Incurbat</span> <span class='ocrx_word' id='word_1_39' title='bbox 690 604 830 646; x_wconf 86' lang='lat' dir='ltr'>domino,</span> <span class='ocrx_word' id='word_1_40' title='bbox 853 606 955 639; x_wconf 77' lang='lat' dir='ltr'>instat</span> <span class='ocrx_word' id='word_1_41' title='bbox 977 611 1011 639; x_wconf 89' lang='lat' dir='ltr'>et</span> <span class='ocrx_word' id='word_1_42' title='bbox 1034 608 1195 641; x_wconf 77' lang='lat' dir='ltr'>obsecrat.</span> 
     </span>
    </p>
   </div>
   <div class='ocr_carea' id='block_1_4' title="bbox 434 683 1181 886">
    <p class='ocr_par' dir='ltr' id='par_1_6' title="bbox 513 683 1098 730">
     <span class='ocr_line' id='line_1_10' title="bbox 513 683 1098 730; baseline 0.007 -13"><span class='ocrx_word' id='word_1_43' title='bbox 513 683 569 718; x_wconf 83' lang='lat' dir='ltr'>Sic</span> <span class='ocrx_word' id='word_1_44' title='bbox 592 686 660 718; x_wconf 89' lang='lat' dir='ltr'>ictu</span> <span class='ocrx_word' id='word_1_45' title='bbox 682 686 784 729; x_wconf 78' lang='lat' dir='ltr'><strong>gladii</strong></span> <span class='ocrx_word' id='word_1_46' title='bbox 807 687 916 720; x_wconf 89' lang='lat' dir='ltr'>sidere</span> <span class='ocrx_word' id='word_1_47' title='bbox 940 689 1098 730; x_wconf 87' lang='lat' dir='ltr'>conditur,</span> 
     </span>
    </p>

    <p class='ocr_par' dir='ltr' id='par_1_7' title="bbox 515 737 1117 773">
     <span class='ocr_line' id='line_1_11' title="bbox 515 737 1117 773; baseline 0.007 -4"><span class='ocrx_word' id='word_1_48' title='bbox 515 737 569 769; x_wconf 83' lang='lat' dir='ltr'>Sic</span> <span class='ocrx_word' id='word_1_49' title='bbox 591 738 693 770; x_wconf 85' lang='lat' dir='ltr'>verbo</span> <span class='ocrx_word' id='word_1_50' title='bbox 715 739 791 771; x_wconf 82' lang='lat' dir='ltr'>fidei</span> <span class='ocrx_word' id='word_1_51' title='bbox 815 740 903 772; x_wconf 83' lang='lat' dir='ltr'>clare</span> <span class='ocrx_word' id='word_1_52' title='bbox 926 741 1117 773; x_wconf 85' lang='lat' dir='ltr'>revolvitur:</span> 
     </span>
    </p>

    <p class='ocr_par' dir='ltr' id='par_1_8' title="bbox 434 789 1181 886">
     <span class='ocr_line' id='line_1_12' title="bbox 511 789 1164 834; baseline 0.008 -14"><span class='ocrx_word' id='word_1_53' title='bbox 511 789 639 822; x_wconf 88' lang='lat' dir='ltr'>Adesto</span> <span class='ocrx_word' id='word_1_54' title='bbox 662 790 804 830; x_wconf 85' lang='lat' dir='ltr'>miseris,</span> <span class='ocrx_word' id='word_1_55' title='bbox 828 802 1006 834; x_wconf 81' lang='lat' dir='ltr'>quesumus</span> <span class='ocrx_word' id='word_1_56' title='bbox 1029 794 1164 832; x_wconf 81' lang='lat' dir='ltr'>affatim,</span> 
     </span>
     <span class='ocr_line' id='line_1_13' title="bbox 434 840 1181 886; baseline 0.008 -15"><span class='ocrx_word' id='word_1_57' title='bbox 434 847 460 866; x_wconf 80' lang='lat'>⁶⁰</span> <span class='ocrx_word' id='word_1_58' title='bbox 510 840 694 884; x_wconf 85' lang='lat' dir='ltr'>Perplexos</span> <span class='ocrx_word' id='word_1_59' title='bbox 717 843 872 886; x_wconf 85' lang='lat' dir='ltr'>precibus</span> <span class='ocrx_word' id='word_1_60' title='bbox 896 845 1024 876; x_wconf 86' lang='lat' dir='ltr'>solvere</span> <span class='ocrx_word' id='word_1_61' title='bbox 1048 845 1181 878; x_wconf 83' lang='lat' dir='ltr'>concite.</span> 
     </span>
    </p>
   </div>
   <div class='ocr_carea' id='block_1_5' title="bbox 511 923 1266 1125">
    <p class='ocr_par' dir='ltr' id='par_1_9' title="bbox 511 923 1266 1125">
     <span class='ocr_line' id='line_1_14' title="bbox 511 923 1159 970; baseline 0.006 -14"><span class='ocrx_word' id='word_1_62' title='bbox 511 923 647 957; x_wconf 76' lang='lat' dir='ltr'>Adsiste</span> <span class='ocrx_word' id='word_1_63' title='bbox 669 926 811 968; x_wconf 87' lang='lat' dir='ltr'>gemitis,</span> <span class='ocrx_word' id='word_1_64' title='bbox 833 927 1008 970; x_wconf 80' lang='lat' dir='ltr'>poscimus,</span> <span class='ocrx_word' id='word_1_65' title='bbox 1032 929 1159 968; x_wconf 83' lang='lat' dir='ltr'>excitis,</span> 
     </span>
     <span class='ocr_line' id='line_1_15' title="bbox 511 976 1266 1023; baseline 0.007 -14"><span class='ocrx_word' id='word_1_66' title='bbox 511 976 689 1010; x_wconf 83' lang='lat' dir='ltr'>Infleotens</span> <span class='ocrx_word' id='word_1_67' title='bbox 712 978 842 1011; x_wconf 81' lang='lat' dir='ltr'>famulis</span> <span class='ocrx_word' id='word_1_68' title='bbox 864 990 949 1011; x_wconf 89' lang='lat' dir='ltr'>nunc</span> <span class='ocrx_word' id='word_1_69' title='bbox 973 990 1103 1023; x_wconf 91' lang='lat' dir='ltr'>quoque</span> <span class='ocrx_word' id='word_1_70' title='bbox 1126 982 1266 1014; x_wconf 87' lang='lat' dir='ltr'>numinis</span> 
     </span>
     <span class='ocr_line' id='line_1_16' title="bbox 511 1029 1170 1074; baseline 0.008 -14"><span class='ocrx_word' id='word_1_71' title='bbox 511 1029 669 1062; x_wconf 85' lang='lat' dir='ltr'>Auditum</span> <span class='ocrx_word' id='word_1_72' title='bbox 692 1030 868 1072; x_wconf 77' lang='lat' dir='ltr'>placidum,</span> <span class='ocrx_word' id='word_1_73' title='bbox 891 1042 997 1074; x_wconf 89' lang='lat' dir='ltr'>quove</span> <span class='ocrx_word' id='word_1_74' title='bbox 1021 1033 1170 1065; x_wconf 88' lang='lat' dir='ltr'>serenius</span> 
     </span>
     <span class='ocr_line' id='line_1_17' title="bbox 511 1080 1242 1125; baseline 0.007 -13"><span class='ocrx_word' id='word_1_75' title='bbox 511 1080 658 1114; x_wconf 84' lang='lat' dir='ltr'>Mentem</span> <span class='ocrx_word' id='word_1_76' title='bbox 680 1085 716 1114; x_wconf 87' lang='lat' dir='ltr'>tu</span> <span class='ocrx_word' id='word_1_77' title='bbox 739 1083 901 1125; x_wconf 84' lang='lat' dir='ltr'>precibus,</span> <span class='ocrx_word' id='word_1_78' title='bbox 925 1087 1049 1123; x_wconf 84' lang='lat' dir='ltr'>sancte,</span> <span class='ocrx_word' id='word_1_79' title='bbox 1074 1085 1242 1118; x_wconf 87' lang='lat' dir='ltr'>revociles.</span> 
     </span>
    </p>
   </div>
   <div class='ocr_carea' id='block_1_6' title="bbox 432 1162 1271 1205">
    <p class='ocr_par' dir='ltr' id='par_1_10' title="bbox 432 1162 1271 1205">
     <span class='ocr_line' id='line_1_18' title="bbox 432 1162 1271 1205; baseline 0.005 -10"><span class='ocrx_word' id='word_1_80' title='bbox 432 1162 552 1205; x_wconf 75' lang='lat' dir='ltr'>⁶⁵&lt;L</span> <span class='ocrx_word' id='word_1_81' title='bbox 565 1188 1271 1200; x_wconf 92' lang='grc'><strong>..............</strong></span> 
     </span>
    </p>
   </div>
   <div class='ocr_carea' id='block_1_7' title="bbox 512 1240 1272 1251">
    <p class='ocr_par' dir='ltr' id='par_1_11' title="bbox 512 1240 1272 1251">
     <span class='ocr_line' id='line_1_19' title="bbox 512 1240 1272 1251; baseline 0.004 -3"><span class='ocrx_word' id='word_1_82' title='bbox 512 1240 1272 1251; x_wconf 67' lang='grc'>...............</span> 
     </span>
    </p>
   </div>
   <div class='ocr_carea' id='block_1_8' title="bbox 0 1400 1167 1609">
    <p class='ocr_par' dir='ltr' id='par_1_12' title="bbox 0 1400 1097 1446">
     <span class='ocr_line' id='line_1_20' title="bbox 0 1400 1097 1446; baseline 0.006 -16"><span class='ocrx_word' id='word_1_83' title='bbox 0 1440 1 1444; x_wconf 15' lang='lat'>¹</span> <span class='ocrx_word' id='word_1_84' title='bbox 509 1400 556 1433; x_wconf 85' lang='lat' dir='ltr'>Ut</span> <span class='ocrx_word' id='word_1_85' title='bbox 578 1404 685 1434; x_wconf 86' lang='lat' dir='ltr'>rector</span> <span class='ocrx_word' id='word_1_86' title='bbox 706 1401 816 1435; x_wconf 75' lang='lat' dir='ltr'>deleat</span> <span class='ocrx_word' id='word_1_87' title='bbox 838 1414 942 1446; x_wconf 78' lang='lat' dir='ltr'>regua</span> <span class='ocrx_word' id='word_1_88' title='bbox 964 1404 1097 1444; x_wconf 79' lang='lat' dir='ltr'>ferocia,</span> 
     </span>
    </p>

    <p class='ocr_par' dir='ltr' id='par_1_13' title="bbox 0 1445 1147 1500">
     <span class='ocr_line' id='line_1_21' title="bbox 0 1445 1147 1500; baseline 0.007 -19"><span class='ocrx_word' id='word_1_89' title='bbox 0 1445 13 1483; x_wconf 64' lang='grc' dir='ltr'>ἰ»</span> <span class='ocrx_word' id='word_1_90' title='bbox 431 1459 457 1478; x_wconf 73' lang='lat'>⁷⁰</span> <span class='ocrx_word' id='word_1_91' title='bbox 510 1452 690 1486; x_wconf 78' lang='lat' dir='ltr'>conculcet</span> <span class='ocrx_word' id='word_1_92' title='bbox 713 1454 839 1487; x_wconf 76' lang='lat' dir='ltr'>validus</span> <span class='ocrx_word' id='word_1_93' title='bbox 863 1455 1017 1498; x_wconf 80' lang='lat' dir='ltr'>dogmata</span> <span class='ocrx_word' id='word_1_94' title='bbox 1038 1457 1147 1500; x_wconf 78' lang='lat' dir='ltr'>impia,</span> 
     </span>
    </p>

    <p class='ocr_par' dir='ltr' id='par_1_14' title="bbox 0 1496 1167 1609">
     <span class='ocr_line' id='line_1_22' title="bbox 0 1496 1082 1550; baseline 0.008 -18"><span class='ocrx_word' id='word_1_95' title='bbox 0 1496 6 1509; x_wconf 66' lang='lat'>³</span> <span class='ocrx_word' id='word_1_96' title='bbox 509 1504 666 1548; x_wconf 86' lang='lat' dir='ltr'>Adspiret</span> <span class='ocrx_word' id='word_1_97' title='bbox 688 1505 763 1539; x_wconf 81' lang='lat' dir='ltr'>fidei</span> <span class='ocrx_word' id='word_1_98' title='bbox 787 1510 915 1550; x_wconf 85' lang='lat' dir='ltr'>compte</span> <span class='ocrx_word' id='word_1_99' title='bbox 938 1509 1082 1549; x_wconf 84' lang='lat' dir='ltr'>refulsio,</span> 
     </span>
     <span class='ocr_line' id='line_1_23' title="bbox 509 1555 1167 1609; baseline 0.008 -21"><span class='ocrx_word' id='word_1_100' title='bbox 509 1555 583 1593; x_wconf 81' lang='lat' dir='ltr'>Qua</span> <span class='ocrx_word' id='word_1_101' title='bbox 604 1557 689 1590; x_wconf 78' lang='lat' dir='ltr'>eseli</span> <span class='ocrx_word' id='word_1_102' title='bbox 711 1562 840 1591; x_wconf 87' lang='lat' dir='ltr'>reseret</span> <span class='ocrx_word' id='word_1_103' title='bbox 861 1560 1004 1592; x_wconf 83' lang='lat' dir='ltr'>culmina</span> <span class='ocrx_word' id='word_1_104' title='bbox 1026 1561 1152 1609; x_wconf 77' lang='lat' dir='ltr'>fulgida</span> <span class='ocrx_word' id='word_1_105' title='bbox 1158 1574 1167 1599; x_wconf 84' lang='lat'>;</span> 
     </span>
    </p>
   </div>
   <div class='ocr_carea' id='block_1_9' title="bbox 428 1636 1165 1829">
    <p class='ocr_par' dir='ltr' id='par_1_15' title="bbox 506 1636 1165 1734">
     <span class='ocr_line' id='line_1_24' title="bbox 506 1636 1165 1683; baseline 0.006 -13"><span class='ocrx_word' id='word_1_106' title='bbox 506 1636 549 1670; x_wconf 79' lang='lat' dir='ltr'>Et</span> <span class='ocrx_word' id='word_1_107' title='bbox 570 1641 726 1681; x_wconf 87' lang='lat' dir='ltr'>torquens</span> <span class='ocrx_word' id='word_1_108' title='bbox 748 1639 876 1672; x_wconf 84' lang='lat' dir='ltr'>heresis</span> <span class='ocrx_word' id='word_1_109' title='bbox 899 1641 998 1683; x_wconf 89' lang='lat' dir='ltr'>longe</span> <span class='ocrx_word' id='word_1_110' title='bbox 1021 1642 1165 1682; x_wconf 77' lang='lat' dir='ltr'>resileat,</span> 
     </span>
     <span class='ocr_line' id='line_1_25' title="bbox 507 1689 1102 1734; baseline 0.007 -13"><span class='ocrx_word' id='word_1_111' title='bbox 507 1689 554 1721; x_wconf 85' lang='lat' dir='ltr'>Ut</span> <span class='ocrx_word' id='word_1_112' title='bbox 577 1691 686 1723; x_wconf 85' lang='lat' dir='ltr'>cultus</span> <span class='ocrx_word' id='word_1_113' title='bbox 708 1690 830 1723; x_wconf 87' lang='lat' dir='ltr'>domini</span> <span class='ocrx_word' id='word_1_114' title='bbox 853 1691 950 1724; x_wconf 72' lang='lat' dir='ltr'>altius</span> <span class='ocrx_word' id='word_1_115' title='bbox 974 1693 1102 1734; x_wconf 79' lang='lat' dir='ltr'>emicet,</span> 
     </span>
    </p>

    <p class='ocr_par' dir='ltr' id='par_1_16' title="bbox 428 1741 1142 1829">
     <span class='ocr_line' id='line_1_26' title="bbox 428 1741 1101 1786; baseline 0.006 -13"><span class='ocrx_word' id='word_1_116' title='bbox 428 1748 452 1767; x_wconf 76' lang='lat'>⁷⁵</span> <span class='ocrx_word' id='word_1_117' title='bbox 505 1741 667 1775; x_wconf 85' lang='lat' dir='ltr'>Rectores</span> <span class='ocrx_word' id='word_1_118' title='bbox 690 1743 796 1786; x_wconf 75' lang='lat' dir='ltr'>patrie</span> <span class='ocrx_word' id='word_1_119' title='bbox 819 1743 898 1776; x_wconf 89' lang='lat' dir='ltr'>flore</span> <span class='ocrx_word' id='word_1_120' title='bbox 920 1744 1101 1785; x_wconf 82' lang='lat' dir='ltr'>redoleant,</span> 
     </span>
     <span class='ocr_line' id='line_1_27' title="bbox 506 1793 1142 1829; baseline 0.005 -3"><span class='ocrx_word' id='word_1_121' title='bbox 506 1793 672 1827; x_wconf 85' lang='lat' dir='ltr'>Adversos</span> <span class='ocrx_word' id='word_1_122' title='bbox 695 1805 818 1828; x_wconf 85' lang='lat' dir='ltr'>cuneos</span> <span class='ocrx_word' id='word_1_123' title='bbox 841 1795 945 1829; x_wconf 85' lang='lat' dir='ltr'>libere</span> <span class='ocrx_word' id='word_1_124' title='bbox 969 1797 1142 1829; x_wconf 84' lang='lat' dir='ltr'>ventilent.</span> 
     </span>
    </p>
   </div>
   <div class='ocr_carea' id='block_1_10' title="bbox 426 1874 1285 2067">
    <p class='ocr_par' dir='ltr' id='par_1_17' title="bbox 504 1874 1182 2023">
     <span class='ocr_line' id='line_1_28' title="bbox 504 1874 1182 1921; baseline 0.004 -13"><span class='ocrx_word' id='word_1_125' title='bbox 504 1874 555 1909; x_wconf 82' lang='lat' dir='ltr'>Sit</span> <span class='ocrx_word' id='word_1_126' title='bbox 576 1876 645 1909; x_wconf 79' lang='lat' dir='ltr'>vita</span> <span class='ocrx_word' id='word_1_127' title='bbox 666 1877 806 1920; x_wconf 86' lang='lat' dir='ltr'>populis,</span> <span class='ocrx_word' id='word_1_128' title='bbox 830 1878 872 1910; x_wconf 87' lang='lat' dir='ltr'>sit</span> <span class='ocrx_word' id='word_1_129' title='bbox 895 1888 1022 1921; x_wconf 91' lang='lat' dir='ltr'>quoque</span> <span class='ocrx_word' id='word_1_130' title='bbox 1044 1879 1182 1921; x_wconf 79' lang='lat' dir='ltr'>provida</span> 
     </span>
     <span class='ocr_line' id='line_1_29' title="bbox 507 1927 1138 1973; baseline 0.005 -14"><span class='ocrx_word' id='word_1_131' title='bbox 507 1927 636 1960; x_wconf 74' lang='lat' dir='ltr'>Sanctis</span> <span class='ocrx_word' id='word_1_132' title='bbox 658 1929 774 1971; x_wconf 85' lang='lat' dir='ltr'>religio</span> <span class='ocrx_word' id='word_1_133' title='bbox 797 1939 858 1972; x_wconf 87' lang='lat' dir='ltr'>per</span> <span class='ocrx_word' id='word_1_134' title='bbox 880 1930 957 1972; x_wconf 90' lang='lat' dir='ltr'>iuge</span> <span class='ocrx_word' id='word_1_135' title='bbox 979 1933 1138 1973; x_wconf 80' lang='lat' dir='ltr'>tempora,</span> 
     </span>
     <span class='ocr_line' id='line_1_30' title="bbox 506 1979 1092 2023; baseline 0.005 -12"><span class='ocrx_word' id='word_1_136' title='bbox 506 1979 557 2011; x_wconf 82' lang='lat' dir='ltr'>Sit</span> <span class='ocrx_word' id='word_1_137' title='bbox 579 1980 664 2012; x_wconf 85' lang='lat' dir='ltr'>trino</span> <span class='ocrx_word' id='word_1_138' title='bbox 687 1979 818 2012; x_wconf 89' lang='lat' dir='ltr'>domino</span> <span class='ocrx_word' id='word_1_139' title='bbox 841 1981 945 2023; x_wconf 76' lang='lat' dir='ltr'>gloria</span> <span class='ocrx_word' id='word_1_140' title='bbox 968 1981 1092 2022; x_wconf 83' lang='lat' dir='ltr'>sedula,</span> 
     </span>
    </p>

    <p class='ocr_par' dir='ltr' id='par_1_18' title="bbox 426 2031 1285 2067">
     <span class='ocr_line' id='line_1_31' title="bbox 426 2031 1285 2067; baseline 0.005 -4"><span class='ocrx_word' id='word_1_141' title='bbox 426 2038 452 2058; x_wconf 78' lang='lat'>⁸⁰</span> <span class='ocrx_word' id='word_1_142' title='bbox 502 2031 650 2064; x_wconf 85' lang='lat' dir='ltr'>Aeterno</span> <span class='ocrx_word' id='word_1_143' title='bbox 673 2031 843 2065; x_wconf 80' lang='lat' dir='ltr'>dominans</span> <span class='ocrx_word' id='word_1_144' title='bbox 866 2032 978 2066; x_wconf 86' lang='lat' dir='ltr'>inclite</span> <span class='ocrx_word' id='word_1_145' title='bbox 1002 2035 1123 2067; x_wconf 79' lang='lat' dir='ltr'>secula.</span> <span class='ocrx_word' id='word_1_146' title='bbox 1167 2034 1285 2067; x_wconf 87' lang='lat' dir='ltr'>Amen.</span> 
     </span>
    </p>
   </div>
   <div class='ocr_carea' id='block_1_11' title="bbox 899 2173 930 2195">
    <p class='ocr_par' dir='ltr' id='par_1_19' title="bbox 899 2173 930 2195">
     <span class='ocr_line' id='line_1_32' title="bbox 899 2173 930 2195; baseline 0.032 -1"><span class='ocrx_word' id='word_1_147' title='bbox 899 2173 930 2195; x_wconf 84' lang='grc' dir='ltr'>ΙΙ.</span> 
     </span>
    </p>
   </div>
   <div class='ocr_carea' id='block_1_12' title="bbox 565 2215 1259 2251">
    <p class='ocr_par' dir='ltr' id='par_1_20' title="bbox 565 2215 1259 2251">
     <span class='ocr_line' id='line_1_33' title="bbox 565 2215 1259 2251; baseline 0.001 -2"><span class='ocrx_word' id='word_1_148' title='bbox 565 2215 850 2250; x_wconf 81' lang='lat' dir='ltr'><strong>EPITAPHIUM</strong></span> <span class='ocrx_word' id='word_1_149' title='bbox 874 2217 1037 2250; x_wconf 84' lang='lat' dir='ltr'>SANCTI</span> <span class='ocrx_word' id='word_1_150' title='bbox 1060 2217 1259 2251; x_wconf 84' lang='lat' dir='ltr'><strong>EULOGII.</strong></span> 
     </span>
    </p>
   </div>
   <div class='ocr_carea' id='block_1_13' title="bbox 434 2289 1401 2592">
    <p class='ocr_par' dir='ltr' id='par_1_21' title="bbox 500 2289 1401 2489">
     <span class='ocr_line' id='line_1_34' title="bbox 502 2289 1401 2335; baseline 0.002 -13"><span class='ocrx_word' id='word_1_151' title='bbox 502 2289 566 2322; x_wconf 79' lang='lat' dir='ltr'>Hie</span> <span class='ocrx_word' id='word_1_152' title='bbox 588 2291 726 2323; x_wconf 76' lang='lat' dir='ltr'>recubat</span> <span class='ocrx_word' id='word_1_153' title='bbox 747 2291 876 2335; x_wconf 89' lang='lat' dir='ltr'>lepidus</span> <span class='ocrx_word' id='word_1_154' title='bbox 899 2293 1012 2324; x_wconf 80' lang='lat' dir='ltr'>martir</span> <span class='ocrx_word' id='word_1_155' title='bbox 1033 2292 1211 2335; x_wconf 88' lang='lat' dir='ltr'>doctorque</span> <span class='ocrx_word' id='word_1_156' title='bbox 1235 2292 1401 2334; x_wconf 83' lang='lat' dir='ltr'>refulgens</span> 
     </span>
     <span class='ocr_line' id='line_1_35' title="bbox 500 2341 1289 2387; baseline 0.001 -13"><span class='ocrx_word' id='word_1_157' title='bbox 500 2341 660 2385; x_wconf 83' lang='lat' dir='ltr'>Eulogius</span> <span class='ocrx_word' id='word_1_158' title='bbox 682 2343 803 2383; x_wconf 87' lang='lat' dir='ltr'>lumen,</span> <span class='ocrx_word' id='word_1_159' title='bbox 827 2343 922 2376; x_wconf 88' lang='lat' dir='ltr'>dulce</span> <span class='ocrx_word' id='word_1_160' title='bbox 945 2354 1004 2387; x_wconf 86' lang='lat' dir='ltr'>per</span> <span class='ocrx_word' id='word_1_161' title='bbox 1027 2345 1139 2376; x_wconf 78' lang='lat' dir='ltr'>secula</span> <span class='ocrx_word' id='word_1_162' title='bbox 1162 2354 1289 2376; x_wconf 89' lang='lat' dir='ltr'>nomen.</span> 
     </span>
     <span class='ocr_line' id='line_1_36' title="bbox 502 2392 1227 2438; baseline 0.003 -13"><span class='ocrx_word' id='word_1_163' title='bbox 502 2392 567 2430; x_wconf 77' lang='lat' dir='ltr'>Qui</span> <span class='ocrx_word' id='word_1_164' title='bbox 589 2394 660 2426; x_wconf 89' lang='lat' dir='ltr'>zelo</span> <span class='ocrx_word' id='word_1_165' title='bbox 683 2394 759 2427; x_wconf 90' lang='lat' dir='ltr'>fidei</span> <span class='ocrx_word' id='word_1_166' title='bbox 784 2395 920 2427; x_wconf 80' lang='lat' dir='ltr'>rutilans</span> <span class='ocrx_word' id='word_1_167' title='bbox 944 2396 1062 2427; x_wconf 83' lang='lat' dir='ltr'>virtute</span> <span class='ocrx_word' id='word_1_168' title='bbox 1086 2396 1227 2438; x_wconf 86' lang='lat' dir='ltr'>priorum</span> 
     </span>
     <span class='ocr_line' id='line_1_37' title="bbox 501 2445 1271 2489; baseline 0.001 -12"><span class='ocrx_word' id='word_1_169' title='bbox 501 2445 656 2478; x_wconf 85' lang='lat' dir='ltr'>Accensit</span> <span class='ocrx_word' id='word_1_170' title='bbox 678 2446 803 2478; x_wconf 80' lang='lat' dir='ltr'>animos</span> <span class='ocrx_word' id='word_1_171' title='bbox 827 2457 945 2489; x_wconf 74' lang='lat' dir='ltr'>magno</span> <span class='ocrx_word' id='word_1_172' title='bbox 969 2447 1097 2489; x_wconf 88' lang='lat' dir='ltr'>fulgore</span> <span class='ocrx_word' id='word_1_173' title='bbox 1121 2447 1271 2479; x_wconf 89' lang='lat' dir='ltr'>virorum.</span> 
     </span>
    </p>

    <p class='ocr_par' dir='ltr' id='par_1_22' title="bbox 434 2496 1385 2592">
     <span class='ocr_line' id='line_1_38' title="bbox 434 2496 1385 2542; baseline 0.001 -13"><span class='ocrx_word' id='word_1_174' title='bbox 434 2503 446 2522; x_wconf 80' lang='lat'>⁵</span> <span class='ocrx_word' id='word_1_175' title='bbox 499 2496 564 2529; x_wconf 84' lang='lat' dir='ltr'>Hie</span> <span class='ocrx_word' id='word_1_176' title='bbox 587 2501 694 2530; x_wconf 76' lang='lat' dir='ltr'>macte</span> <span class='ocrx_word' id='word_1_177' title='bbox 717 2498 849 2530; x_wconf 89' lang='lat' dir='ltr'>celeber</span> <span class='ocrx_word' id='word_1_178' title='bbox 871 2499 972 2539; x_wconf 88' lang='lat' dir='ltr'>libris,</span> <span class='ocrx_word' id='word_1_179' title='bbox 996 2501 1191 2542; x_wconf 81' lang='lat' dir='ltr'>preconatus</span> <span class='ocrx_word' id='word_1_180' title='bbox 1214 2502 1247 2530; x_wconf 86' lang='lat' dir='ltr'>et</span> <span class='ocrx_word' id='word_1_181' title='bbox 1269 2498 1385 2540; x_wconf 82' lang='lat' dir='ltr'>ymnis,</span> 
     </span>
     <span class='ocr_line' id='line_1_39' title="bbox 502 2548 1212 2592; baseline 0.001 -11"><span class='ocrx_word' id='word_1_182' title='bbox 502 2548 547 2581; x_wconf 75' lang='lat' dir='ltr'>Et</span> <span class='ocrx_word' id='word_1_183' title='bbox 569 2549 637 2581; x_wconf 74' lang='lat' dir='ltr'>vita</span> <span class='ocrx_word' id='word_1_184' title='bbox 659 2549 787 2592; x_wconf 79' lang='lat' dir='ltr'>vigidus</span> <span class='ocrx_word' id='word_1_185' title='bbox 811 2553 844 2582; x_wconf 87' lang='lat' dir='ltr'>et</span> <span class='ocrx_word' id='word_1_186' title='bbox 866 2550 930 2582; x_wconf 86' lang='lat' dir='ltr'>fine</span> <span class='ocrx_word' id='word_1_187' title='bbox 955 2550 1022 2582; x_wconf 89' lang='lat' dir='ltr'>sole</span> <span class='ocrx_word' id='word_1_188' title='bbox 1047 2560 1212 2582; x_wconf 86' lang='lat' dir='ltr'>coruscus.</span> 
     </span>
    </p>
   </div>
   <div class='ocr_carea' id='block_1_14' title="bbox 193 2644 436 2652">
    <p class='ocr_par' dir='ltr' id='par_1_23' title="bbox 193 2644 436 2652">
     <span class='ocr_line' id='line_1_40' title="bbox 193 2644 436 2652; baseline 0 0"><span class='ocrx_word' id='word_1_189' title='bbox 193 2644 436 2652; x_wconf 95' lang='lat' dir='ltr'> </span> 
     </span>
    </p>
   </div>
   <div class='ocr_carea' id='block_1_15' title="bbox 187 2710 1544 2805">
    <p class='ocr_par' dir='ltr' id='par_1_24' title="bbox 187 2710 1544 2805">
     <span class='ocr_line' id='line_1_41' title="bbox 187 2710 1544 2749; baseline 0.004 -11"><span class='ocrx_word' id='word_1_190' title='bbox 187 2710 220 2738; x_wconf 74' lang='grc'>61</span> <span class='ocrx_word' id='word_1_191' title='bbox 239 2713 344 2739; x_wconf 60' lang='lat' dir='ltr'>exuitis</span> <span class='ocrx_word' id='word_1_192' title='bbox 360 2713 386 2738; x_wconf 99' lang='lat' dir='ltr'><em>T</em></span> <span class='ocrx_word' id='word_1_193' title='bbox 468 2712 503 2740; x_wconf 75' lang='lat'>84</span> <span class='ocrx_word' id='word_1_194' title='bbox 519 2712 566 2740; x_wconf 73' lang='lat' dir='ltr'>*ut</span> <span class='ocrx_word' id='word_1_195' title='bbox 583 2714 608 2739; x_wconf 90' lang='lat' dir='ltr'><em>T</em></span> <span class='ocrx_word' id='word_1_196' title='bbox 688 2713 810 2741; x_wconf 74' lang='lat'>*65-68</span> <span class='ocrx_word' id='word_1_197' title='bbox 827 2715 959 2748; x_wconf 63' lang='lat' dir='ltr'>nto-opham</span> <span class='ocrx_word' id='word_1_198' title='bbox 977 2725 994 2740; x_wconf 81' lang='lat' dir='ltr'><strong><em>a</em></strong></span> <span class='ocrx_word' id='word_1_199' title='bbox 1013 2716 1034 2741; x_wconf 63' lang='grc' dir='ltr'>Ι,</span> <span class='ocrx_word' id='word_1_200' title='bbox 1051 2715 1210 2749; x_wconf 54' lang='lat' dir='ltr'>incipientem</span> <span class='ocrx_word' id='word_1_201' title='bbox 1227 2724 1276 2741; x_wconf 89' lang='lat' dir='ltr'>om.</span> <span class='ocrx_word' id='word_1_202' title='bbox 1291 2715 1315 2740; x_wconf 81' lang='lat' dir='ltr'><em>T</em></span> <span class='ocrx_word' id='word_1_203' title='bbox 1399 2716 1433 2742; x_wconf 82' lang='grc'>73</span> <span class='ocrx_word' id='word_1_204' title='bbox 1452 2716 1502 2743; x_wconf 70' lang='lat' dir='ltr'>*Ut</span> <span class='ocrx_word' id='word_1_205' title='bbox 1520 2718 1544 2743; x_wconf 89' lang='lat' dir='ltr'><em>T</em></span> 
     </span>
     <span class='ocr_line' id='line_1_42' title="bbox 189 2767 1221 2805; baseline 0.003 -11"><span class='ocrx_word' id='word_1_206' title='bbox 189 2767 234 2805; x_wconf 89' lang='grc' dir='ltr'><strong>[ΙΙ.]</strong></span> <span class='ocrx_word' id='word_1_207' title='bbox 253 2769 445 2796; x_wconf 76' lang='lat' dir='ltr'>EPl&#39;rAGnm</span> <span class='ocrx_word' id='word_1_208' title='bbox 463 2779 530 2796; x_wconf 69' lang='lat' dir='ltr'>erac.</span> <span class='ocrx_word' id='word_1_209' title='bbox 542 2771 566 2796; x_wconf 77' lang='lat' dir='ltr'>G</span> <span class='ocrx_word' id='word_1_210' title='bbox 583 2770 608 2795; x_wconf 86' lang='lat' dir='ltr'><em>T</em></span> <span class='ocrx_word' id='word_1_211' title='bbox 689 2770 706 2796; x_wconf 74' lang='grc'>2</span> <span class='ocrx_word' id='word_1_212' title='bbox 724 2772 867 2805; x_wconf 75' lang='lat' dir='ltr'>Aeulogius</span> <span class='ocrx_word' id='word_1_213' title='bbox 885 2771 909 2795; x_wconf 88' lang='grc' dir='ltr'><em>Τ</em></span> <span class='ocrx_word' id='word_1_214' title='bbox 991 2771 1009 2796; x_wconf 82' lang='grc' dir='ltr'>ῦ</span> <span class='ocrx_word' id='word_1_215' title='bbox 1026 2775 1093 2796; x_wconf 75' lang='lat' dir='ltr'>mate</span> <span class='ocrx_word' id='word_1_216' title='bbox 1111 2780 1178 2796; x_wconf 79' lang='lat' dir='ltr'>corr.</span> <span class='ocrx_word' id='word_1_217' title='bbox 1196 2771 1221 2797; x_wconf 90' lang='lat' dir='ltr'><em>T</em></span> 
     </span>
    </p>
   </div>
   <div class='ocr_carea' id='block_1_16' title="bbox 0 1628 82 2996">
    <p class='ocr_par' dir='ltr' id='par_1_25' title="bbox 0 1628 82 2996">
     <span class='ocr_line' id='line_1_43' title="bbox 0 1628 82 2996; baseline 0 0"><span class='ocrx_word' id='word_1_218' title='bbox 0 1628 82 2996; x_wconf 95' lang='lat' dir='ltr'> </span> 
     </span>
    </p>
   </div>
  </div>
 </body>
</html>
