2060 3074
738 169 849 196 VITAE
868 169 894 196 S.
913 169 1080 197 GERMANI
1101 171 1208 198 LIBER.
1222 172 1254 199 V.
1757 177 1819 207 501‘

542 253 644 286 Totus
668 264 740 286 cum
763 254 871 287 medio
895 257 1107 289 numeraliter
1129 259 1282 291 ENNEA
1304 259 1423 301 gignit:

585 306 619 337 Is
642 307 786 349 triplicat
813 309 1020 341 TPIAAEN.

545 357 607 389 His
631 361 805 401 superacta
828 361 1000 392 ΜΟΝΛΣ
1019 363 1224 394 ΠΑΝΤΩΝ
1246 364 1399 395 ΤΕΛΟΣ
1417 374 1622 395 numerorum

477 421 503 440 u
583 409 717 441 Proficit
740 410 772 441 in
796 411 1025 444 AEKAAEN.

545 461 598 493 Sic
621 462 730 504 operis
753 463 903 494 meritum
927 474 1053 495 merces
1077 474 1230 496 mansura
1254 469 1418 508 sequetur,

586 513 691 550 Quam
714 515 875 547 ΔΕΚΑΣ
894 516 1028 558 effigiat.

543 565 625 598 Tam
648 569 759 598 manet
782 567 843 599 hoc
867 578 988 608 verum,
1012 579 1107 611 quam
1133 570 1186 612 qui
1211 581 1308 612 super
1331 571 1438 602 omnia
1461 571 1510 602 sol
1534 574 1600 602 est:

477 629 502 649 ιε
582 617 652 650 Nec
675 618 757 650 ratio
781 619 911 651 titubat.

543 670 639 702 Anne
663 670 724 702 tibi
747 670 861 703 videor
883 673 1011 704 senaria
1035 673 1192 715 symbola,
1216 674 1328 713 lector,

586 721 747 754 Elicuisse
767 733 881 765 parum
891 727 904 754 ’ἔ

544 773 578 805 Si
602 777 706 816 potes,
730 773 791 806 ede
814 774 913 806 alium
940 775 1036 807 simili
1060 776 1185 808 ratione
1210 777 1389 809 eluentem:

479 837 504 856 ⁵2
584 824 689 857 Cedat
711 828 744 857 et
767 826 830 857 iste
854 826 934 858 loco.

543 876 639 912 Quod
663 877 689 908 si
713 887 777 908 non
801 877 887 919 potis
911 882 972 917 est,
995 879 1160 920 perfectos
1184 879 1273 911 disce
1297 881 1454 922 triumpos

586 927 754 960 Praesulis
778 939 852 960 esse
874 930 948 966 mei,

544 979 635 1016 Quos
659 980 790 1012 cohibet
813 991 979 1019 numerus,
1003 992 1098 1024 quem
1123 986 1156 1014 tu
1181 983 1245 1014 iam
1269 984 1330 1015 rite
1355 985 1578 1016 ΣΙΝΕΡΓΟΝ

479 1043 504 1062 ⁵⁶
584 1031 717 1063 Dixeris
740 1042 813 1064 esse
837 1031 900 1065 dei.

543 1083 648 1115 Oratu
670 1083 797 1124 melius,
821 1087 973 1126 superest
997 1084 1223 1128 quodcumque
1246 1086 1378 1125 laboris,

587 1134 755 1178 Expedies
779 1135 916 1169 modion.

543 1186 572 1218 O
595 1186 737 1218 clemens
759 1187 899 1227 trinitas,
922 1191 1055 1219 nostrae
1079 1199 1208 1231 quoque
1233 1189 1304 1221 fons
1330 1189 1500 1221 trinitatis:

479 1251 506 1270 ω
584 1238 669 1270 Nam
693 1238 798 1271 tribus
821 1249 916 1271 omne
941 1240 1062 1272 subest.

548 1290 730 1330 ΟΥΣΙΛΝ,
754 1292 974 1324 AYNAMIN
993 1292 1112 1331 dicunt,
1139 1294 1368 1326 ΕΝΕΡΓΙΛΝ
1388 1297 1497 1336 atque,

587 1341 668 1379 Quis
692 1342 761 1374 sine
785 1343 873 1375 nulla
899 1345 993 1375 ΦΥΣ
1006 1345 1042 1376 Σ.

543 1393 604 1426 Est
627 1394 726 1426 etiam
749 1395 877 1426 trinitas
900 1395 1029 1427 animae
1053 1396 1255 1428 contermina
1279 1399 1421 1434 nostrae,

479 1457 504 1477 ει
585 1444 658 1482 Qua
681 1445 716 1477 fit
738 1445 847 1488 imago
871 1446 934 1479 dei.

544 1498 667 1530 ΝΟΥΣ
686 1497 768 1530 haec
791 1501 889 1540 atquc
912 1500 1071 1539 ΛΟῙῸΣ,
1096 1500 1194 1532 etiam
1219 1501 1424 1533 ΔΙΛΝΟΙΛ
1445 1503 1592 1531 vocatur:

587 1548 683 1581 Hanc
707 1559 836 1592 quoque
860 1554 895 1582 tu
919 1551 1045 1583 tribuis.

546 1599 633 1643 Ergo
656 1611 718 1643 age
740 1604 774 1633 et
797 1605 927 1644 optatae
950 1603 1070 1645 largire
1093 1603 1255 1645 attingere
1279 1605 1415 1639 moetas,

481 1664 506 1684 es
587 1652 720 1685 Summe
744 1651 836 1692 deus,
861 1654 1000 1686 trinitas.

548 1703 599 1736 Ne
623 1715 686 1747 qua
709 1707 818 1737 tamen
842 1705 982 1737 subeant
1006 1706 1201 1738 exhaustam
1226 1705 1335 1738 taedia
1357 1708 1510 1743 mentem,

590 1755 639 1789 Te
661 1756 744 1789 duce
767 1757 1004 1800 progredimur.

286 1867 393 1894 Scholia
411 1882 443 1887 —
461 1867 494 1894 41
514 1870 596 1895 Totus
614 1878 673 1895 cnm
692 1869 784 1902 medio]
804 1871 819 1895 i.
838 1879 859 1896 e.
879 1879 924 1896 sex
948 1879 1007 1896 cum
1025 1871 1106 1895 tribus
1160 1868 1196 1901 12]
1218 1870 1232 1895 i.
1251 1878 1272 1894 e.
1292 1878 1383 1895 novem
1488 1870 1522 1895 42
1541 1869 1575 1903 Is]
1594 1870 1610 1895 i.
1629 1879 1649 1895 e.
1670 1869 1825 1895 novenarius

185 1909 222 1944 T.]
241 1911 256 1936 i.
276 1919 296 1936 e.
315 1912 463 1943 ternarium,
481 1913 543 1945 qnia
561 1913 715 1938 novenarius
733 1917 772 1938 ter
790 1914 869 1939 habet
888 1914 912 1938 in
932 1922 959 1939 se
977 1914 1115 1939 ternarium
1220 1911 1254 1938 43
1274 1911 1332 1946 His]
1351 1914 1366 1938 i.
1387 1922 1410 1939 e.
1428 1922 1519 1938 novem
1572 1911 1717 1946 superacta]
1737 1920 1824 1945 super-

182 1954 299 1988 apposit-
351 1953 400 1988 M.]
419 1955 506 1981 unitas
560 1957 588 1980 Π.
611 1955 647 1989 “1“.]
668 1957 783 1982 omnium
801 1957 859 1982 finis
963 1955 998 1981 44
1020 1957 1046 1982 in
1066 1954 1105 1988 Δ.]
1125 1956 1140 1980 i.
1160 1964 1181 1981 e.
1201 1956 1226 1980 in
1245 1955 1376 1980 denarium
1480 1955 1514 1981 45
1537 1957 1578 1981 Sic
1595 1956 1678 1988 operis
1696 1953 1823 1988 meritum]

183 1997 250 2030 quod
268 1997 430 2030 significatur
447 1999 548 2024 senario
646 1999 680 2024 46
699 1997 740 2031 Δ.]
759 1999 775 2024 ἰ.
794 2008 815 2024 e.
835 2000 956 2025 denarius
1008 1997 1116 2032 effigiat]
1138 1999 1152 2024 i.
1171 2007 1192 2024 e.
1212 1999 1332 2024 informat
1429 1998 1461 2024 51
1481 1997 1540 2031 ede]
1559 2007 1681 2032 compone
1734 1997 1824 2030 alium}

182 2039 262 2065 alium
274 2048 410 2066 numerum
453 2040 591 2074 cluentem]
604 2042 778 2076 proficientem
858 2042 892 2067 ὃὸ
910 2040 1042 2074 numerus]
1057 2042 1174 2067 senarius
1218 2040 1255 2074 Σ.]
1274 2046 1462 2075 cooperatorem
1542 2040 1576 2066 59
1596 2040 1662 2074 (Le.
1680 2042 1825 2073 essentiam,

182 2083 302 2108 virtutem
319 2087 398 2115 atquo
415 2085 600 2117 operationem;
624 2086 680 2110 sine
701 2085 797 2118 quihus
822 2085 895 2110 nulla
919 2089 958 2110 est
977 2086 1059 2109 ΦΥΣΙ
1080 2093 1126 2110 seu
1150 2088 1244 2110 natura
1262 2083 1329 2110 wat.
1347 2084 1410 2110 Moe.
1430 2085 1485 2110 cod.
1505 2084 1596 2117 Luyds
1615 2082 1759 2118 Boschiue).
1796 2085 1825 2110 ln

183 2125 252 2151 omni
275 2122 355 2159 (enim
379 2126 438 2152 n'oem
460 2125 596 2160 Bonckim)
624 2132 718 2154 natura
744 2128 888 2153 rationabili
916 2128 1136 2160 intellectualique
1162 2127 1211 2152 tria
1235 2128 1298 2153 haec
1322 2128 1504 2160 inseparabilia
1529 2127 1744 2161 (inseparabiliter
1768 2127 1825 2152 item

184 2167 320 2200 Bacchius)
338 2177 488 2203 semperque
506 2170 733 2204 incorruptibiliter
751 2172 882 2196 manentia
894 2171 1096 2196 considerantur.
1121 2172 1219 2196 Horum
1233 2171 1385 2204 exemplum.
1412 2171 1490 2196 Nulla
1502 2175 1601 2202 natura,
1620 2171 1674 2196 sive
1692 2171 1825 2196 rationalis

184 2211 253 2244 (item
270 2211 396 2238 Bonam
417 2217 441 2238 et
458 2213 516 2240 ῙοΙι.
534 2213 649 2244 Βοοαιω,·
674 2215 835 2240 rationabilis
853 2214 888 2247 P)
907 2215 962 2240 sivo
981 2215 1037 2246 (seu
1056 2214 1090 2246 P)
1115 2214 1308 2246 intellectualis,
1332 2218 1383 2245 est,
1407 2222 1474 2246 quae
1497 2214 1597 2246 ignoret
1615 2213 1683 2246 (item
1701 2213 1826 2238 Boschius

183 2258 207 2281 el
224 2254 282 2281 ῙοΙι.
301 2255 392 2285 Soou.,·
418 2257 518 2289 ignorat
536 2256 569 2289 Ρ)
587 2265 614 2283 se
631 2266 696 2288 esee.
714 2259 832 2291 quamvis
852 2259 959 2290 nesciat,
986 2258 1046 2291 quid
1065 2259 1105 2283 sit.
1141 2259 1210 2283 Dum
1228 2266 1289 2290 ergo
1307 2258 1375 2283 dico:
1401 2257 1530 2290 ‘intellego
1547 2266 1588 2283 me
1607 2257 1678 2290 esse(
1696 2266 1781 2282 nonne
1799 2257 1826 2282 in

185 2297 232 2330 (uie
249 2297 275 2323 P
289 2302 312 2324 et
331 2298 387 2324 ῙοΙι.
406 2298 493 2331 Suom,
510 2300 536 2325 in
556 2308 603 2325 om.
623 2291 758 2331 Bacchiae)
778 2301 826 2326 boc
844 2310 896 2327 uno
915 2302 1001 2333 verbo,
1019 2302 1087 2333 quod
1110 2306 1149 2326 est
1169 2301 1303 2334 intellego,
1326 2301 1374 2325 tria
1397 2301 1513 2333 significo
1535 2309 1551 2326 a
1575 2309 1602 2326 se
1626 2299 1826 2333 inseparabilia?

184 2339 250 2367 Nam
267 2344 294 2366 et
311 2349 351 2366 me
368 2350 424 2367 esse
440 2346 467 2367 et
485 2350 558 2376 posse
578 2342 737 2377 (intellegere
755 2352 795 2369 me
813 2352 869 2370 esse
882 2344 939 2369 ῙοΙι.
954 2343 1039 2374 Scott„
1057 2352 1098 2368 om
1110 2343 1135 2368 Ρ
1150 2347 1172 2368 et
1184 2342 1320 2376 Boeclaim)
1340 2347 1366 2369 et
1383 2343 1525 2376 intelligere
1543 2352 1583 2368 me
1601 2351 1656 2368 esse
1674 2343 1826 2368 demonstro.

185 2383 242 2409 Non
265 2384 333 2409 enim
350 2384 534 2419 hfflligerem,
557 2386 579 2411 si
597 2395 648 2412 non
672 2395 767 2417 essem;
791 2395 874 2419 neque
893 2386 1076 2420 intelligerem,
1099 2387 1121 2411 si
1140 2386 1235 2411 virtute
1254 2387 1444 2420 intellegentiae
1461 2395 1588 2418 carerem3
1611 2394 1658 2412 nec
1677 2386 1722 2411 illa
1744 2386 1827 2411 virtus

185 2426 212 2452 in
235 2435 275 2452 me
297 2427 367 2460 silet,
389 2428 432 2454 sed
456 2429 525 2454 foras
543 2427 624 2461 (som
642 2438 691 2455 om.
710 2429 835 2455 Bacchius
856 2434 879 2454 et
898 2429 955 2455 Iok.
974 2429 1084 2461 Scottus)
1107 2430 1134 2454 in
1159 2430 1330 2462 operationem
1355 2429 1519 2462 intellegendi
1541 2429 1681 2462 prorumpit
1706 2428 1749 2461 (=
1769 2428 1824 2454 ῙοΙι.

185 2469 263 2497 soon.
280 2470 321 2496 De
337 2470 410 2497 dhan.
427 2475 516 2497 παων.
534 2471 555 2496 Ι
563 2474 597 2497 48
613 2480 674 2505 paq.
692 2474 758 2503 490,·
775 2473 859 2498 lomim
877 2473 998 2498 indicavit
1017 2472 1145 2497 Ηαιινέαιι
1164 2471 1180 2497 l.
1199 2481 1219 2496 c.
1233 2480 1296 2504 pay.
1317 2473 1373 2504 132)
1478 2471 1509 2498 61
1532 2470 1667 2504 ΟΥΣΙΑΝ]
1691 2471 1826 2496 essentiam

186 2511 227 2547 Δ.]
245 2514 263 2539 i.
280 2522 301 2539 e.
321 2514 441 2540 virtutem
495 2514 671 2549 ENEPI'IAN]
689 2517 860 2549 operationem
959 2515 992 2542 62
1011 2514 1084 2549 Quis]
1104 2516 1120 2541 i.
1138 2524 1159 2540 e.
1179 2515 1274 2548 quibus
1328 2514 1368 2548 Q}
1389 2519 1484 2541 natura
1586 2514 1620 2540 65
1639 2515 1667 2540 ln
1686 2514 1726 2539 liis
1743 2514 1826 2539 tribus

185 2556 327 2582 essentialia
350 2557 452 2583 trinitas
474 2558 575 2584 animae
597 2559 630 2584 ad
654 2559 792 2592 imaginem
815 2559 854 2584 dei
878 2559 1033 2584 constitutae
1057 2559 1098 2590 (ex
1116 2558 1183 2583 ‘Noa
1203 2558 1265 2583 Mu.
1285 2558 1338 2582 cod.
1360 2557 1453 2590 bugd!
1471 2557 1608 2590 Bosa-hius,
1631 2557 1773 2582 constituta
1791 2556 1826 2588 P)

185 2599 302 2626 ahoi-tit
403 2599 436 2626 67
460 2599 528 2634 argo
549 2599 608 2635 age]
630 2600 779 2636 (morantis
802 2610 851 2627 vox
875 2606 913 2627 est
965 2601 1076 2635 optatas]
1101 2602 1256 2626 desideratas
1313 2600 1420 2632 moetas]
1443 2601 1507 2626 fines
1611 2599 1644 2625 69
1666 2598 1826 2632 exhaustam]

185 2642 343 2669 exinanitam

287 2719 323 2746 42
340 2718 376 2753 ΙΙ]
394 2721 443 2747 nin
461 2721 487 2747 P
587 2721 622 2748 53
639 2723 763 2755 triumpos
781 2723 817 2747 nic
835 2721 860 2747 P

289 2796 323 2823 67
343 2795 398 2829 Usr.
420 2796 486 2823 Hor.
504 2797 538 2823 Δ.
560 2797 588 2823 P.
606 2798 665 2824 412.
