2060 3074
762 152 874 179 VITAE
893 153 919 180 S.
938 153 1107 181 GERMANI
1126 155 1234 182 LIBER
1247 155 1292 182 VI.
1790 162 1852 191 515

489 250 527 270 ⁵⁷⁵
564 237 675 280 Atque
699 239 823 271 utinam
846 240 1000 272 tenebras
1024 251 1087 272 non
1110 241 1166 272 ille
1190 242 1341 273 redactus
1364 243 1395 274 in
1419 247 1506 275 atras

564 288 665 321 Eluat
687 293 820 322 aeterno
844 292 961 323 mercis
986 292 1159 334 dispendia
1181 293 1282 326 luctu.

564 339 634 372 Nec
656 351 708 372 me
731 352 884 383 gazarum
910 342 1035 376 merito.
1058 354 1119 375 rex
1140 353 1270 386 magne,
1295 350 1423 376 tuarum

564 391 739 424 Exsortem
764 393 878 424 faxim:
904 398 979 425 sunt
1003 398 1035 426 et
1058 394 1158 426 michi
1181 406 1285 438 pensa
1308 396 1423 428 talenti

566 442 672 475 Cauta
695 445 770 483 mei⁷
795 448 883 476 stant
907 446 1023 487 cuique
1048 456 1127 478 suae
1151 447 1342 489 compendia
1365 449 1495 485 mercis,

490 507 528 527 aso
565 495 604 527 In
627 496 724 528 luteis
749 497 913 539 specubus
937 497 1068 529 defossa
1092 499 1234 540 pecunia
1257 510 1442 542 quanquam

566 546 609 578 Et
631 547 708 579 furti
731 550 764 579 et
786 547 909 580 fraudis
934 559 1064 580 servum
1088 549 1305 592 condempnet
1327 552 1475 583 inertem.

566 599 714 642 Cumque
738 599 808 632 dies
833 600 984 632 reducem
1009 604 1041 632 te
1065 601 1181 632 fecerit
1204 603 1337 634 ultimus
1361 604 1445 635 arvis

565 651 676 693 Atque
698 651 783 683 inter
805 651 945 683 famulos
967 652 1156 685 discrimina
1179 653 1313 686 duxeris
1338 665 1454 697 aequa,

565 702 629 734 Hic
654 703 775 735 referet
798 705 896 735 macti
919 708 1030 746 grates
1053 708 1086 736 et
1109 706 1257 747 praemia
1280 706 1348 738 fisci

491 766 528 786 sss
566 754 740 786 Admissus
764 755 875 797 superi
897 755 929 786 in
954 755 1050 787 sedes
1074 759 1106 787 et
1130 756 1251 798 gaudia
1275 758 1378 799 regni,

565 806 627 838 Ille
650 806 719 838 luet
742 806 868 838 meritis
891 807 1042 849 neglecta
1065 808 1244 849 porismata
1267 810 1382 851 poenis

565 857 727 890 Extrusus
750 858 901 900 placidae
924 858 1070 901 pulchris
1093 869 1111 890 e
1135 860 1304 892 moenibus
1330 861 1436 893 aulae.

565 909 604 940 Id
628 913 784 955 reputans
809 910 917 942 animo
940 914 1156 952 metuensque
1182 911 1311 943 inmane
1336 913 1461 954 pericli,

568 960 641 997 Qua
663 971 797 1003 possem
821 965 934 993 tantae
956 965 1078 994 memet
1099 962 1280 995 subducere
1305 973 1422 998 noxae.

490 1025 528 1045 ⁵90
565 1011 707 1044 Sedulus
730 1013 908 1049 instabam;
933 1013 1118 1045 volventem
1142 1014 1282 1055 plurima
1305 1014 1457 1046 tandem·

566 1064 701 1107 Impulit
723 1064 798 1104 huc,
821 1075 882 1096 nec
907 1068 1032 1096 certum
1057 1064 1162 1096 habeo
1186 1076 1326 1098 casusne
1349 1066 1485 1102 deusne,

566 1115 766 1148 Germanum
790 1115 916 1148 melicis
941 1116 1101 1148 illustrem
1127 1116 1266 1149 reddere
1291 1118 1402 1151 musis.

565 1166 637 1198 Hoc
662 1177 778 1199 venam
802 1167 924 1209 Ingenii
946 1168 1085 1210 primum
1109 1172 1270 1211 temptare
1293 1169 1426 1212 periclo,

565 1218 638 1251 Hoc
662 1219 876 1261 intemptatae
901 1219 1048 1252 rudimen
1074 1220 1204 1262 pulsare
1229 1221 1352 1263 poesis.

489 1282 526 1302 59³
562 1270 667 1302 Multa
690 1270 812 1302 dabant
834 1271 975 1303 animos:
999 1282 1090 1303 arnor
1114 1275 1147 1303 et
1170 1273 1354 1304 reverentia
1379 1273 1494 1311 sancti,

567 1322 724 1354 Plurima:
749 1322 915 1361 materies,
938 1326 1007 1354 tum
1029 1327 1162 1365 praeter
1183 1327 1303 1361 cetera,
1328 1323 1414 1366 quod
1437 1334 1490 1356 me

563 1374 606 1406 Et
629 1373 751 1406 debere
773 1374 842 1406 viro
866 1378 899 1406 et
921 1374 1057 1406 nimium
1081 1374 1202 1407 debere
1225 1375 1381 1408 monebat

563 1426 702 1458 Conscia
725 1436 818 1458 mens
841 1436 961 1458 rerum.
1007 1425 1207 1468 Septennem
1231 1427 1334 1459 ferme
1359 1428 1506 1470 puellum

564 1478 676 1510 Sancti
699 1478 840 1510 servitiis
862 1489 915 1510 me
939 1479 1191 1521 transscripsere
1216 1483 1368 1521 parentes

0 1558 3 1564 ,
487 1543 526 1563 eoo
563 1530 606 1562 Et
630 1540 748 1562 sensus
771 1530 903 1572 inopem
928 1533 962 1562 et
984 1533 1100 1562 cautae
1124 1531 1258 1562 rationis
1282 1531 1457 1564 inermem..

0 1602 9 1639 ἱ
563 1582 716 1625 Suscepit
738 1585 888 1614 tenerum
912 1581 1032 1614 blande
1055 1582 1229 1614 miseratus
1254 1583 1436 1615 alumnum:

0 1646 10 1685 *¹⁷
562 1634 652 1666 Pane
675 1634 766 1672 aluit,
789 1637 956 1676 tegmenta
979 1633 1079 1673 dedit,
1103 1626 1251 1666 fomenta
1274 1635 1413 1677 paravit.

562 1685 708 1728 Corpore
731 1686 892 1728 provexit,
918 1689 986 1717 tum
1011 1685 1165 1718 sensibus
1188 1686 1399 1728 amplificavit

562 1737 671 1769 Vivax
694 1736 861 1769 difficilem
886 1741 1000 1779 pectus
1025 1737 1163 1779 largitus
1187 1738 1219 1769 in
1243 1741 1357 1770 artem.

485 1802 523 1821 ωε,
560 1789 753 1831 Languores
776 1789 914 1832 pepulit,
937 1789 1126 1821 discrimina
1151 1794 1269 1821 cuncta
1293 1789 1434 1831 subegit,

562 1841 742 1872 Absentem
765 1840 928 1883 precibus,
952 1844 1160 1883 praesentem
1183 1841 1314 1872 numine
1338 1841 1427 1877 iuvit,

561 1891 708 1924 Contulit
731 1902 828 1924 omne
851 1892 984 1931 bonum,
1009 1892 1210 1934 compescuit
1233 1902 1330 1924 omne
1355 1892 1531 1924 sinistrum.

561 1944 768 1976 Carminibus
792 1944 912 1975 nostris
936 1943 988 1975 hic
1012 1943 1199 1975 inlaudatus
1224 1943 1347 1975 abiret?

559 1996 654 2028 Talia
677 1996 864 2028 volventem
889 1995 1058 2027 terrebant
1080 1995 1220 2037 plurima
1244 1998 1370 2027 contra:

483 2060 521 2080 sio
560 2047 719 2079 Materiae
743 2047 897 2089 gravitas,
923 2047 1030 2078 siccae
1056 2046 1178 2078 ieiunia
1200 2046 1344 2088 linguae,

559 2100 642 2132 Tum
667 2100 793 2142 species
817 2099 935 2142 operis,
959 2099 1031 2130 vilis
1054 2108 1194 2141 persona
1218 2102 1348 2141 poetae,

559 2151 718 2194 Quodque
742 2151 795 2183 dei
819 2151 890 2182 laus
913 2154 964 2182 est
987 2150 1081 2182 labiis
1105 2150 1270 2192 incompta
1293 2150 1455 2182 scelestis.

298 2298 403 2325 Scholia
426 2312 459 2316 -
485 2297 536 2324 578
558 2298 650 2331 faxim}
677 2287 699 2323 is
715 2306 736 2324 e.
763 2299 855 2323 faciam
909 2296 998 2331 pensa]
1022 2297 1161 2331 ponderata
1265 2296 1316 2323 579
1341 2296 1434 2330 Cauta]
1461 2298 1575 2323 studiosa
1682 2296 1734 2324 580
1756 2297 1844 2331 luteis]

195 2342 311 2368 coenosis
359 2339 498 2376 specubus]
518 2342 687 2367 foraminibus
767 2340 817 2366 58⁴
836 2339 901 2374 fisci]
920 2341 1056 2374 pecuniae;
1075 2341 1152 2366 fiscus
1165 2344 1204 2366 est
1216 2341 1320 2373 publica
1333 2341 1374 2366 vel
1392 2341 1487 2374 regalis
1506 2341 1616 2373 pecunia
1696 2339 1748 2366 586
1767 2342 1845 2374 poris-

195 2383 275 2418 mata]
294 2385 392 2411 luchra.
419 2399 451 2404 —
480 2385 595 2411 Porisma
620 2385 763 2410 vocabatur
785 2385 824 2416 id,
850 2385 918 2417 quod
943 2385 1086 2409 addebatur
1103 2393 1119 2408 a
1142 2384 1271 2416 magistris
1293 2392 1369 2417 super
1390 2384 1537 2416 lectionem,
1559 2384 1662 2416 quando
1679 2392 1696 2409 a
1713 2385 1844 2418 discipulis

195 2428 261 2453 bene
280 2428 462 2454 recordabatur
480 2432 539 2454 ante
557 2435 608 2453 eos.
639 2428 671 2452 Et
690 2428 753 2452 baec
772 2431 825 2452 erut
843 2426 961 2452 adhoctio
980 2426 1023 2457 (P,
1041 2435 1076 2451 an
1093 2425 1239 2457 adauction
1261 2426 1395 2451 subtilium
1413 2427 1576 2459 questionum
1593 2431 1619 2453 et
1636 2427 1704 2452 hanc
1722 2428 1845 2453 tenebant

194 2471 312 2504 discipuli
335 2479 382 2504 pro
405 2471 494 2496 luchro
519 2476 544 2496 et
566 2471 678 2504 porisma
697 2471 830 2496 vocabant.
868 2470 938 2495 Idem
963 2474 1001 2495 est
1023 2474 1048 2494 ct
1070 2470 1223 2495 corolarium
1248 2469 1420 2500 (corodarium
1439 2470 1473 2502 P)
1499 2471 1574 2503 quasi
1596 2471 1699 2504 quidem
1721 2472 1843 2497 circuitus

193 2513 294 2538 dicendi
319 2514 441 2546 repetitus
467 2518 510 2541 (ex
533 2517 670 2538 commemo
694 2513 806 2545 quodam
828 2513 865 2538 ad
887 2512 988 2537 Boethii
1012 2512 1051 2537 De
1076 2521 1144 2537 com.
1164 2511 1219 2536 III
1238 2520 1308 2544 pros.
1329 2512 1376 2538 10?
1399 2513 1449 2545 cfr.
1469 2512 1586 2546 Scheppo
1605 2513 1843 2548 Handselnit‘eliche

195 2555 301 2581 Studien
320 2565 351 2581 zu
370 2556 458 2582 Boeth.
473 2565 535 2590 paq.
552 2558 586 2581 37
601 2561 624 2582 ει
642 2556 748 2581 curulem
767 2555 800 2580 N.
823 2556 852 2580 A.
875 2556 916 2580 IX
930 2557 985 2583 193)
1089 2555 1141 2581 593
1160 2554 1225 2588 Hoc]
1245 2557 1261 2580 i.
1280 2564 1302 2581 e.
1325 2557 1351 2581 iu
1370 2556 1419 2581 hoc
1471 2554 1574 2588 venam]
1602 2557 1618 2582 i.
1637 2564 1659 2582 e.
1681 2557 1839 2583 affluentiam

193 2599 270 2624 anulii
323 2597 458 2631 temptare]
477 2597 643 2633 ag(g)re‹lere
697 2597 802 2631 periclo]
821 2599 969 2631 probatione
1074 2597 1125 2623 594
1144 2597 1269 2631 rudimen]
1289 2599 1422 2624 scientiam

295 2692 345 2718 :387
365 2694 483 2719 monibus
502 2693 528 2719 P
629 2692 680 2718 599
699 2693 910 2726 trausescripsere
929 2702 995 2717 corr.
1015 2693 1039 2717 Ρ

296 2786 344 2813 591
367 2786 423 2820 cfr.
443 2787 512 2813 Aen.
535 2786 704 2819 X11321‘›2q.
809 2787 861 2813 593
880 2785 934 2818 cfr.
957 2785 1022 2812 Hor.
1042 2786 1070 2811 (τ.
1091 2786 1175 2815 1118,
1189 2786 1212 2810 ε».
