2138 3106
303 161 320 190 3
329 161 337 189 1
345 162 364 190 Ο
906 154 1075 182 CARMINA
1093 153 1354 181 CENTULENSIA.

1057 282 1203 315 XXXII.

666 340 794 372 Fistula
816 340 1037 378 raucisonam,
1061 350 1146 371 nunc
1170 338 1278 381 incipe
1303 338 1412 370 dicere
1436 349 1569 370 causam

668 391 854 433 Leutgaudi
876 392 1003 423 iuvenis
1028 391 1164 433 sophiae
1187 389 1387 432 nimiumque
1411 390 1569 422 vacantis.

1064 472 1200 505 MVSA.

668 529 809 562 Fistula:
835 530 940 562 ‘metri
963 532 1037 561 astu
1059 529 1207 572 pollebat
1228 528 1298 560 iure
1322 529 1481 571 magistri,

667 582 707 613 In
731 592 794 624 qua
817 581 954 614 florebat
977 582 1068 613 velut
1091 592 1174 612 unus
1197 580 1443 623 Porphirianus.

620 641 631 659 5
667 633 759 666 Inter
782 633 995 665 Christicolas
1019 644 1173 675 magnum
1196 633 1348 675 gestabat
1371 643 1531 671 amorem;

668 686 760 718 Felle
785 696 899 717 carens
924 685 1032 717 animo
1057 685 1183 717 cunctis
1208 687 1278 717 erat
1300 695 1384 716 unus
1409 688 1442 717 et
1464 685 1545 728 ipse.

668 738 803 769 Auxilio
828 737 949 769 Christi
973 737 1075 771 fultus
1098 747 1159 768 nec
1182 736 1314 768 adultus
1338 737 1371 768 in
1395 737 1500 776 annis,

670 789 769 821 Ortus
793 793 883 821 trans
909 789 1106 831 Sequanam,
1131 792 1243 820 nostra
1266 789 1328 820 hac
1351 789 1468 820 tellure
1493 789 1642 831 sepultus

671 841 796 874 Octavo
820 841 946 873 decimo
971 841 1075 872 Maias
1100 841 1246 883 obiitque
1270 840 1449 880 Kalendas,

608 902 633 920 10
670 894 777 937 Ipsius
801 897 899 936 atque
923 893 1033 925 anima
1057 903 1212 935 superum
1235 893 1420 935 penetravit
1444 892 1620 935 Olimpum,

673 946 867 978 Sanctorum
891 945 1016 976 meritis
1041 955 1105 987 qua
1121 944 1284 977 credimus
1309 955 1381 977 esse
1404 945 1560 984 iuvatam,

671 998 817 1035 Quorum
842 997 940 1029 etiam
964 997 1106 1040 supplex
1130 997 1284 1040 suppetia
1306 1007 1406 1040 saepe
1430 998 1574 1040 petebat.

671 1050 756 1082 Nam
780 1050 974 1092 quicumque
998 1049 1094 1091 legis,
1118 1049 1229 1090 libeat,
1254 1049 1324 1089 hos,
1349 1049 1468 1090 dicere,
1492 1061 1618 1090 versus,

670 1103 722 1134 Illi
746 1105 782 1134 ut
805 1102 862 1134 (let
886 1101 1036 1133 dominus
1060 1102 1200 1141 veniam,
1224 1101 1294 1133 sine
1317 1101 1381 1133 fine
1405 1100 1570 1144 quietem.'

1050 1266 1213 1300 XXXIII.

959 1343 962 1346 ·
987 1330 1276 1366 EPYTAFIVM.

674 1405 738 1437 Hic
762 1405 874 1437 rutilat
898 1406 1024 1448 species
1048 1405 1198 1437 Nithardi
1221 1406 1309 1448 picta
1333 1405 1471 1448 sagaciS‚

716 1456 844 1488 Nomen
868 1457 1004 1488 rectoris
1029 1457 1083 1499 qui
1107 1457 1233 1488 modico
1257 1458 1372 1497 tenuit,

673 1508 768 1540 Eheu
792 1508 879 1551 quod
902 1508 1008 1540 subito
1031 1509 1065 1540 in
1088 1509 1175 1541 bello
1197 1509 1306 1552 rapuit
1329 1509 1536 1552 gemebundo

716 1560 806 1592 Mors
829 1561 961 1592 inimica
985 1561 1063 1592 satis
1088 1571 1147 1592 seu
1169 1561 1345 1593 furibunda
1368 1562 1481 1593 nimis:

626 1621 637 1638 5
673 1613 801 1645 Invidia
825 1613 985 1655 siquidem
1008 1613 1164 1645 multatus
1187 1613 1290 1645 hostis
1314 1614 1426 1656 iniqui,

718 1665 783 1702 Qui
806 1665 929 1708 primus
953 1676 1078 1697 nocuus
1101 1666 1246 1709 perstitit
1268 1666 1430 1698 innocuis.

672 1717 759 1749 Astu
782 1728 858 1749 nam
881 1718 960 1750 belli
983 1718 1087 1760 viguit
1111 1718 1205 1760 quasi
1228 1718 1321 1750 fortis
1345 1717 1458 1750 Asilas

718 1769 788 1801 Nec
813 1780 879 1801 non
903 1780 945 1801 ex
969 1769 1084 1812 sophia
1106 1769 1216 1801 floruit
1239 1769 1310 1811 ipse
1335 1779 1440 1801 sacra.

674 1821 792 1853 Extitit
816 1821 901 1853 elato
926 1821 1059 1863 rigidus,
1086 1821 1158 1853 miti
1180 1821 1389 1864 humilisque,

613 1880 637 1899 1⁰
717 1873 840 1905 Contra
863 1874 1073 1905 commissum
1095 1873 1316 1916 pacificusque
1343 1883 1487 1915 gregem.

678 1924 778 1957 Cuius
803 1925 843 1957 de
867 1925 983 1957 Karoli
1006 1925 1103 1967 genio
1128 1925 1287 1968 processit
1311 1925 1402 1967 origo

717 1977 844 2009 Nobilis
866 1988 904 2009 ac
928 1977 1018 2009 celsa
1042 1977 1193 2010 Caesaris
1217 1977 1350 2019 egregii.

308 2044 332 2059 a.
343 2035 368 2059 d.
380 2033 492 2058 XVIII.
502 2032 568 2074 [ἰαὶ.
678 2029 843 2062 Occubuit
866 2030 930 2061 Iuli
954 2033 1067 2062 octavo
1091 2030 1284 2072 decimoque
1309 2029 1478 2062 Kalendas

378 2069 430 2094 Iul.
444 2066 515 2093 844?
718 2082 841 2114 Hostili
864 2082 989 2124 gladio;
1013 2082 1074 2114 hac
1098 2082 1277 2124 requiescit
1300 2082 1409 2115 humo.

613 2142 637 2160 ¹⁵
673 2134 745 2166 Hos
770 2135 965 2177 quicumque
988 2135 1073 2177 legis
1098 2145 1220 2174 verene,
1244 2134 1401 2166 miserere
1426 2134 1542 2175 suique

718 2187 796 2219 Dic:
822 2187 972 2219 ‘Animae
995 2187 1098 2230 ipsius
1121 2186 1177 2219 det
1198 2187 1328 2219 veniam
1352 2185 1522 2218 dominus'.

676 2239 746 2271 Iam
770 2239 845 2281 quia
868 2239 1015 2271 sublatus
1038 2239 1135 2271 terris
1158 2239 1291 2281 regione
1316 2239 1443 2270 locatus

723 2291 781 2331 Sit,
804 2291 967 2333 precibus,
992 2295 1116 2331 saneta,
1140 2291 1268 2333 hocque
1291 2290 1446 2332 frequens
1470 2289 1586 2332 rogita,

675 2343 789 2375 Donec
814 2354 832 2374 e
855 2344 981 2374 tumulo
1006 2343 1126 2375 salient
1148 2342 1275 2375 cineres
1299 2352 1428 2384 quoque
1452 2341 1527 2381 vivi,

616 2401 641 2421 2⁰
720 2394 864 2438 Corpore
889 2397 1044 2438 suscepto
1067 2405 1132 2438 quo
1153 2397 1327 2438 reparatus
1351 2397 1406 2426 eat

416 2508 546 2543 [XXXII]
565 2509 582 2534 2
600 2508 719 2535 *vacanti
737 2509 763 2534 B
866 2509 883 2534 6
901 2513 927 2535 et
943 2508 1010 2543 ipse]
1028 2510 1186 2541 IDEMQVE
1203 2509 1231 2534 in
1248 2517 1329 2542 mary.
1348 2508 1374 2533 B
1478 2506 1494 2532 8
1512 2515 1651 2540 sequanem
1669 2507 1695 2532 B
1747 2515 1778 2533 ac
1795 2515 1862 2532 corr.
1881 2506 1906 2531 B

416 2552 559 2586 [xxxm]
582 2554 690 2586 praeter
717 2554 748 2578 de
774 2553 934 2586 Reiffenbery
966 2553 1023 2579 edd.
1053 2552 1216 2578 Wattenbach
1244 2552 1319 2578 ΒΘ.5
1346 2551 1376 2584 I,
1391 2550 1442 2576 202
1472 2555 1495 2576 et
1526 2551 1666 2576 Ursmarun
1694 2549 1809 2576 Berliere
1831 2550 1848 2575 l.
1871 2557 1892 2574 c.
1917 2547 1967 2574 179

311 2597 328 2622 5
346 2598 440 2630 iniquis
459 2606 526 2622 corr.
546 2596 571 2621 B
674 2596 690 2622 9
708 2595 803 2622 *elatos
822 2596 847 2621 B
899 2597 955 2622 miti
972 2597 1000 2621 in
1018 2597 1092 2622 mites
1110 2605 1176 2621 corr.
1195 2595 1221 2620 B
1325 2594 1357 2620 ll
1376 2595 1478 2627 gemino
1497 2593 1522 2618 B
1540 2603 1607 2619 corr.
1626 2593 1777 2619 Duemmler
1795 2592 1831 2618 ad
1846 2592 1967 2617 Wattenb.

312 2643 328 2666 l.
348 2650 368 2667 c.
389 2641 429 2673 II,
441 2640 507 2671 484;
525 2641 572 2673 cfr.
593 2649 612 2665 c.
633 2640 684 2672 CL,
697 2639 714 2665 2
828 2639 861 2665 13
883 2641 947 2665 iunii
966 2640 991 2664 B
1015 2640 1074 2666 Iulii
1094 2639 1243 2665 Duemmler
1266 2639 1302 2664 ad
1321 2638 1442 2664 Wattenb.
1463 2638 1488 2670 1,
1499 2636 1550 2663 201

417 2708 531 2743 [XXXII
535 2709 550 2742 .]
569 2709 587 2734 4
603 2708 682 2742 quasi
699 2708 808 2741 quidam
824 2707 970 2742 discfflzdus
987 2708 1097 2741 Porflrii
1116 2707 1267 2741 optatiani.

418 2760 570 2794 [XXXIII]
591 2759 757 2787 Nitharclum
775 2759 846 2793 quod
864 2768 924 2786 cum
941 2761 1109 2787 Duemmlero
1126 2759 1269 2786 conicimus
1287 2767 1313 2786 a.
1325 2758 1350 2785 d.
1371 2757 1489 2784 XVIII.
1511 2756 1575 2784 Kal.
1589 2757 1644 2783 Iul.
1655 2765 1681 2783 a.
1694 2756 1746 2783 844
1757 2763 1809 2782 esse
1825 2757 1967 2788 mon-tuum,

311 2814 402 2846 confer·
419 2821 503 2846 supra
518 2821 545 2846 p.
564 2814 629 2845 2687·
647 2813 679 2838 de
697 2813 826 2846 epitaphii
842 2812 892 2845 sicle
911 2813 1027 2846 amplius
1044 2820 1101 2838 mm
1120 2814 1156 2838 est
1174 2810 1359 2837 dubitandum.
1443 2810 1457 2836 7
1476 2810 1544 2836 Aen.
1566 2809 1638 2842 XII,
1654 2809 1702 2835 127
1722 2810 1751 2835 et
1769 2807 1848 2834 fortis
1866 2806 1966 2833 Asilas.
