2060 3074
286 132 346 161 736
904 127 1125 155 GODESOALCI
1144 128 1320 155 CARMINA.

569 227 606 246 ιοε,
651 214 746 250 Quod
769 214 838 245 fieri
862 217 897 245 ut
920 214 1033 256 possit,
1057 225 1131 245 mea
1154 225 1244 246 mens
1269 215 1374 257 <h)aut
1396 216 1534 258 impigra
1556 218 1660 259 poscit

649 266 908 308 Supplicitcrquc
932 269 1037 308 rogat,
1060 266 1165 308 pietas
1188 269 1224 298 ut
1246 266 1332 298 idem
1356 270 1412 299 tua
1434 272 1556 310 poscat.

714 317 862 359 Denique
888 320 961 348 sunt
984 318 1076 349 multi
1099 317 1230 349 domino
1255 318 1396 350 donante
1419 320 1563 361 magistri

647 369 719 400 IIac
742 369 875 410 regione
899 369 950 401 siti
974 370 1104 411 ingenio
1127 370 1290 412 locuplete
1314 371 1413 412 beati,

648 420 743 452 Unde
766 421 909 462 palatina
933 421 1079 463 plerique
1102 425 1268 453 morantur
1289 422 1322 453 in
1345 423 1432 454 aula:

568 485 605 503 11⁰
648 472 701 503 Ad
724 473 782 503 hos
806 477 904 514 atque
929 473 1009 510 alios
1031 484 1091 516 per
1112 474 1252 505 barbara
1274 484 1376 516 regna
1398 475 1521 506 locatos

649 524 776 555 Ocrnua
799 523 849 555 his
872 523 985 555 avidus
1008 525 1140 567 porrexi
1163 525 1282 567 scripta
1305 525 1419 557 diebus

650 576 754 607 Orans
778 586 990 618 magnopere,
1015 576 1188 618 dignentur
1210 581 1246 608 ut
1270 578 1357 608 ocius
1379 577 1454 609 inde

647 627 862 670 Respondere
886 628 974 669 mihi,
999 638 1058 660 ceu
1082 629 1153 669 scis,
1178 629 1390 661 vehementer
1412 631 1530 672 egenti.

647 680 771 722 Estque
795 680 970 722 Augustini
993 681 1043 712 his
1066 682 1228 713 sententia
1251 682 1348 713 missa
1370 682 1468 723 beati,

569 745 605 763 115
651 731 755 769 Quam
779 731 902 775 liquido
927 733 1047 775 exponi
1070 733 1194 765 auctori
1217 733 1404 776 quadrando
1427 735 1569 777 poposci.

646 783 775 826 Nempe
799 784 902 815 tribus
924 784 1039 816 horum
1062 785 1170 816 studui
1192 786 1357 828 proprium
1380 786 1493 818 indere
1516 797 1656 825 sensum,

646 835 832 877 Matcaudo,
855 836 935 876 Ione
959 839 1057 879 atque
1080 836 1183 879 Lupo,
1207 838 1412 870 rutilantibus
1435 849 1502 878 ore,

648 887 790 920 Poscens
814 888 945 929 obnixe,
968 891 1119 931 satagant
1141 892 1176 920 ut
1198 900 1276 921 vera
1298 890 1432 923 referre.

646 940 821 983 Proposita
845 943 894 971 est
917 940 1050 983 reliquis
1073 941 1295 973 tantummodo
1320 942 1465 984 quaestio
1489 943 1620 974 cunctis.

566 1004 603 1023 120
648 991 794 1034 Obposuj
818 1002 906 1032 sane,
931 992 1068 1024 obicitur
1091 992 1179 1035 quod
1201 996 1294 1035 parte
1317 993 1359 1025 ab
1382 997 1535 1036 utraque;

646 1043 752 1076 Nemo
776 1044 835 1076 sed
858 1047 998 1086 excepto
1022 1044 1100 1087 quid
1123 1045 1228 1077 adhuc
1250 1045 1328 1077 milu·
1351 1045 1492 1078 reddidit
1513 1056 1593 1081 uno;

647 1096 710 1133 Qui
733 1107 805 1128 cum
829 1097 870 1128 sit
893 1099 1006 1128 cautus
1029 1097 1123 1128 simul
1147 1100 1180 1129 et
1203 1101 1302 1138 catus,
1327 1101 1377 1129 est
1399 1098 1585 1130 moderatus

646 1148 699 1180 Sic
722 1149 786 1180 iam
809 1151 903 1180 terna
926 1148 975 1180 sui
997 1148 1116 1180 librans
1139 1159 1295 1192 responsa
1316 1150 1438 1191 labelli,

647 1200 692 1231 Ut
715 1200 848 1242 dempto
871 1201 977 1232 neutri
1000 1201 1097 1243 pleno
1121 1201 1304 1234 discrimine
1327 1202 1411 1244 parti

567 1265 603 1283 ηε.
649 1251 829 1293 congruat;
851 1251 937 1283 unde
962 1251 1021 1284 tibi
1043 1252 1211 1284 recitanda
1234 1253 1316 1285 haec
1339 1257 1476 1296 utraque
1500 1253 1588 1294 duxi,

646 1303 860 1346 Respondete
884 1303 938 1335 alii
962 1307 1138 1346 properant
1161 1304 1237 1336 dum
1260 1308 1370 1337 mente
1393 1305 1512 1347 sagaci,

646 1355 718 1392 Quo
742 1356 846 1397 magis
868 1355 918 1387 his
940 1355 1019 1387 mihi
1037 1367 1132 1398 quam
1153 1360 1285 1399 reputes
1307 1357 1477 1389 karissime
1494 1357 1675 1399 quicquam,

649 1407 683 1439 Si
707 1407 819 1439 videas
842 1407 974 1449 aliquid,
998 1407 1196 1440 concordans
1221 1408 1308 1451 quod
1330 1408 1390 1440 tibi
1412 1419 1476 1440 non
1499 1409 1550 1441 sit.

646 1459 692 1491 At
713 1460 790 1491 licet
812 1470 925 1502 usque,
949 1469 1039 1501 rogo,
1062 1470 1190 1492 mecum
1215 1459 1278 1492 duo
1303 1463 1439 1503 perpete
1460 1463 1548 1501 voto,

564 1524 601 1542 130
645 1511 783 1543 Pectore
807 1512 883 1554 quin
906 1514 974 1543 toto
998 1512 1138 1554 supplex
1162 1522 1254 1544 orare
1278 1515 1452 1553 memento,

645 1563 793 1596 Donetur
814 1564 932 1595 habilis
955 1574 1018 1606 quo
1042 1574 1147 1596 sermo
1171 1564 1323 1596 videlicet
1345 1565 1407 1596 illis

646 1615 793 1658 Cumque
816 1616 929 1658 vigore
953 1615 1028 1647 salis
1051 1616 1106 1658 pia
1130 1616 1223 1648 nobis
1246 1617 1384 1659 pignora
1407 1617 1505 1659 pacis.

711 1668 848 1700 Gaudeo
872 1671 1056 1711 praeterea,
1078 1668 1212 1700 nimium
1235 1669 1420 1701 venerande
1443 1671 1552 1711 poeta,

647 1719 800 1752 Sublimis
826 1730 898 1751 eum
923 1720 975 1761 sis,
999 1720 1111 1752 humili
1134 1720 1221 1763 quod
1244 1721 1367 1753 honore
1390 1721 1530 1761 nitescis,

564 1784 601 1803 135
647 1771 793 1814 Cumque
817 1773 928 1814 polum
952 1772 1080 1812 subeas,
1105 1772 1192 1815 quod
1215 1773 1304 1804 humi
1327 1776 1360 1804 te
1383 1783 1498 1815 repere
1522 1773 1642 1815 signas.

645 1824 730 1855 Nam
753 1824 863 1867 placet
885 1823 971 1855 istud
995 1824 1035 1864 ei,
1058 1827 1095 1856 ut
1117 1824 1212 1865 nosti,
1235 1825 1284 1856 vir
1307 1824 1486 1867 splendide,
1509 1824 1590 1867 regi,

646 1875 710 1911 Qui
733 1875 803 1907 fore
826 1875 1036 1918 praehumilis
1059 1886 1118 1918 pro
1141 1879 1174 1908 te
1199 1879 1248 1908 est
1271 1876 1421 1919 dignatus
1443 1877 1476 1908 in
1499 1876 1571 1908 imis

644 1928 757 1959 Mortis
781 1927 822 1959 ad
846 1938 949 1970 usque
974 1938 1095 1970 genus,
1119 1927 1206 1970 quod
1230 1931 1301 1960 erat
1323 1939 1421 1971 super
1443 1928 1551 1960 omnia
1573 1928 1676 1971 peius.

642 1979 721 2022 ,Hoc
744 1979 834 2011 velut
858 1989 913 2011 ore
938 1979 1027 2020 facis,
1051 1979 1078 2011 si
1102 1979 1199 2012 corde
1222 1983 1352 2022 patrare
1376 1979 1531 2020 studebis,

567 2044 603 2063 κο
649 2031 846 2063 Ounctarum
869 2042 946 2064 vere
969 2032 1123 2064 virtutum
1147 2032 1247 2064 stabis
1269 2033 1303 2064 in
1325 2042 1410 2064 arce.

645 2082 730 2115 Nam
755 2083 850 2115 facile
875 2086 925 2115 est
946 2084 1069 2116 homini
1090 2084 1243 2116 miserum
1267 2094 1302 2116 se
1325 2094 1405 2116 voce
1429 2084 1534 2124 fateri,

646 2134 715 2166 Ceu
739 2135 908 2167 simulator
931 2135 1014 2178 agit;
1039 2135 1099 2168 sed
1121 2135 1219 2168 corde
1243 2139 1366 2177 tenere,
1390 2135 1477 2178 quod
1498 2135 1578 2176 infit,

644 2187 804 2230 Pauperis
829 2190 879 2219 est
901 2187 1009 2219 animo
1032 2188 1065 2219 in
1088 2198 1205 2231 supero
1229 2188 1394 2230 regnantis
1417 2187 1567 2230 Olympo.

644 2238 730 2270 Illud
753 2239 839 2270 enim
862 2239 994 2282 reprobi
1017 2239 1139 2274 faciunt
1160 2250 1320 2282 persaepe
1343 2239 1511 2282 gemendi;

564 2303 601 2322 145
645 2290 719 2322 Hoc
745 2293 855 2322 autem
879 2291 976 2322 electi
997 2291 1148 2323 nimirum
1171 2292 1212 2324 ab
1237 2292 1362 2334 origine
1385 2290 1510 2323 mundi:

644 2342 769 2374 Idcirco
794 2342 882 2374 haud
905 2343 1037 2384 meritis,
1062 2343 1131 2375 veri
1153 2342 1218 2383 sed⁴
1235 2353 1369 2375 munere
1391 2342 1493 2385 patris

382 2473 432 2498 105
451 2477 498 2498 aut
516 2473 550 2499 Sc
569 2481 636 2499 corr.
658 2473 778 2499 Cellotius
850 2471 900 2499 106
918 2473 1124 2506 Simpliciterque
1143 2472 1178 2498 S⁰
1190 2481 1258 2498 corr.
1272 2471 1387 2505 Miqm'm
1458 2470 1507 2496 107
1526 2470 1615 2503 incipit
1633 2469 1671 2496 ,5⁷11
1742 2468 1792 2495 108
1805 2469 1875 2495 beati
1887 2466 1932 2501 18⁰]

278 2516 350 2548 periti
370 2515 407 2541 Sh
495 2515 543 2541 111
563 2517 644 2541 direxi
663 2515 701 2541 δὴ
790 2515 840 2541 112
858 2524 938 2548 ocyus
958 2514 996 2541 Sl·
1082 2514 1129 2540 116
1147 2515 1237 2547 incipit
1254 2513 1286 2540 Sl
1368 2513 1426 2539 119.
1446 2511 1498 2539 120
1514 2522 1562 2539 om.
1582 2511 1613 2538 8¹
1694 2511 1746 2539 120
1762 2512 1878 2545 Opposui
1895 2509 1934 2536 δὴ

311 2559 431 2584 obiicitur
456 2558 491 2583 Sc
588 2558 638 2584 123
664 2559 751 2585 labelli
777 2557 822 2592 Sc]
848 2559 930 2584 libelli
953 2557 1000 2584 Shl
1028 2558 1149 2584 C'ellotim
1237 2556 1287 2583 125
1309 2556 1450 2590 Congruat]
1474 2557 1537 2590 finit
1564 2555 1595 2582 Sl
1698 2555 1745 2581 127
1770 2556 1797 2580 hi
1819 2555 1933 2580 Homer

311 2602 441 2627 carissime
461 2601 498 2627 Sh
515 2601 578 2628 Rffie
598 2603 631 2628 Sc
721 2601 770 2628 132
783 2602 845 2636 finit
864 2601 901 2628 Sh
991 2601 1041 2628 135
1059 2610 1164 2635 reppere
1184 2601 1218 2627 Sc
1239 2610 1307 2627 corr.
1326 2600 1440 2634 ils-,quim

381 2670 524 2696 107—-128
549 2669 590 2702 Of.
614 2677 699 2703 supra
721 2678 750 2696 n.
766 2670 801 2696 34
818 2677 882 2704 pay.
899 2669 958 2696 717.
1048 2670 1098 2696 132
1118 2669 1159 2702 Cf.
1180 2676 1265 2703 supra
1288 2676 1311 2695 υ.
1324 2668 1366 2694 30.
1455 2667 1506 2694 143
1523 2666 1623 2694 Mamz.
1639 2667 1664 2698 5,
1676 2666 1701 2692 3.
1789 2665 1933 2692 144—154

277 2720 411 2746 Doctrina
424 2720 677 2754 praedestinatiana
703 2721 812 2748 breviter
836 2722 978 2755 exponam
1003 2722 1037 2755 (v.
1059 2729 1144 2755 εἰῳνα
1166 2728 1258 2748 versus
1274 2720 1308 2747 37
1332 2722 1357 2746 ct
1375 2719 1434 2753 90);
1457 2718 1611 2752 conserendi
1630 2720 1695 2744 sunt
1717 2718 1766 2744 Ioci
1787 2725 1820 2744 ex
1840 2716 1934 2744 ceter-'⁸
1992 2731 1997 2736 -

281 2772 433 2798 Gadescalci
450 2773 554 2806 scriptis
572 2782 589 2799 α
604 2773 755 2800 Francisco
773 2774 877 2807 Spnotte
894 2773 999 2806 collecti,
1020 2773 1184 2807 Bioyraphie
1202 2772 1247 2799 des
1266 2772 1347 2799 Abtes
1364 2771 1491 2798 Servatus
1503 2770 1611 2804 Imma,
1628 2777 1690 2804 paq.
1703 2769 1820 2796 84—86.

1891 2809 1916 2842 *Ξ
