2060 3074
207 180 267 210 516
872 173 1009 200 HEIRICI
1029 172 1207 200 CARMINA.

580 262 739 294 Subvenit
763 261 890 303 trepido
914 269 1070 302 praesens
1092 258 1212 290 fiducia
1234 258 1311 297 vati,

577 313 674 349 Quod
698 323 811 355 posses
834 312 950 343 lubrici
974 311 1135 353 plectrum
1161 314 1312 352 vegetare
1335 309 1447 351 palati,

500 380 538 398 615
577 366 637 398 Cui
661 366 759 396 mutis
782 364 912 396 facilem
936 374 1006 394 mos
1031 366 1081 394 est
1103 373 1258 405 reparare
1281 362 1461 404 loquelam;

580 419 681 460 Inque
706 427 822 460 preces
846 416 972 447 validas
995 419 1117 447 memet
1140 415 1277 446 conixus
1301 414 1398 456 adegi

579 470 632 501 Sic
657 473 823 511 reputans,
848 469 894 500 sic
917 472 960 506 te,
986 465 1094 499 rerum
1119 467 1314 504 moderator,
1340 466 1495 497 adorans:

576 521 622 552 ·Si
646 524 702 552 tua
725 524 809 558 sunt,
833 530 916 562 quae
944 529 1052 562 posco,
1077 518 1169 556 deus,
1194 519 1221 549 si
1245 521 1278 549 te
1302 518 1468 549 tribuente

578 572 762 605 Germanus
787 572 869 603 haec
893 582 991 614 posse
1015 571 1100 609 tulit,
1125 574 1160 601 tu
1184 570 1244 602 rite
1268 570 1391 612 petenti

501 637 539 656 σεο
576 625 714 656 Munera
737 624 786 656 fer
808 624 951 665 linguae,
975 623 1068 654 cuius
1094 626 1169 653 sunt
1191 632 1328 653 munera
1351 621 1502 663 linguae:

579 676 692 708 Gratia
717 676 801 708 velle
825 675 925 711 dedit,
950 675 1109 706 concedat
1132 674 1239 716 gratia
1262 672 1380 716 posse.'

579 728 710 760 Audisti
734 732 777 766 et,
802 728 828 759 si
852 727 927 770 quid
952 727 1054 769 potui,
1079 730 1114 757 tu
1137 736 1235 767 posse
1260 725 1390 758 dedisti.

578 781 662 812 Hinc
686 784 742 811 tua
765 780 836 811 laus
860 782 971 810 nostro
996 788 1126 820 semper
1149 780 1338 809 concrescat
1362 777 1393 808 in
1418 787 1482 816 ore,

578 833 653 864 Rex
677 842 800 873 regum,
824 835 919 873 pater
941 831 1026 862 alme
1050 830 1227 865 hominum,
1252 839 1329 871 spes
1354 829 1443 860 clara
1469 832 1610 867 tuorum,

501 897 539 916 625
578 884 685 920 Quem
709 894 769 915 sua
791 883 918 915 collatis
942 883 1059 914 iubilat
1082 882 1255 924 plasmatio
1279 881 1423 913 bombis:

579 937 688 972 Astra,
712 936 789 978 poli,
814 935 918 966 nubes
943 938 977 966 et
1000 934 1151 965 machina
1175 937 1293 965 cuncta
1316 934 1475 976 polorum,

580 987 702 1030 Solque
726 997 890 1029 sororque,
913 987 1005 1018 nives
1029 986 1246 1027 lymphaeque
1271 989 1303 1017 et
1328 986 1460 1028 spiritus
1484 985 1600 1022 omnis,

580 1040 706 1071 Cauma
729 1039 881 1081 geluque,
905 1037 973 1070 dies
998 1041 1031 1069 et
1055 1038 1178 1069 densae
1203 1037 1317 1069 nubila
1339 1038 1454 1076 noctis,

581 1092 748 1133 Aridaque
772 1094 806 1122 et
828 1094 966 1129 montes,
991 1090 1092 1121 colles
1115 1094 1148 1120 et
1171 1089 1302 1121 caerula
1326 1090 1425 1131 ponti,

503 1156 542 1175 eso
577 1144 791 1185 Fluminaque
815 1146 847 1173 et
869 1142 988 1179 fontes,
1013 1142 1090 1173 exin
1114 1141 1259 1172 viventia
1283 1145 1412 1180 cuncta,

580 1194 738 1237 Quaeque
762 1194 850 1226 vehit
873 1194 981 1229 tellus,
1006 1203 1062 1225 aer
1086 1203 1169 1234 quae
1194 1193 1347 1234 provehit
1371 1193 1469 1232 altus,

582 1247 673 1283 Quae
698 1246 787 1278 vehit
810 1255 993 1287 aequoreus
1017 1245 1163 1276 diversos
1187 1255 1309 1286 gurges
1332 1244 1365 1275 in
1389 1255 1478 1276 usus.

580 1298 666 1340 Ergo
690 1309 751 1340 age
776 1300 809 1329 et
833 1297 951 1338 oblatis
975 1307 1133 1338 praesens
1156 1296 1293 1328 illabere
1318 1297 1412 1335 votis,

512 1388 515 1389 ⁷
579 1350 740 1392 Quodque
763 1349 841 1380 dare
865 1348 997 1390 placuit,
1021 1348 1151 1390 placeat
1174 1352 1306 1390 captare
1329 1348 1481 1388 libenter,

503 1414 540 1433 635
578 1401 623 1433 Ut
647 1401 809 1444 quondam
832 1401 964 1432 minimo
987 1400 1118 1432 viduam
1143 1399 1324 1442 quadrante
1348 1400 1464 1438 beasti,

580 1453 825 1494 Ignoscensque
849 1462 943 1483 meae
966 1451 1158 1493 disrumpito
1183 1451 1313 1483 vincula
1340 1452 1474 1494 culpae:

580 1505 684 1536 Multa
707 1514 848 1546 namque
873 1514 1003 1546 premor
1025 1503 1195 1535 formidine
1220 1504 1463 1546 suppliciorum.

578 1556 630 1588 En
653 1557 753 1587 vitam
777 1556 931 1587 miseram
953 1556 1017 1586 iam
1041 1555 1127 1586 trina
1149 1555 1311 1587 decennia
1334 1559 1476 1595 versant,
1633 1557 1711 1583 Aetas
1730 1557 1855 1582 auctori·-

581 1608 724 1640 Additur
746 1608 796 1639 his
821 1618 925 1638 annus
949 1617 1031 1639 aevo
1053 1607 1214 1648 gliscente
1238 1607 1417 1639 secundus:
1498 1602 1504 1609 ’

504 1673 543 1692 0340
581 1659 702 1702 Meque
726 1659 803 1691 boni
827 1660 1002 1701 quiequam
1025 1669 1203 1701 numquam
1227 1660 1372 1701 gessisse
1396 1659 1564 1697 recor-don

582 1711 668 1743 Hinc
693 1721 791 1743 curae
816 1711 984 1742 stimulant
1007 1714 1040 1742 et
1063 1710 1182 1742 mentis
1207 1710 1248 1743 ad
1272 1711 1386 1742 intima
1409 1711 1570 1743 mordent.

582 1764 651 1795 Iam
676 1764 804 1805 lapsum
827 1763 947 1801 releva,
972 1762 1037 1793 iam
1060 1773 1164 1804 purga
1188 1762 1294 1802 sorde,
1319 1766 1462 1799 creator:

581 1815 677 1846 Exue
700 1815 898 1857 praeteritis,
923 1814 1155 1856 praesentibus
1179 1817 1277 1856 atque
1301 1818 1395 1847 tuere

581 1867 866 1907 Praecautumque
891 1866 970 1896 satis
994 1876 1014 1897 a
1038 1865 1140 1907 culpis
1164 1865 1264 1897 redde
1288 1865 1423 1902 futuris;

506 1932 544 1950 ωε,
583 1919 636 1950 Da
660 1918 850 1950 meminisse
875 1917 932 1955 tui,
958 1918 1044 1948 sicut
1068 1918 1256 1949 meminisse
1281 1928 1418 1950 necesse
1443 1922 1504 1958 est,

582 1970 674 2002 Vitta
697 1971 787 2012 prius
812 1972 908 2012 rupto
932 1980 1030 2011 quam
1054 1969 1182 2001 diffluat
1204 1980 1306 2002 aurea
1329 1970 1438 2010 ductu,

583 2021 739 2054 Effundat
763 2021 902 2063 liquidas
926 2021 1056 2053 funisve
1081 2024 1258 2063 argenteus
1281 2020 1386 2053 undas

583 2074 626 2105 Et
649 2074 791 2105 cisterna
814 2077 930 2111 rotam,
954 2073 1027 2104 fons
1051 2073 1170 2104 influus
1194 2075 1316 2105 atterat
1338 2083 1463 2104 urnam.

584 2126 677 2165 Tum,
702 2125 896 2168 quandoque
921 2135 1016 2157 meae
1041 2125 1149 2156 tenuis
1175 2125 1359 2156 substantia
1381 2125 1469 2157 vitae

581 2178 731 2220 Liquerit
755 2178 813 2209 hos
837 2181 928 2209 artus
954 2181 987 2209 et
1011 2177 1216 2209 conclamata
1239 2177 1361 2209 iacebit

582 2229 742 2262 Materies
767 2229 894 2268 cineris,
919 2232 964 2267 tu,
990 2229 1145 2267 clemens,
1170 2239 1281 2271 parce,
1306 2228 1501 2270 redemptor,

582 2281 632 2313 Ne
648 2289 708 2313 *me
733 2281 881 2312 Tartarei
907 2281 1013 2323 rapiat
1037 2281 1084 2312 vis
1106 2281 1175 2311 ulla
1197 2280 1337 2311 ministri

581 2333 655 2366 Neu
678 2337 772 2364 voret
795 2333 879 2364 hanc
903 2333 1046 2364 animam
1068 2333 1275 2364 truculentae
1299 2332 1428 2363 flamma
1451 2331 1647 2373 gehennae.

536 2191 544 2207 .›

506 2192 537 2210 65(

319 2439 424 2463 Scholia
451 2452 485 2456 —
516 2438 567 2463 625
594 2436 698 2470 iubilat]
727 2441 830 2463 resonat
891 2436 1001 2470 bombis]
1030 2438 1100 2463 sonis
1210 2436 1264 2462 627
1293 2435 1423 2469 sororque]
1453 2437 1515 2461 luna
1576 2435 1759 2470 lymphaeque]
1789 2438 1873 2462 sontes

214 2481 266 2506 *32³5
284 2480 394 2514 Cauma]
415 2482 538 2514 asperitas
636 2480 687 2506 646
706 2480 786 2514 Vitta]
806 2481 939 2514 cingulum
992 2479 1099 2513 diffluat]
1119 2481 1221 2505 decidat
1272 2478 1361 2512 aurea]
1382 2480 1490 2512 pulchra
1594 2478 1647 2505 648
1664 2478 1786 2512 cisterna]
1806 2481 1875 2505 fossa

214 2526 312 2550 habens
331 2533 426 2557 aquam
472 2523 564 2557 rotam]
578 2524 765 2549 revolutionem
812 2522 918 2556 influus]
932 2524 947 2549 i.
963 2533 983 2549 e.
998 2524 1100 2549 infusus
1147 2521 1249 2555 atterat]
1269 2523 1414 2555 confringat
1428 2522 1493 2554 (-it
1507 2521 1541 2552 P)
1590 2521 1692 2555 umam]
1713 2523 1825 2548 situlam.
1842 2536 1874 2540 -

218 2569 312 2592 Urnam
333 2572 407 2592 vocat
426 2576 472 2592 vas
492 2568 626 2600 aquarium

319 2644 369 2669 »519
394 2645 442 2670 hoe
466 2645 491 2669 P
593 2643 644 2670 625
666 2645 800 2669 blasmatio
824 2652 889 2668 corr.
913 2646 929 2668 2
954 2652 985 2668 m.
1009 2643 1034 2668 P
1057 2644 1060 2647 ’
1136 2642 1188 2668 634
1209 2644 1312 2676 captare
1334 2643 1360 2668 P
1462 2643 1498 2668 ad
1527 2641 1579 2668 638
1603 2643 1635 2668 A.
1658 2651 1682 2668 a.
1706 2651 1754 2667 om.
1780 2642 1873 2668 Bacch.

216 2687 266 2712 ⁰353
285 2688 386 2712 flamine
405 2696 471 2712 corr.
492 2689 508 2711 2
527 2696 558 2712 m.
578 2687 603 2712 P

322 2764 372 2789 014
395 2763 480 2789 Prmz.
502 2763 572 2789 Peri.
594 2763 623 2788 X
635 2764 651 2789 ⁶}
671 2763 810 2790 Plectrum
830 2763 929 2797 palati.
1021 2763 1072 2790 635
1091 2762 1124 2788 Ε.
1135 2771 1160 2796 9.
1174 2762 1260 2788 Marc,
1281 2762 1322 2794 12,
1335 2763 1446 2789 41—44.
1536 2761 1632 2795 64639.
1652 2762 1736 2788 Eoele.
1757 2762 1796 2793 12,
1811 2761 1873 2795 qu.

216 2815 268 2841 ‹3:3⁴›
290 2814 343 2846 ‘'fir.
363 2814 471 2841 Lucan.
493 2815 577 2841 1122.
683 2815 734 2841 (353
754 2815 808 2847 Cfr.
831 2815 919 2841 Praei.
941 2814 1022 2842 Ham.
1041 2815 1100 2842 959.

2051 2595 2060 2732 -.-...ι..Δ
2058 2546 2060 2558 .,
2052 2522 2060 2527 -.
