2060 3074
269 153 331 183 662
927 149 1078 176 MILONIS
1097 149 1274 176 CARMINA.

638 237 682 268 Ut
705 238 760 268 lex
783 237 888 278 prisca
911 236 1011 275 iubet,
1035 236 1142 278 typico
1166 236 1228 268 hoc
1251 246 1399 267 sermone
1421 236 1572 278 figurans,

637 290 721 321 ‘Non
744 290 871 320 auferre
896 289 1015 320 molam
1041 299 1083 320 ex
1106 289 1244 330 geminis
1266 299 1325 331 pro
1347 289 1484 331 pignore
1509 289 1676 331 cuiquam.’

639 342 777 373 Inferior
799 344 905 372 metus
929 344 989 382 est,
1013 340 1190 372 metuenda
1214 343 1264 372 cst
1286 341 1405 383 quippe
1429 340 1593 382 gehenna;

639 393 731 430 Quae
756 403 854 435 super
879 393 1029 433 excurrit,
1054 403 1128 435 spes
1153 395 1212 434 est,
1236 403 1320 435 quae
1343 392 1385 424 ad
1408 393 1496 424 celsa
1517 393 1651 424 levatur.

553 459 590 478 595
635 446 729 477 'Haec
753 445 816 476 duo
843 445 869 476 si
893 445 1007 484 socies,
1032 437 1141 487 capies
1165 455 1208 476 ex
1230 445 1350 487 polline
1374 454 1490 487 panes3

638 497 672 529 Si
696 497 791 528 tollas
814 507 924 535 unum,
947 495 1104 528 reddetur
1126 497 1239 528 inutile
1262 499 1444 538 utrumque.

637 549 781 580 Plurima
806 551 896 588 sunt,
920 549 1030 590 lapsos
1052 551 1188 591 possunt
1212 558 1295 591 quae
1319 548 1360 580 ad
1383 559 1508 580 summa
1530 549 1667 580 referre:

637 601 775 632 Fructus
799 600 996 632 elemosinae
1020 600 1250 643 lacrimaeque,
1275 601 1377 632 oratio
1399 610 1528 643 perpes,

637 653 730 684 Mens
752 653 881 684 humilis
903 663 1083 695 parcusque
1108 652 1207 692 cibus,
1231 653 1360 693 ieiunia,
1384 663 1512 684 saccus:

555 719 594 737 600
639 706 706 737 Ista
729 705 894 736 cicatrices
918 705 1053 747 quibunt
1076 704 1239 736 obducere
1262 705 1398 736 hiantes.

638 757 827 789 Planctibus
852 759 885 788 et
908 757 1049 788 lacrimis
1073 767 1092 788 a
1115 757 1211 788 sorde
1235 756 1339 788 Maria
1360 757 1451 799 piata
1474 759 1533 796 est,

639 809 730 845 Quae
755 810 846 851 largo
869 809 948 840 fletu
972 808 1090 840 Christi
1114 809 1251 851 vestigia
1274 809 1382 845 tinxit;

637 861 835 903 Flagitiosus
858 860 974 893 Achab
1000 860 1076 892 dum
1099 861 1254 904 paenitet,
1277 861 1356 892 ultio
1380 859 1502 895 tardat:

637 913 668 945 A
691 913 861 956 Babylone
885 913 970 945 redit
993 915 1205 956 compunctus
1229 912 1326 944 corde
1349 912 1533 949 Manasses;

556 979 595 998 ⁶⁰5
641 965 783 998 Crimina
806 965 1004 1008 pauperibus
1027 965 1192 997 miseratio
1216 965 1303 996 facta
1325 964 1470 996 resolvit:

641 1018 835 1050 Iustificatur
857 1018 890 1049 in
911 1017 971 1058 his,
997 1017 1084 1060 quod
1107 1018 1214 1059 signat
1237 1017 1377 1056 nomine,
1401 1016 1557 1047 Zacheus.

639 1070 683 1102 Ut
707 1070 863 1113 scriptura
887 1069 993 1109 docet,
1019 1072 1173 1112 quantum
1196 1071 1333 1111 peccata
1356 1067 1511 1108 cavenda,

642 1122 695 1154 Sic
720 1122 827 1162 etiam,
851 1121 950 1163 lapsis
974 1121 1130 1152 correctio
1155 1120 1258 1162 qualis
1281 1119 1419 1161 agenda.

639 1173 732 1205 Haec
756 1176 806 1204 est
827 1172 930 1204 herba
952 1172 1071 1212 boriht,
1094 1172 1213 1203 nitrum
1236 1170 1418 1203 mordacius
1441 1170 1502 1202 hoc
1526 1173 1586 1211 est,

557 1239 595 1258 ειο
639 1225 713 1256 Hoc
736 1225 901 1266 malagma
923 1226 1050 1266 potens,
1074 1223 1156 1255 haec
1181 1226 1231 1254 est
1254 1223 1362 1254 resina
1384 1222 1531 1254 salubris.

640 1278 756 1310 Nullus
779 1278 812 1309 in
835 1277 914 1310 orbe
938 1280 1026 1309 satus
1049 1280 1184 1320 peccato
1208 1276 1359 1308 immunis
1381 1276 1423 1307 ab
1447 1275 1547 1307 omni:

640 1331 776 1363 Delictis
799 1330 926 1362 levibus
949 1330 1037 1361 facili
1059 1329 1272 1361 medicamine
1295 1328 1468 1371 agendum,

641 1381 768 1413 Vulnus
792 1391 924 1413 enorme
948 1381 1041 1412 nimis
1065 1380 1150 1412 ferro
1175 1383 1304 1412 curetur
1327 1382 1360 1411 et
1381 1379 1458 1421 igni.

683 1442 758 1474 XV.
781 1441 842 1473 His
865 1442 1008 1474 breviter
1030 1442 1124 1473 tactis
1149 1441 1277 1473 brevius
1303 1439 1391 1483 quod
1413 1443 1516 1472 restat
1540 1450 1692 1482 agamus:

558 1508 596 1528 ωτι
640 1494 734 1527 Nunc
756 1504 855 1526 unum
879 1494 1032 1535 referam,
1056 1493 1143 1536 quod
1165 1496 1336 1535 utrumque
1361 1492 1501 1535 probare
1524 1492 1656 1533 valebit,

381 1635 434 1662 592
454 1637 560 1669 pignere
575 1635 598 1661 L
685 1634 736 1660 609
754 1635 839 1661 borith
851 1635 876 1660 L

380 1713 518 1740 592—596
541 1712 650 1746 Greyw.
670 1711 770 1738 Moraz.
791 1711 982 1738 XXXH112
1006 1711 1058 1744 (M.
1079 1711 1120 1743 76,
1133 1711 1197 1743 687)
1220 1712 1284 1737 ‘uon
1308 1709 1429 1744 accipies
1452 1709 1514 1736 loco
1538 1709 1666 1744 pignoris
1690 1709 1858 1744 superiorem
1881 1709 1933 1736 aut

275 1765 434 1792 inferiorem
462 1764 573 1791 molam*
593 1763 685 1797 (Dent.
704 1764 745 1796 24,
759 1763 788 1797 6)
808 1784 831 1790 ..
851 1762 978 1797 superior
995 1763 1091 1790 autem
1110 1763 1140 1789 et
1157 1762 1273 1788 inferior
1290 1761 1365 1788 mola
1383 1762 1426 1788 est
1443 1769 1506 1796 spes
1525 1762 1554 1788 et
1571 1761 1669 1788 timor:
1692 1769 1755 1796 spes
1773 1761 1879 1796 quippe
1895 1760 1932 1788 ad

276 1818 335 1844 alta
358 1816 502 1848 subvehit,
527 1816 612 1843 timor
640 1816 735 1842 autem
757 1823 804 1842 cor
829 1814 944 1842 inferius
972 1814 1084 1849 premit.
1121 1813 1170 1841 sed
1195 1813 1270 1841 mola
1287 1813 1420 1848 'superior
1444 1814 1474 1840 et
1498 1813 1613 1840 inferior
1634 1813 1676 1840 ita
1700 1813 1755 1840 sibi
1778 1812 1933 1840 necessario

276 1869 440 1903 iunguntur,
462 1870 494 1895 ut
512 1876 569 1894 una
588 1867 647 1894 sine
666 1867 756 1894 altera.
776 1866 917 1894 inutiliter
934 1866 1079 1893 habeatur.
1110 1866 1140 1892 in
1159 1865 1314 1900 peccatoris
1332 1865 1430 1899 itaque
1448 1866 1561 1900 pectore
1578 1865 1749 1892 incessanter
1767 1864 1851 1892 debet
1867 1872 1932 1899 spes

277 1922 306 1947 et
323 1920 444 1947 formido
469 1919 601 1954 coniungi
619 1927 640 1946 e.
654 1927 677 1953 q.
690 1927 710 1945 s.
799 1919 858 1945 601.
872 1919 924 1946 602
942 1918 1011 1945 Luc.
1032 1919 1056 1951 7,
1070 1919 1104 1946 38
1122 1919 1200 1945 stans
1219 1918 1292 1944 retro
1311 1925 1389 1944 secus
1407 1916 1492 1951 pedes
1511 1917 1570 1943 eius
1589 1916 1712 1944 lacrimi-
1730 1916 1825 1951 coepit
1841 1916 1934 1951 rigare

277 1973 361 2007 pedes
380 1972 447 1999 eius.
535 1971 586 1998 603
606 1970 713 2005 aream.
733 1970 833 1997 Hamil.
853 1971 885 1997 in
903 1967 993 1998 Ezedt.
1014 1970 1035 1997 I
1045 1971 1085 2003 10,
1098 1970 1133 1997 44
1151 1969 1248 1997 Achab
1268 1978 1315 1996 rex
1333 1969 1448 2003 iniquus
1467 1977 1484 1996 a
1502 1969 1640 2004 propheta
1658 1969 1850 2004 reprehensus,
1869 1977 1933 1996 cum

277 2026 375 2052 contra
396 2033 425 2051 se
443 2024 568 2051 divinam
588 2022 757 2050 sententiam
777 2022 912 2056 audisset,
937 2021 1085 2057 pertimuit
1104 2022 1133 2048 et
1151 2030 1254 2056 magno
1273 2029 1396 2048 maerore
1415 2021 1561 2056 depressus
1583 2022 1626 2047 est
1647 2021 1702 2052 ita,
1722 2022 1755 2048 ut
1775 2020 1931 2055 prophetae

279 2086 327 2104 suo
354 2076 483 2104 dominus
505 2075 611 2102 diceret
635 2077 736 2102 ‘nonne
759 2074 857 2101 vidisti
881 2074 1063 2101 humiliatum
1082 2073 1179 2100 Achab
1206 2081 1298 2100 coram
1321 2072 1383 2099 me?
1419 2073 1486 2107 quia
1509 2073 1599 2108 igitur
1625 2072 1790 2100 humiliatus
1812 2072 1855 2099 est
1870 2071 1934 2099 ‚mei

279 2137 374 2160 causa,
402 2136 458 2154 non
481 2127 612 2154 inducam
637 2127 742 2153 malum
767 2126 798 2153 in
817 2126 915 2153 diebus
935 2126 994 2152 eius
1014 2125 1041 2158 (3
1056 2125 1120 2159 Ray.
1140 2126 1181 2157 21,
1194 2125 1257 2158 29).·
1277 2144 1283 2150 .
1295 2145 1302 2152 .
1321 2124 1361 2152 sic
1379 2124 1403 2151 ei
1426 2125 1456 2151 in
1475 2125 1592 2160 reprobo
1615 2123 1792 2159 poenitentia
1816 2122 1934 2159 placuit.

280 2181 331 2207 604
349 2181 366 2206 2
381 2181 447 2207 Par.
458 2180 499 2207 33.
571 2179 630 2207 605.
649 2179 719 2206 Imc.
733 2179 775 2210 19,
785 2179 802 2206 8
821 2178 960 2205 Zachaeus
972 2177 1047 2204 dixit
1059 2176 1096 2204 ad
1110 2176 1254 2204 dominum
1267 2178 1338 2203 ‘ecce
1351 2176 1500 2204 dimidium
1513 2177 1649 2204 bonorum
1661 2185 1793 2208 meorum,
1811 2175 1934 2208 domine,

280 2233 316 2259 do
345 2232 516 2267 pauperibus
544 2232 584 2263 et,
613 2231 636 2258 si
664 2230 732 2265 quid
759 2230 882 2264 aliquem
911 2228 1088 2261 defraudavi,
1116 2228 1202 2255 reddo
1229 2228 1436 2264 quadruplum'.
1471 2229 1625 2264 Hieronym.
1646 2228 1739 2258 Onom.
1759 2235 1826 2255 sacr.
1845 2227 1888 2259 63,
1901 2227 1936 2262 16

281 2284 421 2311 Zachaeus
443 2283 618 2310 iustificatus.
707 2283 758 2310 609
782 2282 875 2309 Ierem.
894 2282 965 2316 222
987 2281 1010 2308 si
1034 2280 1135 2314 laveris
1158 2282 1186 2307 te
1213 2280 1288 2307 nitro
1314 2282 1343 2307 et
1365 2280 1598 2316 multiplicaveris
1621 2280 1676 2308 tibi
1698 2280 1814 2307 herbam
1831 2279 1936 2311 borith.

281 2336 422 2363 maculata
450 2343 478 2362 es
505 2335 535 2361 in
562 2334 715 2369 iniquitate
741 2336 792 2361 tua
820 2343 912 2361 coram
939 2342 997 2367 me,
1026 2333 1096 2360 dicit
1123 2332 1251 2359 dominus
1280 2332 1356 2359 deus.
1443 2333 1496 2360 610
1521 2332 1585 2366 Sap.
1611 2333 1652 2365 16,
1671 2333 1704 2359 12
1731 2339 1823 2366 neque
1849 2330 1936 2358 herba

281 2396 373 2422 neque
395 2387 537 2422 malagma
563 2387 674 2414 sanavit
699 2395 759 2419 eos,
786 2386 834 2413 sed
857 2388 936 2418 tuus,
960 2385 1085 2417 domine,
1109 2394 1219 2423 sermoQ
1236 2385 1328 2412 Imm.
1347 2385 1418 2416 51,ss
1441 2384 1535 2411 subito
1558 2383 1660 2411 cecidit
1679 2383 1819 2418 Babylonz
1843 2383 1936 2410 tollite

283 2439 403 2466 resinam
422 2439 458 2465 ad
477 2439 601 2466 dolorem
620 2439 691 2471 eius,
716 2439 739 2465 si
757 2439 829 2466 forte
851 2438 974 2465 sanetur.
1063 2437 1203 2464 514-704
1221 2436 1327 2463 Narrat
1343 2439 1367 2463 et
1385 2436 1499 2470 explicat
1518 2436 1680 2470 parabolam
1697 2435 1730 2463 dc
1745 2436 1803 2469 filio
1822 2434 1937 2470 prodigo

281 2491 438 2525 (614-624,
457 2491 604 2523 (uo—657,
623 2491 774 2525 675-704)
796 2490 981 2518 intermiscens
1000 2490 1025 2517 ci
1042 2490 1154 2516 alteram
1168 2489 1329 2523 parabolam
1352 2488 1384 2515 de
1401 2488 1521 2522 ‘saucio'‚
1539 2489 1558 2515 i.
1577 2496 1608 2515 eo
1631 2488 1679 2522 qm·
1696 2496 1758 2514 cum
1773 2487 1804 2514 ιὀι
1821 2487 1938 2514 laurona

282 2543 419 2570 incidisset
431 2545 543 2570 ewratus
555 2545 591 2570 est
601 2552 619 2569 α
629 2543 803 2569 Samaritano
816 2542 910 2575 (625-
915 2542 986 2576 639),
1000 2544 1024 2568 ct
1036 2544 1127 2576 typum
1138 2541 1170 2567 de
1178 2541 1305 2568 Abrahae
1318 2541 1400 2567 vitulo
1410 2543 1434 2567 et
1448 2539 1535 2567 Sarae
1541 2540 1661 2574 pambus
1672 2539 1709 2566 ad
1719 2539 1806 2566 ilicem
1815 2538 1939 2566 Mambre

283 2595 376 2622 oblatis
395 2595 574 2628 (659—674);
598 2597 662 2629 typo
681 2602 778 2621 rursus
803 2593 931 2621 meritur
954 2593 1034 2619 tertia
1054 2592 1186 2626 parabola
1209 2592 1240 2619 de
1263 2592 1375 2619 muliere
1395 2591 1555 2624 formatum
1576 2590 1753 2618 abscondente
1769 2589 1938 2624 (seo—863).

282 2646 421 2674 614—624
441 2646 509 2673 Lac.
530 2646 570 2677 15,
586 2647 615 2672 11
636 2646 718 2673 homo
737 2646 852 2680 quidam
870 2646 971 2673 habuit
989 2645 1058 2672 duos
1077 2645 1157 2672 filios.
1189 2666 1213 2672 ..
1234 2646 1266 2672 13
1285 2643 1491 2672 adulescentior
1507 2643 1582 2670 filius
1600 2650 1717 2678 peregre
1734 2641 1876 2676 profectus
1894 2643 1938 2668 est

283 2698 314 2724 in
331 2697 473 2732 regionem
495 2697 679 2732 longinquam
703 2699 732 2724 et
751 2697 790 2724 ibi
810 2697 960 2732 dissipavit
978 2697 1167 2724 substantia-m
1191 2705 1269 2723 suam
1289 2696 1410 2723 vivendo
1433 2695 1582 2723 luxuriose.
1619 2695 1652 2721 14
1671 2715 1677 2722 .
1689 2715 1695 2722 .
1719 2695 1749 2721 et
1765 2694 1827 2728 ipse
1844 2693 1939 2728 eoepit

284 2757 374 2784 egere.
412 2750 445 2776 15
463 2750 492 2776 et
510 2749 582 2776 abiit
601 2750 630 2776 et
648 2749 777 2776 adhaesit
796 2750 846 2776 uni
865 2749 968 2776 civium
986 2748 1109 2783 regionis
1128 2748 1218 2780 illius,
1238 2749 1268 2775 et
1285 2747 1363 2774 misit
1381 2747 1463 2774 illum
1481 2747 1510 2774 in
1528 2747 1627 2773 villam
1647 2754 1740 2778 suam,
1759 2747 1792 2772 ut
1810 2746 1939 2780 pasceret

283 2809 388 2835 porcos.
421 2802 453 2827 16
477 2802 505 2827 et
531 2800 662 2834 cupiebat
685 2801 802 2835 implere
824 2802 949 2827 ventrem
974 2809 1054 2827 suum
1079 2800 1113 2826 de
1139 2799 1262 2834 siliquis,
1291 2808 1360 2834 quas
1385 2799 1463 2834 porci
1485 2798 1708 2830 manducabant,
1731 2798 1761 2824 et
1785 2805 1867 2824 nemo
1894 2796 1939 2824 illi

1894 2844 1918 2877 ⁴:
