2060 3074
246 136 309 166 600
903 126 1054 153 MILONIS
1074 125 1250 152 CARMINA.

541 229 566 247 70
610 215 701 246 Unus
724 215 818 253 iners,
843 213 956 251 facilis,
980 213 1066 243 male
1089 211 1229 243 lubricus
1253 214 1351 253 atque
1375 210 1541 252 superbus,

614 267 730 309 Turpis
755 269 788 297 et
810 267 954 307 impurus
977 264 1121 295 scurrilia
1143 264 1262 306 probra
1285 273 1459 302 susurrans,

615 318 719 354 Quem
743 318 858 349 merito
883 317 998 358 vulgus
1021 316 1141 348 vocitat
1165 315 1355 357 cognomine
1378 314 1555 353 Mimmum,

616 370 750 402 Obstitit
772 369 886 400 infelix
910 368 1027 399 stolido
1050 367 1211 399 bachante
1235 367 1399 398 cachinno.

615 421 681 452 Sed
704 432 781 452 mox
804 423 951 462 arreptus
975 420 1073 451 miser
1095 422 1164 450 atro
1189 419 1359 459 daemone,
1382 418 1496 460 plenus

541 487 565 506 75
611 474 682 510 Quo
707 473 813 504 fuerat
836 472 972 515 pridem,
997 483 1068 503 cum
1091 472 1177 503 vitae
1201 471 1269 502 risit
1291 471 1465 510 alumnum,

614 526 691 567 Ipse
715 525 779 556 suis
802 524 952 556 manibus
975 524 1060 555 male
1085 533 1163 554 sano
1186 522 1322 554 menbra
1344 522 1452 553 furore

615 577 778 619 Discerpit
801 576 918 608 scindit
941 576 1109 618 disrumpit
1133 575 1241 617 diripit
1262 575 1335 614 urit,

615 629 768 671 Anteque
793 639 888 671 quam
912 628 1040 671 patulos
1063 627 1189 659 Herebi
1211 629 1408 658 transcurrat
1429 626 1546 665 hiatus,

616 681 683 712 Dat
707 684 831 713 certum
854 680 1015 720 indicium,
1040 680 1121 711 duce
1146 689 1208 721 quo
1234 678 1391 710 deductus
1414 677 1527 709 abiret.

545 747 570 765 80
615 733 680 765 Ore
703 744 767 765 uno
792 736 923 775 stupeas
947 732 1094 763 millenas
1118 741 1245 762 currere
1268 731 1408 771 linguas;

618 785 765 816 Tandem
789 785 944 816 distortus
967 786 1122 815 vacuatur
1144 783 1273 824 hospite
1298 784 1331 813 et
1353 781 1458 818 hoste,

619 837 681 873 Qui
704 838 849 878 ingratus
873 836 1002 867 rediens
1026 835 1166 867 animam
1189 835 1347 866 violenter
1369 833 1481 874 abegit

618 889 859 930 Abducensque
883 888 959 919 facit
982 898 1091 919 secum
1115 887 1277 929 penitrare
1301 885 1499 927 gehennam:

620 940 683 976 Qui
706 940 766 971 fuit
789 941 935 971 incentor
958 939 1083 981 culpae,
1107 938 1143 970 fit
1165 941 1267 969 tortor
1289 938 1321 969 in
1343 937 1428 979 igne.

547 1006 571 1024 85
616 992 660 1023 Et
683 992 758 1034 quia
779 995 852 1023 sunt
874 1002 939 1022 non
959 991 1047 1022 laeta
1071 990 1158 1030 satis,
1183 1000 1265 1032 quae
1289 989 1465 1028 scribimus,
1489 987 1563 1018 hinc
1582 987 1647 1018 iam

620 1043 778 1075 Tristibus
803 1043 961 1074 ommissis
985 1042 1027 1073 ad
1051 1042 1156 1073 dulcia
1178 1043 1295 1084 pergat
1317 1039 1474 1072 harundo.

663 1104 724 1136 III.
747 1104 834 1146 Ergo
857 1104 913 1135 ubi
935 1113 1015 1145 gens
1039 1106 1149 1134 sancto
1169 1104 1305 1134 vacuata
1326 1101 1443 1132 decore
1465 1099 1578 1131 relicta
1600 1100 1649 1129 est

621 1156 771 1198 Antiquis
794 1155 948 1194 tenebris,
971 1155 1073 1186 voluit
1096 1154 1171 1196 quia
1193 1163 1346 1195 spernere
1368 1153 1478 1183 lumen

622 1208 859 1239 Transmissum
882 1207 1012 1238 sibimet
1035 1216 1132 1248 quam
1155 1216 1190 1237 se
1214 1205 1419 1236 substernere
1443 1203 1516 1243 luci,

551 1273 577 1292 90
620 1260 752 1291 Lucifer
774 1260 829 1291 ille
852 1259 968 1304 nitens,
993 1269 1065 1290 cum
1087 1259 1153 1290 iam
1175 1257 1350 1300 repedaret
1373 1257 1414 1288 ab
1437 1256 1509 1295 illis,

622 1312 779 1344 Pervenit
803 1311 966 1354 quandam
989 1310 1122 1342 tandem
1145 1311 1284 1341 lassatus
1307 1309 1350 1340 ad
1372 1309 1495 1340 urbem.

624 1364 722 1396 Cuius
745 1363 928 1395 honorificis
951 1363 1082 1405 excepit
1105 1362 1275 1405 episcopus
1298 1362 1388 1392 illum

625 1416 797 1458 Obsequiis
820 1416 1001 1458 meritoque
1026 1415 1135 1446 colens
1157 1416 1346 1446 reverenter
1367 1413 1491 1444 honore

624 1468 662 1499 In
684 1468 833 1500 manibus
857 1468 955 1499 sacris
979 1467 1093 1499 latices
1115 1465 1259 1509 profudit
1282 1468 1315 1497 et
1336 1465 1423 1507 ipsos

551 1533 576 1552 95
622 1520 799 1552 Custodem
821 1520 946 1551 monuit
969 1520 1084 1551 clausis
1107 1518 1225 1550 inferre
1249 1517 1387 1549 sacellis.

624 1572 768 1604 Antistes
790 1582 930 1614 namque
953 1571 979 1603 is
1003 1574 1053 1602 sat
1075 1570 1178 1602 fidens
1201 1570 1309 1601 extitit
1330 1569 1392 1600 illis

625 1624 780 1666 Optatam
802 1623 952 1655 invalidis
975 1623 1128 1665 praeberi
1150 1632 1245 1664 posse
1268 1621 1446 1657 medelam;

627 1677 709 1719 Spes
732 1686 839 1718 neque
863 1678 930 1706 tam
953 1675 1062 1706 firmos
1086 1674 1209 1705 animos
1233 1673 1411 1705 certissima
1433 1672 1517 1703 lusit.

625 1728 787 1770 Tempore
811 1738 874 1770 quo
899 1726 1031 1769 quidam
1056 1726 1221 1758 residebat
1244 1725 1286 1757 ad
1309 1725 1391 1756 ostia
1414 1724 1527 1766 templi

543 1793 580 1812 100
623 1780 802 1820 Mendicus,
825 1779 923 1811 rebus
947 1789 1081 1821 pauper,
1105 1777 1164 1809 sed
1185 1778 1306 1818 lumine
1329 1777 1442 1808 frontis

624 1832 818 1874 Pauperi0r;
843 1842 939 1874 quem
962 1831 1023 1862 hac
1046 1830 1163 1862 affatur
1185 1840 1265 1861 voce
1288 1828 1455 1861 sacerdos:

625 1884 663 1916 ‘O
687 1884 793 1925 homo,
818 1884 845 1915 si
866 1883 943 1915 fidei
965 1883 1087 1915 retines
1110 1883 1143 1913 in
1166 1885 1300 1924 pectore
1322 1881 1439 1921 lucem,

625 1936 733 1968 Ablue
757 1946 842 1978 aqua
865 1936 991 1967 clausos
1015 1935 1135 1974 oculos,
1161 1944 1224 1976 qua
1247 1935 1375 1964 sanctus
1398 1931 1567 1964 Amandus

624 1988 738 2020 Abluit
760 1988 814 2019 ille
838 1998 965 2019 manus:
990 1987 1052 2018 hoc
1075 1985 1220 2029 spondeo
1243 1989 1275 2016 te
1299 1983 1520 2016 renovandum

544 2055 580 2073 105
624 2041 792 2083 Unguine:
817 2041 874 2072 lux
896 2040 1025 2072 rediens
1049 2040 1152 2071 caecis
1173 2039 1278 2070 infusa
1301 2038 1451 2070 fenestris

624 2094 827 2134 Monstrabit,
851 2093 953 2124 sancti
977 2095 1132 2134 quantum
1154 2091 1339 2123 benedictio
1364 2090 1462 2131 digna
1485 2092 1544 2128 est,

625 2146 695 2178 Nec
718 2156 838 2178 vacuus
862 2144 1000 2177 credens
1023 2144 1100 2176 fidei
1121 2144 1239 2175 virtute
1262 2141 1403 2175 redibis’.

624 2198 719 2230 Haec
741 2198 900 2241 promissa
925 2207 1037 2229 carens
1060 2207 1139 2228 mox
1161 2206 1286 2238 pauper
1308 2195 1429 2226 lumine
1453 2193 1588 2225 credens

625 2251 769 2293 Sumpsit
793 2260 893 2292 aquas
915 2249 1098 2291 faciemque
1121 2248 1215 2280 lavit:
1238 2247 1400 2279 medicina
1422 2246 1551 2278 lavacro

545 2315 582 2334 11⁰
626 2302 685 2334 Est
708 2302 862 2334 comitata
883 2302 953 2344 pio:
979 2311 997 2332 o
1021 2311 1128 2332 rerum
1152 2299 1331 2331 conversio!
1357 2298 1445 2330 caeci

625 2355 713 2386 Dum
737 2353 910 2396 splendent
933 2353 1026 2393 oculi,
1050 2352 1120 2384 fera
1141 2352 1253 2383 mortis
1275 2351 1384 2392 imago
1407 2350 1538 2392 repulsa
1562 2351 1620 2380 est.

626 2406 698 2446 Dic,
722 2416 812 2448 rogo,
837 2405 979 2448 quisquis
1003 2404 1092 2445 ades,
1117 2407 1236 2446 quanta
1258 2403 1375 2435 virtute
1398 2402 1532 2433 beatum

626 2458 722 2490 Hunc
745 2458 870 2489 fulsisse
894 2461 999 2499 putas,
1024 2467 1095 2488 cum
1117 2466 1273 2498 praesens
1297 2464 1431 2496 corpore
1455 2453 1595 2492 adesset,

363 2606 396 2632 72
415 2607 567 2640 cognamine
587 2607 611 2631 V
658 2606 790 2631 mimmum
809 2606 844 2630 εἰσ
862 2604 969 2630 AKVB
1051 2603 1084 2629 73
1102 2604 1210 2630 bacante
1224 2603 1281 2627 AV
1356 2601 1389 2627 81
1408 2605 1538 2627 uaeuatus
1550 2600 1608 2625 AV
1683 2599 1717 2625 83
1735 2600 1874 2625 Abducens
1888 2597 1912 2622 Δ

261 2649 312 2674 102
330 2651 423 2675 renites
443 2650 467 2673 V
515 2650 582 2682 luces
601 2650 626 2674 V
711 2648 760 2674 103
778 2649 867 2674 oculos
886 2649 987 2674 clausos
1000 2647 1025 2672 A
1114 2646 1164 2672 113
1181 2648 1257 2672 Nunc
1270 2646 1328 2671 AV

363 2727 397 2752 72
415 2726 602 2752 Baudemund.
623 2726 692 2752 V20
711 2726 781 2752 levis
799 2734 832 2752 ac
850 2725 974 2751 lubricus
993 2745 999 2752 .
1010 2745 1016 2752 .
1035 2725 1121 2758 atque
1140 2724 1225 2750 etiam
1244 2724 1312 2757 apta
1331 2722 1501 2749 cachinnans
1519 2721 1588 2748 risui
1602 2720 1694 2752 verba,
1714 2728 1797 2753 quem
1810 2718 1913 2752 vulgus

259 2778 434 2812 mimilogum
453 2778 513 2810 (alii
532 2778 623 2804 coam.-
642 2779 804 2811 iocularem)
824 2778 980 2812 appellant.
