<?xml version="1.0" encoding="UTF-8"?>
<!DOCTYPE html PUBLIC "-//W3C//DTD XHTML 1.0 Transitional//EN"
    "http://www.w3.org/TR/xhtml1/DTD/xhtml1-transitional.dtd">
<html xmlns="http://www.w3.org/1999/xhtml" xml:lang="en" lang="en">
 <head>
  <title>
</title>
<meta http-equiv="Content-Type" content="text/html;charset=utf-8" />
  <meta name='ocr-system' content='tesseract 3.04.00' />
  <meta name='ocr-capabilities' content='ocr_page ocr_carea ocr_par ocr_line ocrx_word'/>
</head>
<body>
  <div class='ocr_page' id='page_1' title='image "./monumentagerma03geseuoft/monumentagerma03geseuoft_0594.png"; bbox 0 0 2060 3074; ppageno 0'>
   <div class='ocr_carea' id='block_1_1' title="bbox 250 129 312 160">
    <p class='ocr_par' dir='ltr' id='par_1_1' title="bbox 250 129 312 160">
     <span class='ocr_line' id='line_1_1' title="bbox 250 129 312 160; baseline -0.016 0"><span class='ocrx_word' id='word_1_1' title='bbox 250 129 312 160; x_wconf 87' lang='lat'>578</span> 
     </span>
    </p>
   </div>
   <div class='ocr_carea' id='block_1_2' title="bbox 530 226 569 245">
    <p class='ocr_par' dir='ltr' id='par_1_2' title="bbox 530 226 569 245">
     <span class='ocr_line' id='line_1_2' title="bbox 530 226 569 245; baseline 0.026 -1"><span class='ocrx_word' id='word_1_2' title='bbox 530 226 569 245; x_wconf 77' lang='lat'>⁴05</span> 
     </span>
    </p>
   </div>
   <div class='ocr_carea' id='block_1_3' title="bbox 530 484 569 502">
    <p class='ocr_par' dir='ltr' id='par_1_3' title="bbox 530 484 569 502">
     <span class='ocr_line' id='line_1_3' title="bbox 530 484 569 502; baseline 0 0"><span class='ocrx_word' id='word_1_3' title='bbox 530 484 569 502; x_wconf 84' lang='grc'>410</span> 
     </span>
    </p>
   </div>
   <div class='ocr_carea' id='block_1_4' title="bbox 530 744 569 763">
    <p class='ocr_par' dir='ltr' id='par_1_4' title="bbox 530 744 569 763">
     <span class='ocr_line' id='line_1_4' title="bbox 530 744 569 763; baseline 0.026 -1"><span class='ocrx_word' id='word_1_4' title='bbox 530 744 569 763; x_wconf 81' lang='grc'>415</span> 
     </span>
    </p>
   </div>
   <div class='ocr_carea' id='block_1_5' title="bbox 532 1012 572 1031">
    <p class='ocr_par' dir='ltr' id='par_1_5' title="bbox 532 1012 572 1031">
     <span class='ocr_line' id='line_1_5' title="bbox 532 1012 572 1031; baseline 0 0"><span class='ocrx_word' id='word_1_5' title='bbox 532 1012 572 1031; x_wconf 83' lang='grc'>420</span> 
     </span>
    </p>
   </div>
   <div class='ocr_carea' id='block_1_6' title="bbox 532 1273 571 1292">
    <p class='ocr_par' dir='ltr' id='par_1_6' title="bbox 532 1273 571 1292">
     <span class='ocr_line' id='line_1_6' title="bbox 532 1273 571 1292; baseline 0 0"><span class='ocrx_word' id='word_1_6' title='bbox 532 1273 571 1292; x_wconf 84' lang='grc'>425</span> 
     </span>
    </p>
   </div>
   <div class='ocr_carea' id='block_1_7' title="bbox 533 1534 572 1553">
    <p class='ocr_par' dir='ltr' id='par_1_7' title="bbox 533 1534 572 1553">
     <span class='ocr_line' id='line_1_7' title="bbox 533 1534 572 1553; baseline 0 0"><span class='ocrx_word' id='word_1_7' title='bbox 533 1534 572 1553; x_wconf 78' lang='grc'>430</span> 
     </span>
    </p>
   </div>
   <div class='ocr_carea' id='block_1_8' title="bbox 533 1795 572 1815">
    <p class='ocr_par' dir='ltr' id='par_1_8' title="bbox 533 1795 572 1815">
     <span class='ocr_line' id='line_1_8' title="bbox 533 1795 572 1815; baseline 0.026 -1"><span class='ocrx_word' id='word_1_8' title='bbox 533 1795 572 1815; x_wconf 74' lang='lat'>435</span> 
     </span>
    </p>
   </div>
   <div class='ocr_carea' id='block_1_9' title="bbox 535 2055 575 2075">
    <p class='ocr_par' dir='ltr' id='par_1_9' title="bbox 535 2055 575 2075">
     <span class='ocr_line' id='line_1_9' title="bbox 535 2055 575 2075; baseline 0.025 -1"><span class='ocrx_word' id='word_1_9' title='bbox 535 2055 575 2075; x_wconf 74' lang='lat'>⁴40</span> 
     </span>
    </p>
   </div>
   <div class='ocr_carea' id='block_1_10' title="bbox 537 2315 576 2335">
    <p class='ocr_par' dir='ltr' id='par_1_10' title="bbox 537 2315 576 2335">
     <span class='ocr_line' id='line_1_10' title="bbox 537 2315 576 2335; baseline 0.026 -1"><span class='ocrx_word' id='word_1_10' title='bbox 537 2315 576 2335; x_wconf 86' lang='grc'>445</span> 
     </span>
    </p>
   </div>
   <div class='ocr_carea' id='block_1_11' title="bbox 539 2574 578 2593">
    <p class='ocr_par' dir='ltr' id='par_1_11' title="bbox 539 2574 578 2593">
     <span class='ocr_line' id='line_1_11' title="bbox 539 2574 578 2593; baseline 0.026 -1"><span class='ocrx_word' id='word_1_11' title='bbox 539 2574 578 2593; x_wconf 79' lang='grc'>450</span> 
     </span>
    </p>
   </div>
   <div class='ocr_carea' id='block_1_12' title="bbox 357 2723 552 2751">
    <p class='ocr_par' dir='ltr' id='par_1_12' title="bbox 357 2723 552 2751">
     <span class='ocr_line' id='line_1_12' title="bbox 357 2723 552 2751; baseline 0.005 -1"><span class='ocrx_word' id='word_1_12' title='bbox 357 2723 410 2750; x_wconf 83' lang='grc'>410</span> <span class='ocrx_word' id='word_1_13' title='bbox 427 2733 516 2751; x_wconf 78' lang='lat' dir='ltr'>semna</span> <span class='ocrx_word' id='word_1_14' title='bbox 527 2725 552 2750; x_wconf 84' lang='lat' dir='ltr'><strong><em>A</em></strong></span> 
     </span>
    </p>
   </div>
   <div class='ocr_carea' id='block_1_13' title="bbox 903 126 1249 153">
    <p class='ocr_par' dir='ltr' id='par_1_13' title="bbox 903 126 1249 153">
     <span class='ocr_line' id='line_1_13' title="bbox 903 126 1249 153; baseline -0.003 0"><span class='ocrx_word' id='word_1_15' title='bbox 903 126 1053 153; x_wconf 82' lang='lat' dir='ltr'>MILONIS</span> <span class='ocrx_word' id='word_1_16' title='bbox 1072 126 1249 153; x_wconf 82' lang='lat' dir='ltr'>CARMINA.</span> 
     </span>
    </p>
   </div>
   <div class='ocr_carea' id='block_1_14' title="bbox 613 213 1509 775">
    <p class='ocr_par' dir='ltr' id='par_1_14' title="bbox 613 213 1482 411">
     <span class='ocr_line' id='line_1_14' title="bbox 613 213 1482 256; baseline 0 -11"><span class='ocrx_word' id='word_1_17' title='bbox 613 214 736 245; x_wconf 79' lang='lat' dir='ltr'><strong>Ianitor</strong></span> <span class='ocrx_word' id='word_1_18' title='bbox 758 213 934 245; x_wconf 81' lang='lat' dir='ltr'>aethereae</span> <span class='ocrx_word' id='word_1_19' title='bbox 957 224 1034 245; x_wconf 85' lang='lat' dir='ltr'>mox</span> <span class='ocrx_word' id='word_1_20' title='bbox 1057 213 1175 245; x_wconf 89' lang='lat' dir='ltr'>Petrus</span> <span class='ocrx_word' id='word_1_21' title='bbox 1198 214 1364 256; x_wconf 87' lang='lat' dir='ltr'>apostolus</span> <span class='ocrx_word' id='word_1_22' title='bbox 1388 214 1482 245; x_wconf 86' lang='lat' dir='ltr'>aulae</span> 
     </span>
     <span class='ocr_line' id='line_1_15' title="bbox 616 265 1421 306; baseline 0 -9"><span class='ocrx_word' id='word_1_23' title='bbox 616 265 719 297; x_wconf 87' lang='lat' dir='ltr'>Veste</span> <span class='ocrx_word' id='word_1_24' title='bbox 744 265 868 303; x_wconf 81' lang='lat' dir='ltr'>alacris,</span> <span class='ocrx_word' id='word_1_25' title='bbox 892 266 982 296; x_wconf 89' lang='lat' dir='ltr'>vultu</span> <span class='ocrx_word' id='word_1_26' title='bbox 1006 265 1118 306; x_wconf 88' lang='lat' dir='ltr'>dulcis,</span> <span class='ocrx_word' id='word_1_27' title='bbox 1143 276 1291 297; x_wconf 79' lang='lat' dir='ltr'><strong>sermone</strong></span> <span class='ocrx_word' id='word_1_28' title='bbox 1315 267 1421 298; x_wconf 83' lang='lat' dir='ltr'>suavis</span> 
     </span>
     <span class='ocr_line' id='line_1_16' title="bbox 615 316 1347 359; baseline 0.001 -11"><span class='ocrx_word' id='word_1_29' title='bbox 615 317 786 359; x_wconf 85' lang='lat' dir='ltr'>Apparens</span> <span class='ocrx_word' id='word_1_30' title='bbox 810 316 936 348; x_wconf 84' lang='lat' dir='ltr'><strong>blandis</strong></span> <span class='ocrx_word' id='word_1_31' title='bbox 959 317 1082 348; x_wconf 87' lang='lat' dir='ltr'>solatur</span> <span class='ocrx_word' id='word_1_32' title='bbox 1103 318 1236 349; x_wconf 85' lang='lat' dir='ltr'>vocibus</span> <span class='ocrx_word' id='word_1_33' title='bbox 1259 318 1347 349; x_wconf 90' lang='lat' dir='ltr'>illum</span> 
     </span>
     <span class='ocr_line' id='line_1_17' title="bbox 614 369 1408 411; baseline 0.001 -12"><span class='ocrx_word' id='word_1_34' title='bbox 614 369 836 410; x_wconf 85' lang='lat' dir='ltr'>IIortaturque</span> <span class='ocrx_word' id='word_1_35' title='bbox 861 379 953 400; x_wconf 90' lang='lat' dir='ltr'>suum</span> <span class='ocrx_word' id='word_1_36' title='bbox 976 369 1083 400; x_wconf 81' lang='lat' dir='ltr'>verbis</span> <span class='ocrx_word' id='word_1_37' title='bbox 1107 370 1237 411; x_wconf 88' lang='lat' dir='ltr'>pietatis</span> <span class='ocrx_word' id='word_1_38' title='bbox 1261 370 1408 409; x_wconf 87' lang='lat' dir='ltr'>amicum,</span> 
     </span>
    </p>

    <p class='ocr_par' dir='ltr' id='par_1_15' title="bbox 613 420 1509 775">
     <span class='ocr_line' id='line_1_18' title="bbox 614 420 1509 463; baseline 0.001 -12"><span class='ocrx_word' id='word_1_39' title='bbox 614 420 658 451; x_wconf 86' lang='lat' dir='ltr'>Ut</span> <span class='ocrx_word' id='word_1_40' title='bbox 682 420 855 462; x_wconf 85' lang='lat' dir='ltr'>repedaret</span> <span class='ocrx_word' id='word_1_41' title='bbox 877 421 950 461; x_wconf 89' lang='lat' dir='ltr'>iter,</span> <span class='ocrx_word' id='word_1_42' title='bbox 974 431 1037 463; x_wconf 89' lang='lat' dir='ltr'>quo</span> <span class='ocrx_word' id='word_1_43' title='bbox 1062 424 1208 461; x_wconf 82' lang='lat' dir='ltr'>venerat,</span> <span class='ocrx_word' id='word_1_44' title='bbox 1232 421 1307 452; x_wconf 88' lang='lat' dir='ltr'>inde</span> <span class='ocrx_word' id='word_1_45' title='bbox 1331 424 1509 460; x_wconf 79' lang='lat' dir='ltr'>revertens,</span> 
     </span>
     <span class='ocr_line' id='line_1_19' title="bbox 614 471 1424 514; baseline 0.001 -12"><span class='ocrx_word' id='word_1_46' title='bbox 614 471 780 503; x_wconf 79' lang='lat' dir='ltr'>Gallorum</span> <span class='ocrx_word' id='word_1_47' title='bbox 805 475 838 504; x_wconf 86' lang='lat' dir='ltr'>et</span> <span class='ocrx_word' id='word_1_48' title='bbox 860 473 988 514; x_wconf 82' lang='lat' dir='ltr'>populis</span> <span class='ocrx_word' id='word_1_49' title='bbox 1012 475 1167 504; x_wconf 76' lang='lat' dir='ltr'>aeternae</span> <span class='ocrx_word' id='word_1_50' title='bbox 1192 473 1316 504; x_wconf 86' lang='lat' dir='ltr'>semina</span> <span class='ocrx_word' id='word_1_51' title='bbox 1338 473 1424 504; x_wconf 82' lang='lat' dir='ltr'>vitae</span> 
     </span>
     <span class='ocr_line' id='line_1_20' title="bbox 613 523 1385 566; baseline 0.003 -12"><span class='ocrx_word' id='word_1_52' title='bbox 613 523 739 555; x_wconf 85' lang='lat' dir='ltr'>Divinis</span> <span class='ocrx_word' id='word_1_53' title='bbox 762 527 887 556; x_wconf 84' lang='lat' dir='ltr'>sereret</span> <span class='ocrx_word' id='word_1_54' title='bbox 909 524 1017 556; x_wconf 86' lang='lat' dir='ltr'>verbis</span> <span class='ocrx_word' id='word_1_55' title='bbox 1041 525 1239 566; x_wconf 78' lang='lat' dir='ltr'>coleretque,</span> <span class='ocrx_word' id='word_1_56' title='bbox 1262 524 1385 566; x_wconf 80' lang='lat' dir='ltr'>rigaret</span> 
     </span>
     <span class='ocr_line' id='line_1_21' title="bbox 614 575 1472 619; baseline 0.002 -13"><span class='ocrx_word' id='word_1_57' title='bbox 614 575 862 619; x_wconf 88' lang='lat' dir='ltr'>Conversosque</span> <span class='ocrx_word' id='word_1_58' title='bbox 886 577 968 608; x_wconf 89' lang='lat' dir='ltr'>sacri</span> <span class='ocrx_word' id='word_1_59' title='bbox 991 576 1195 618; x_wconf 85' lang='lat' dir='ltr'>baptismatis</span> <span class='ocrx_word' id='word_1_60' title='bbox 1218 587 1313 608; x_wconf 90' lang='lat' dir='ltr'>amne</span> <span class='ocrx_word' id='word_1_61' title='bbox 1337 577 1472 616; x_wconf 78' lang='lat' dir='ltr'>lavaret,</span> 
     </span>
     <span class='ocr_line' id='line_1_22' title="bbox 614 628 1447 664; baseline 0.001 -5"><span class='ocrx_word' id='word_1_62' title='bbox 614 628 772 664; x_wconf 84' lang='lat' dir='ltr'>Quatinus</span> <span class='ocrx_word' id='word_1_63' title='bbox 795 628 838 660; x_wconf 85' lang='lat' dir='ltr'>ad</span> <span class='ocrx_word' id='word_1_64' title='bbox 861 628 1025 660; x_wconf 89' lang='lat' dir='ltr'>dominum</span> <span class='ocrx_word' id='word_1_65' title='bbox 1048 629 1129 660; x_wconf 89' lang='lat' dir='ltr'>tanti</span> <span class='ocrx_word' id='word_1_66' title='bbox 1151 628 1304 660; x_wconf 83' lang='lat' dir='ltr'>mercede</span> <span class='ocrx_word' id='word_1_67' title='bbox 1327 629 1447 660; x_wconf 86' lang='lat' dir='ltr'>laboris</span> 
     </span>
     <span class='ocr_line' id='line_1_23' title="bbox 615 679 1452 723; baseline 0.002 -13"><span class='ocrx_word' id='word_1_68' title='bbox 615 679 766 722; x_wconf 81' lang='lat' dir='ltr'>Frugifer</span> <span class='ocrx_word' id='word_1_69' title='bbox 788 680 948 712; x_wconf 82' lang='lat' dir='ltr'>accedens</span> <span class='ocrx_word' id='word_1_70' title='bbox 970 681 1086 712; x_wconf 85' lang='lat' dir='ltr'>messis</span> <span class='ocrx_word' id='word_1_71' title='bbox 1109 681 1268 723; x_wconf 88' lang='lat' dir='ltr'>portando</span> <span class='ocrx_word' id='word_1_72' title='bbox 1291 681 1452 723; x_wconf 87' lang='lat' dir='ltr'>maniplos</span> 
     </span>
     <span class='ocr_line' id='line_1_24' title="bbox 613 731 1380 775; baseline 0.003 -13"><span class='ocrx_word' id='word_1_73' title='bbox 613 731 764 763; x_wconf 84' lang='lat' dir='ltr'>Sumeret</span> <span class='ocrx_word' id='word_1_74' title='bbox 786 732 917 764; x_wconf 89' lang='lat' dir='ltr'>uberius</span> <span class='ocrx_word' id='word_1_75' title='bbox 938 733 1088 764; x_wconf 86' lang='lat' dir='ltr'>caelestis</span> <span class='ocrx_word' id='word_1_76' title='bbox 1110 733 1256 775; x_wconf 86' lang='lat' dir='ltr'>praemia</span> <span class='ocrx_word' id='word_1_77' title='bbox 1278 733 1380 774; x_wconf 87' lang='lat' dir='ltr'>regni.</span> 
     </span>
    </p>
   </div>
   <div class='ocr_carea' id='block_1_15' title="bbox 614 791 1618 2650">
    <p class='ocr_par' dir='ltr' id='par_1_16' title="bbox 614 791 1568 939">
     <span class='ocr_line' id='line_1_25' title="bbox 657 791 1568 835; baseline 0 -12"><span class='ocrx_word' id='word_1_78' title='bbox 657 792 731 825; x_wconf 87' lang='lat' dir='ltr'>XV.</span> <span class='ocrx_word' id='word_1_79' title='bbox 756 791 893 823; x_wconf 85' lang='lat' dir='ltr'>Sanctus</span> <span class='ocrx_word' id='word_1_80' title='bbox 916 793 1094 835; x_wconf 86' lang='lat' dir='ltr'>apostolico</span> <span class='ocrx_word' id='word_1_81' title='bbox 1119 792 1250 824; x_wconf 86' lang='lat' dir='ltr'>tandem</span> <span class='ocrx_word' id='word_1_82' title='bbox 1275 802 1424 824; x_wconf 84' lang='lat' dir='ltr'>sermone</span> <span class='ocrx_word' id='word_1_83' title='bbox 1447 792 1568 834; x_wconf 87' lang='lat' dir='ltr'>potitus</span> 
     </span>
     <span class='ocr_line' id='line_1_26' title="bbox 614 844 1468 887; baseline 0.001 -12"><span class='ocrx_word' id='word_1_84' title='bbox 614 844 780 886; x_wconf 86' lang='lat' dir='ltr'>Insignem</span> <span class='ocrx_word' id='word_1_85' title='bbox 803 844 943 876; x_wconf 84' lang='lat' dir='ltr'>Romam</span> <span class='ocrx_word' id='word_1_86' title='bbox 966 845 1134 887; x_wconf 90' lang='lat' dir='ltr'>praecelso</span> <span class='ocrx_word' id='word_1_87' title='bbox 1159 845 1298 876; x_wconf 87' lang='lat' dir='ltr'>culmine</span> <span class='ocrx_word' id='word_1_88' title='bbox 1320 845 1468 887; x_wconf 90' lang='lat' dir='ltr'>linquens</span> 
     </span>
     <span class='ocr_line' id='line_1_27' title="bbox 614 895 1425 939; baseline 0.002 -12"><span class='ocrx_word' id='word_1_89' title='bbox 614 895 768 927; x_wconf 83' lang='lat' dir='ltr'>Deseruit</span> <span class='ocrx_word' id='word_1_90' title='bbox 791 896 969 939; x_wconf 79' lang='lat' dir='ltr'>Gallosque</span> <span class='ocrx_word' id='word_1_91' title='bbox 993 896 1072 928; x_wconf 89' lang='lat' dir='ltr'>adiit</span> <span class='ocrx_word' id='word_1_92' title='bbox 1095 896 1256 929; x_wconf 87' lang='lat' dir='ltr'>medicina</span> <span class='ocrx_word' id='word_1_93' title='bbox 1278 896 1425 930; x_wconf 81' lang='lat' dir='ltr'>salubris.</span> 
     </span>
    </p>

    <p class='ocr_par' dir='ltr' id='par_1_17' title="bbox 614 948 1618 2650">
     <span class='ocr_line' id='line_1_28' title="bbox 615 948 1416 991; baseline 0 -11"><span class='ocrx_word' id='word_1_94' title='bbox 615 948 707 985; x_wconf 84' lang='lat' dir='ltr'>Quae</span> <span class='ocrx_word' id='word_1_95' title='bbox 732 959 816 991; x_wconf 90' lang='lat' dir='ltr'>spes,</span> <span class='ocrx_word' id='word_1_96' title='bbox 840 959 907 989; x_wconf 94' lang='lat' dir='ltr'>oro,</span> <span class='ocrx_word' id='word_1_97' title='bbox 931 949 990 980; x_wconf 75' lang='lat' dir='ltr'>fuit</span> <span class='ocrx_word' id='word_1_98' title='bbox 1013 948 1141 981; x_wconf 85' lang='lat' dir='ltr'>diverso</span> <span class='ocrx_word' id='word_1_99' title='bbox 1163 949 1267 980; x_wconf 90' lang='lat' dir='ltr'>limite</span> <span class='ocrx_word' id='word_1_100' title='bbox 1291 949 1416 981; x_wconf 88' lang='lat' dir='ltr'>clausas</span> 
     </span>
     <span class='ocr_line' id='line_1_29' title="bbox 617 999 1458 1041; baseline 0.001 -10"><span class='ocrx_word' id='word_1_101' title='bbox 617 999 740 1031; x_wconf 83' lang='lat' dir='ltr'>Gentes</span> <span class='ocrx_word' id='word_1_102' title='bbox 764 1003 832 1032; x_wconf 89' lang='lat' dir='ltr'>tam</span> <span class='ocrx_word' id='word_1_103' title='bbox 855 1011 971 1032; x_wconf 85' lang='lat' dir='ltr'>saevas</span> <span class='ocrx_word' id='word_1_104' title='bbox 992 1011 1091 1032; x_wconf 90' lang='lat' dir='ltr'>unum</span> <span class='ocrx_word' id='word_1_105' title='bbox 1114 1000 1336 1032; x_wconf 84' lang='lat' dir='ltr'>indubitanter</span> <span class='ocrx_word' id='word_1_106' title='bbox 1357 1000 1458 1041; x_wconf 88' lang='lat' dir='ltr'>adire,</span> 
     </span>
     <span class='ocr_line' id='line_1_30' title="bbox 615 1052 1422 1096; baseline 0 -12"><span class='ocrx_word' id='word_1_107' title='bbox 615 1052 774 1084; x_wconf 89' lang='lat' dir='ltr'>Vacceios</span> <span class='ocrx_word' id='word_1_108' title='bbox 797 1052 910 1084; x_wconf 83' lang='lat' dir='ltr'>Gallos</span> <span class='ocrx_word' id='word_1_109' title='bbox 934 1052 1066 1085; x_wconf 86' lang='lat' dir='ltr'>Sclavos</span> <span class='ocrx_word' id='word_1_110' title='bbox 1090 1053 1252 1096; x_wconf 84' lang='lat' dir='ltr'>penitrare</span> <span class='ocrx_word' id='word_1_111' title='bbox 1277 1053 1422 1085; x_wconf 86' lang='lat' dir='ltr'>feroces?</span> 
     </span>
     <span class='ocr_line' id='line_1_31' title="bbox 614 1105 1402 1148; baseline 0 -12"><span class='ocrx_word' id='word_1_112' title='bbox 614 1105 653 1136; x_wconf 89' lang='lat' dir='ltr'>In</span> <span class='ocrx_word' id='word_1_113' title='bbox 675 1108 767 1136; x_wconf 87' lang='lat' dir='ltr'>tanta</span> <span class='ocrx_word' id='word_1_114' title='bbox 789 1105 867 1137; x_wconf 80' lang='lat' dir='ltr'>fecit</span> <span class='ocrx_word' id='word_1_115' title='bbox 890 1105 967 1147; x_wconf 89' lang='lat' dir='ltr'>quid</span> <span class='ocrx_word' id='word_1_116' title='bbox 990 1115 1096 1137; x_wconf 88' lang='lat' dir='ltr'>messe</span> <span class='ocrx_word' id='word_1_117' title='bbox 1121 1105 1287 1148; x_wconf 85' lang='lat' dir='ltr'>operarius</span> <span class='ocrx_word' id='word_1_118' title='bbox 1310 1115 1402 1145; x_wconf 87' lang='lat' dir='ltr'>unus,</span> 
     </span>
     <span class='ocr_line' id='line_1_32' title="bbox 616 1156 1458 1199; baseline 0 -11"><span class='ocrx_word' id='word_1_119' title='bbox 616 1157 780 1199; x_wconf 84' lang='lat' dir='ltr'>Apparet:</span> <span class='ocrx_word' id='word_1_120' title='bbox 805 1157 939 1189; x_wconf 82' lang='lat' dir='ltr'>veniens</span> <span class='ocrx_word' id='word_1_121' title='bbox 963 1157 1083 1188; x_wconf 89' lang='lat' dir='ltr'>etenim</span> <span class='ocrx_word' id='word_1_122' title='bbox 1105 1167 1165 1199; x_wconf 91' lang='lat' dir='ltr'>per</span> <span class='ocrx_word' id='word_1_123' title='bbox 1186 1157 1288 1188; x_wconf 89' lang='lat' dir='ltr'>multa</span> <span class='ocrx_word' id='word_1_124' title='bbox 1310 1156 1458 1188; x_wconf 89' lang='lat' dir='ltr'>laborum</span> 
     </span>
     <span class='ocr_line' id='line_1_33' title="bbox 617 1208 1551 1252; baseline 0 -12"><span class='ocrx_word' id='word_1_125' title='bbox 617 1208 821 1251; x_wconf 86' lang='lat' dir='ltr'>Argumenta</span> <span class='ocrx_word' id='word_1_126' title='bbox 843 1209 965 1240; x_wconf 89' lang='lat' dir='ltr'>malum</span> <span class='ocrx_word' id='word_1_127' title='bbox 989 1209 1063 1240; x_wconf 88' lang='lat' dir='ltr'>tulit</span> <span class='ocrx_word' id='word_1_128' title='bbox 1085 1209 1184 1252; x_wconf 89' lang='lat' dir='ltr'>impia</span> <span class='ocrx_word' id='word_1_129' title='bbox 1208 1219 1356 1251; x_wconf 88' lang='lat' dir='ltr'>quaeque</span> <span class='ocrx_word' id='word_1_130' title='bbox 1379 1208 1551 1240; x_wconf 88' lang='lat' dir='ltr'>revellens.</span> 
     </span>
     <span class='ocr_line' id='line_1_34' title="bbox 617 1260 1373 1306; baseline 0 -14"><span class='ocrx_word' id='word_1_131' title='bbox 617 1260 669 1292; x_wconf 87' lang='lat' dir='ltr'>Sic</span> <span class='ocrx_word' id='word_1_132' title='bbox 691 1261 830 1303; x_wconf 92' lang='lat' dir='ltr'>populos</span> <span class='ocrx_word' id='word_1_133' title='bbox 854 1261 1063 1306; x_wconf 87' lang='lat' dir='ltr'>euangelicos</span> <span class='ocrx_word' id='word_1_134' title='bbox 1087 1261 1211 1303; x_wconf 85' lang='lat' dir='ltr'>aptavit</span> <span class='ocrx_word' id='word_1_135' title='bbox 1233 1260 1275 1292; x_wconf 90' lang='lat' dir='ltr'>ad</span> <span class='ocrx_word' id='word_1_136' title='bbox 1297 1271 1373 1292; x_wconf 91' lang='lat' dir='ltr'>usus</span> 
     </span>
     <span class='ocr_line' id='line_1_35' title="bbox 616 1312 1522 1354; baseline 0.001 -11"><span class='ocrx_word' id='word_1_137' title='bbox 616 1312 792 1354; x_wconf 87' lang='lat' dir='ltr'>Verbaque</span> <span class='ocrx_word' id='word_1_138' title='bbox 816 1315 928 1344; x_wconf 87' lang='lat' dir='ltr'>sancta</span> <span class='ocrx_word' id='word_1_139' title='bbox 952 1323 1063 1345; x_wconf 89' lang='lat' dir='ltr'>serens</span> <span class='ocrx_word' id='word_1_140' title='bbox 1086 1313 1119 1344; x_wconf 91' lang='lat' dir='ltr'>in</span> <span class='ocrx_word' id='word_1_141' title='bbox 1142 1313 1251 1344; x_wconf 88' lang='lat' dir='ltr'>caelos</span> <span class='ocrx_word' id='word_1_142' title='bbox 1274 1313 1363 1344; x_wconf 88' lang='lat' dir='ltr'>lucra</span> <span class='ocrx_word' id='word_1_143' title='bbox 1385 1313 1522 1353; x_wconf 81' lang='lat' dir='ltr'>revexit,</span> 
     </span>
     <span class='ocr_line' id='line_1_36' title="bbox 617 1364 1470 1401; baseline 0 -5"><span class='ocrx_word' id='word_1_144' title='bbox 617 1364 689 1401; x_wconf 87' lang='lat' dir='ltr'>Quo</span> <span class='ocrx_word' id='word_1_145' title='bbox 713 1364 829 1396; x_wconf 88' lang='lat' dir='ltr'>fruitur</span> <span class='ocrx_word' id='word_1_146' title='bbox 852 1365 975 1396; x_wconf 89' lang='lat' dir='ltr'>meritis</span> <span class='ocrx_word' id='word_1_147' title='bbox 999 1367 1134 1397; x_wconf 88' lang='lat' dir='ltr'>aeterna</span> <span class='ocrx_word' id='word_1_148' title='bbox 1157 1365 1190 1396; x_wconf 91' lang='lat' dir='ltr'>in</span> <span class='ocrx_word' id='word_1_149' title='bbox 1214 1365 1345 1396; x_wconf 87' lang='lat' dir='ltr'>saecula</span> <span class='ocrx_word' id='word_1_150' title='bbox 1369 1364 1470 1397; x_wconf 89' lang='lat' dir='ltr'>donis.</span> 
     </span>
     <span class='ocr_line' id='line_1_37' title="bbox 617 1417 1509 1460; baseline 0 -11"><span class='ocrx_word' id='word_1_151' title='bbox 617 1417 715 1449; x_wconf 91' lang='lat' dir='ltr'>Cuius</span> <span class='ocrx_word' id='word_1_152' title='bbox 739 1420 834 1459; x_wconf 88' lang='lat' dir='ltr'>gesta</span> <span class='ocrx_word' id='word_1_153' title='bbox 856 1428 984 1458; x_wconf 86' lang='lat' dir='ltr'>canens,</span> <span class='ocrx_word' id='word_1_154' title='bbox 1009 1428 1193 1460; x_wconf 86' lang='lat' dir='ltr'>quanquam</span> <span class='ocrx_word' id='word_1_155' title='bbox 1216 1427 1366 1449; x_wconf 89' lang='lat' dir='ltr'>sermone</span> <span class='ocrx_word' id='word_1_156' title='bbox 1390 1427 1509 1460; x_wconf 89' lang='lat' dir='ltr'>poema</span> 
     </span>
     <span class='ocr_line' id='line_1_38' title="bbox 617 1469 1510 1512; baseline 0 -11"><span class='ocrx_word' id='word_1_157' title='bbox 617 1469 794 1501; x_wconf 88' lang='lat' dir='ltr'>Conficiam</span> <span class='ocrx_word' id='word_1_158' title='bbox 817 1469 979 1510; x_wconf 88' lang='lat' dir='ltr'>stolidum,</span> <span class='ocrx_word' id='word_1_159' title='bbox 1003 1470 1091 1502; x_wconf 89' lang='lat' dir='ltr'>volui</span> <span class='ocrx_word' id='word_1_160' title='bbox 1114 1470 1176 1502; x_wconf 90' lang='lat' dir='ltr'>hoc</span> <span class='ocrx_word' id='word_1_161' title='bbox 1199 1471 1364 1512; x_wconf 88' lang='lat' dir='ltr'>complere</span> <span class='ocrx_word' id='word_1_162' title='bbox 1387 1470 1510 1510; x_wconf 90' lang='lat' dir='ltr'>libello,</span> 
     </span>
     <span class='ocr_line' id='line_1_39' title="bbox 617 1521 1487 1564; baseline 0.001 -11"><span class='ocrx_word' id='word_1_163' title='bbox 617 1521 710 1558; x_wconf 83' lang='lat' dir='ltr'>Quae</span> <span class='ocrx_word' id='word_1_164' title='bbox 734 1522 883 1554; x_wconf 85' lang='lat' dir='ltr'>iuvenilis</span> <span class='ocrx_word' id='word_1_165' title='bbox 907 1521 1013 1554; x_wconf 88' lang='lat' dir='ltr'>adhuc</span> <span class='ocrx_word' id='word_1_166' title='bbox 1036 1521 1095 1553; x_wconf 85' lang='lat' dir='ltr'>sed</span> <span class='ocrx_word' id='word_1_167' title='bbox 1117 1532 1182 1554; x_wconf 90' lang='lat' dir='ltr'>non</span> <span class='ocrx_word' id='word_1_168' title='bbox 1203 1522 1387 1554; x_wconf 81' lang='lat' dir='ltr'>iuveniliter</span> <span class='ocrx_word' id='word_1_169' title='bbox 1410 1522 1487 1564; x_wconf 84' lang='lat' dir='ltr'>egit,</span> 
     </span>
     <span class='ocr_line' id='line_1_40' title="bbox 617 1573 1570 1617; baseline -0.001 -11"><span class='ocrx_word' id='word_1_170' title='bbox 617 1574 741 1617; x_wconf 86' lang='lat' dir='ltr'>Aptum</span> <span class='ocrx_word' id='word_1_171' title='bbox 764 1584 855 1617; x_wconf 86' lang='lat' dir='ltr'>opus,</span> <span class='ocrx_word' id='word_1_172' title='bbox 878 1577 914 1606; x_wconf 88' lang='lat' dir='ltr'>ut</span> <span class='ocrx_word' id='word_1_173' title='bbox 937 1574 1062 1606; x_wconf 88' lang='lat' dir='ltr'>iuvenis</span> <span class='ocrx_word' id='word_1_174' title='bbox 1084 1574 1236 1606; x_wconf 90' lang='lat' dir='ltr'>iuvenem</span> <span class='ocrx_word' id='word_1_175' title='bbox 1257 1573 1392 1606; x_wconf 85' lang='lat' dir='ltr'>laudare</span> <span class='ocrx_word' id='word_1_176' title='bbox 1415 1584 1570 1614; x_wconf 88' lang='lat' dir='ltr'>mererer,</span> 
     </span>
     <span class='ocr_line' id='line_1_41' title="bbox 619 1625 1409 1668; baseline 0 -10"><span class='ocrx_word' id='word_1_177' title='bbox 619 1625 768 1658; x_wconf 84' lang='lat' dir='ltr'>Criminis</span> <span class='ocrx_word' id='word_1_178' title='bbox 790 1627 926 1658; x_wconf 88' lang='lat' dir='ltr'>inmensi</span> <span class='ocrx_word' id='word_1_179' title='bbox 950 1627 976 1658; x_wconf 88' lang='lat' dir='ltr'>si</span> <span class='ocrx_word' id='word_1_180' title='bbox 1001 1637 1122 1668; x_wconf 86' lang='lat' dir='ltr'>magna</span> <span class='ocrx_word' id='word_1_181' title='bbox 1143 1627 1230 1658; x_wconf 92' lang='lat' dir='ltr'>mole</span> <span class='ocrx_word' id='word_1_182' title='bbox 1254 1636 1409 1658; x_wconf 87' lang='lat' dir='ltr'>carerem.</span> 
     </span>
     <span class='ocr_line' id='line_1_42' title="bbox 617 1677 1464 1721; baseline 0 -11"><span class='ocrx_word' id='word_1_183' title='bbox 617 1677 689 1714; x_wconf 87' lang='lat' dir='ltr'>Qua</span> <span class='ocrx_word' id='word_1_184' title='bbox 711 1681 822 1710; x_wconf 86' lang='lat' dir='ltr'>tamen</span> <span class='ocrx_word' id='word_1_185' title='bbox 844 1689 864 1710; x_wconf 86' lang='lat' dir='ltr'>a</span> <span class='ocrx_word' id='word_1_186' title='bbox 887 1678 1017 1710; x_wconf 89' lang='lat' dir='ltr'>domino</span> <span class='ocrx_word' id='word_1_187' title='bbox 1041 1689 1094 1710; x_wconf 91' lang='lat' dir='ltr'>me</span> <span class='ocrx_word' id='word_1_188' title='bbox 1117 1678 1221 1710; x_wconf 88' lang='lat' dir='ltr'>fidens</span> <span class='ocrx_word' id='word_1_189' title='bbox 1243 1688 1340 1721; x_wconf 91' lang='lat' dir='ltr'>posse</span> <span class='ocrx_word' id='word_1_190' title='bbox 1363 1678 1464 1710; x_wconf 85' lang='lat' dir='ltr'>levari</span> 
     </span>
     <span class='ocr_line' id='line_1_43' title="bbox 616 1730 1420 1773; baseline 0 -11"><span class='ocrx_word' id='word_1_191' title='bbox 616 1730 781 1762; x_wconf 88' lang='lat' dir='ltr'>Pontificis</span> <span class='ocrx_word' id='word_1_192' title='bbox 803 1731 898 1762; x_wconf 89' lang='lat' dir='ltr'>huius</span> <span class='ocrx_word' id='word_1_193' title='bbox 920 1731 1072 1773; x_wconf 84' lang='lat' dir='ltr'>precibus</span> <span class='ocrx_word' id='word_1_194' title='bbox 1094 1731 1282 1773; x_wconf 87' lang='lat' dir='ltr'>meritisque</span> <span class='ocrx_word' id='word_1_195' title='bbox 1305 1731 1420 1771; x_wconf 85' lang='lat' dir='ltr'>beatis,</span> 
     </span>
     <span class='ocr_line' id='line_1_44' title="bbox 617 1778 1456 1825; baseline -0.001 -10"><span class='ocrx_word' id='word_1_196' title='bbox 617 1782 679 1819; x_wconf 82' lang='lat' dir='ltr'>Qui</span> <span class='ocrx_word' id='word_1_197' title='bbox 703 1783 764 1815; x_wconf 90' lang='lat' dir='ltr'>sibi</span> <span class='ocrx_word' id='word_1_198' title='bbox 787 1794 852 1815; x_wconf 89' lang='lat' dir='ltr'>non</span> <span class='ocrx_word' id='word_1_199' title='bbox 874 1783 988 1824; x_wconf 90' lang='lat' dir='ltr'>solum,</span> <span class='ocrx_word' id='word_1_200' title='bbox 1013 1782 1072 1821; x_wconf 85' lang='lat' dir='ltr'>sed</span> <span class='ocrx_word' id='word_1_201' title='bbox 1094 1785 1209 1815; x_wconf 88' lang='lat' dir='ltr'>cuncto</span> <span class='ocrx_word' id='word_1_202' title='bbox 1232 1782 1353 1825; x_wconf 79' lang='lat' dir='ltr'>profuit</span> <span class='ocrx_word' id='word_1_203' title='bbox 1376 1778 1456 1822; x_wconf 83' lang='lat' dir='ltr'>orbi,</span> 
     </span>
     <span class='ocr_line' id='line_1_45' title="bbox 617 1834 1546 1878; baseline -0.001 -11"><span class='ocrx_word' id='word_1_204' title='bbox 617 1834 762 1867; x_wconf 89' lang='lat' dir='ltr'>Obsecro</span> <span class='ocrx_word' id='word_1_205' title='bbox 786 1846 883 1878; x_wconf 87' lang='lat' dir='ltr'>posco</span> <span class='ocrx_word' id='word_1_206' title='bbox 908 1846 1023 1878; x_wconf 87' lang='lat' dir='ltr'>precor</span> <span class='ocrx_word' id='word_1_207' title='bbox 1045 1835 1239 1878; x_wconf 87' lang='lat' dir='ltr'>iugibusque</span> <span class='ocrx_word' id='word_1_208' title='bbox 1263 1835 1438 1878; x_wconf 82' lang='lat' dir='ltr'>expostulo</span> <span class='ocrx_word' id='word_1_209' title='bbox 1461 1835 1546 1867; x_wconf 82' lang='lat' dir='ltr'>votis</span> 
     </span>
     <span class='ocr_line' id='line_1_46' title="bbox 619 1886 1618 1931; baseline 0 -13"><span class='ocrx_word' id='word_1_210' title='bbox 619 1886 815 1930; x_wconf 84' lang='lat' dir='ltr'>Suppliciter</span> <span class='ocrx_word' id='word_1_211' title='bbox 838 1888 987 1931; x_wconf 83' lang='lat' dir='ltr'>supplex,</span> <span class='ocrx_word' id='word_1_212' title='bbox 1011 1888 1178 1919; x_wconf 90' lang='lat' dir='ltr'>minimum</span> <span class='ocrx_word' id='word_1_213' title='bbox 1201 1890 1237 1919; x_wconf 90' lang='lat' dir='ltr'>ut</span> <span class='ocrx_word' id='word_1_214' title='bbox 1259 1888 1430 1919; x_wconf 85' lang='lat' dir='ltr'>miseratus</span> <span class='ocrx_word' id='word_1_215' title='bbox 1453 1887 1618 1919; x_wconf 88' lang='lat' dir='ltr'>alumnum</span> 
     </span>
     <span class='ocr_line' id='line_1_47' title="bbox 618 1939 1434 1983; baseline 0 -11"><span class='ocrx_word' id='word_1_216' title='bbox 618 1939 823 1982; x_wconf 88' lang='lat' dir='ltr'>Ignoscendo</span> <span class='ocrx_word' id='word_1_217' title='bbox 846 1950 942 1972; x_wconf 88' lang='lat' dir='ltr'>meae</span> <span class='ocrx_word' id='word_1_218' title='bbox 966 1940 1146 1983; x_wconf 84' lang='lat' dir='ltr'>disrumpat</span> <span class='ocrx_word' id='word_1_219' title='bbox 1166 1940 1295 1972; x_wconf 85' lang='lat' dir='ltr'>vincula</span> <span class='ocrx_word' id='word_1_220' title='bbox 1318 1940 1434 1982; x_wconf 85' lang='lat' dir='ltr'>culpae</span> 
     </span>
     <span class='ocr_line' id='line_1_48' title="bbox 619 1991 1605 2035; baseline -0.001 -11"><span class='ocrx_word' id='word_1_221' title='bbox 619 1991 774 2033; x_wconf 87' lang='lat' dir='ltr'>Christus,</span> <span class='ocrx_word' id='word_1_222' title='bbox 800 1992 1023 2035; x_wconf 86' lang='lat' dir='ltr'>cunctipotens</span> <span class='ocrx_word' id='word_1_223' title='bbox 1046 1992 1213 2024; x_wconf 89' lang='lat' dir='ltr'>hominum</span> <span class='ocrx_word' id='word_1_224' title='bbox 1235 1994 1404 2035; x_wconf 83' lang='lat' dir='ltr'>reparator</span> <span class='ocrx_word' id='word_1_225' title='bbox 1427 1994 1461 2023; x_wconf 90' lang='lat' dir='ltr'>et</span> <span class='ocrx_word' id='word_1_226' title='bbox 1483 1994 1605 2032; x_wconf 81' lang='lat' dir='ltr'>auctor,</span> 
     </span>
     <span class='ocr_line' id='line_1_49' title="bbox 619 2043 1522 2087; baseline 0 -11"><span class='ocrx_word' id='word_1_227' title='bbox 619 2043 739 2085; x_wconf 88' lang='lat' dir='ltr'>Aurea,</span> <span class='ocrx_word' id='word_1_228' title='bbox 764 2055 874 2087; x_wconf 88' lang='lat' dir='ltr'>posco,</span> <span class='ocrx_word' id='word_1_229' title='bbox 898 2045 986 2087; x_wconf 88' lang='lat' dir='ltr'>prius</span> <span class='ocrx_word' id='word_1_230' title='bbox 1009 2045 1160 2087; x_wconf 87' lang='lat' dir='ltr'>propriae</span> <span class='ocrx_word' id='word_1_231' title='bbox 1185 2055 1282 2087; x_wconf 87' lang='lat' dir='ltr'>quam</span> <span class='ocrx_word' id='word_1_232' title='bbox 1305 2045 1414 2076; x_wconf 88' lang='lat' dir='ltr'>taenia</span> <span class='ocrx_word' id='word_1_233' title='bbox 1436 2044 1522 2076; x_wconf 83' lang='lat' dir='ltr'>vitae</span> 
     </span>
     <span class='ocr_line' id='line_1_50' title="bbox 620 2095 1418 2139; baseline 0 -11"><span class='ocrx_word' id='word_1_234' title='bbox 620 2095 742 2128; x_wconf 84' lang='lat' dir='ltr'>Effluat</span> <span class='ocrx_word' id='word_1_235' title='bbox 765 2099 798 2128; x_wconf 88' lang='lat' dir='ltr'>et</span> <span class='ocrx_word' id='word_1_236' title='bbox 822 2096 905 2128; x_wconf 84' lang='lat' dir='ltr'>funis</span> <span class='ocrx_word' id='word_1_237' title='bbox 929 2096 1083 2139; x_wconf 83' lang='lat' dir='ltr'>fugiendo</span> <span class='ocrx_word' id='word_1_238' title='bbox 1108 2099 1282 2139; x_wconf 85' lang='lat' dir='ltr'>argenteus</span> <span class='ocrx_word' id='word_1_239' title='bbox 1304 2107 1418 2128; x_wconf 85' lang='lat' dir='ltr'>urnam</span> 
     </span>
     <span class='ocr_line' id='line_1_51' title="bbox 621 2147 1545 2191; baseline 0.001 -12"><span class='ocrx_word' id='word_1_240' title='bbox 621 2147 811 2190; x_wconf 86' lang='lat' dir='ltr'>Confringat</span> <span class='ocrx_word' id='word_1_241' title='bbox 834 2148 947 2189; x_wconf 87' lang='lat' dir='ltr'>carnis,</span> <span class='ocrx_word' id='word_1_242' title='bbox 971 2150 1121 2180; x_wconf 88' lang='lat' dir='ltr'>cunctum</span> <span class='ocrx_word' id='word_1_243' title='bbox 1145 2147 1353 2191; x_wconf 84' lang='lat' dir='ltr'>effundatque</span> <span class='ocrx_word' id='word_1_244' title='bbox 1377 2148 1545 2191; x_wconf 90' lang='lat' dir='ltr'>liquorem.</span> 
     </span>
     <span class='ocr_line' id='line_1_52' title="bbox 620 2199 1498 2242; baseline 0 -10"><span class='ocrx_word' id='word_1_245' title='bbox 620 2200 780 2232; x_wconf 85' lang='lat' dir='ltr'>Iustitiam</span> <span class='ocrx_word' id='word_1_246' title='bbox 802 2203 924 2240; x_wconf 91' lang='lat' dir='ltr'>metuo,</span> <span class='ocrx_word' id='word_1_247' title='bbox 948 2199 991 2231; x_wconf 86' lang='lat' dir='ltr'>ad</span> <span class='ocrx_word' id='word_1_248' title='bbox 1012 2200 1169 2242; x_wconf 86' lang='lat' dir='ltr'>pietatem</span> <span class='ocrx_word' id='word_1_249' title='bbox 1193 2210 1285 2232; x_wconf 91' lang='lat' dir='ltr'>curro</span> <span class='ocrx_word' id='word_1_250' title='bbox 1308 2200 1498 2242; x_wconf 83' lang='lat' dir='ltr'>benignam:</span> 
     </span>
     <span class='ocr_line' id='line_1_53' title="bbox 620 2251 1475 2294; baseline 0 -11"><span class='ocrx_word' id='word_1_251' title='bbox 620 2251 669 2283; x_wconf 90' lang='lat' dir='ltr'>Sit</span> <span class='ocrx_word' id='word_1_252' title='bbox 690 2252 772 2294; x_wconf 87' lang='lat' dir='ltr'>pius,</span> <span class='ocrx_word' id='word_1_253' title='bbox 797 2261 864 2292; x_wconf 89' lang='lat' dir='ltr'>oro,</span> <span class='ocrx_word' id='word_1_254' title='bbox 887 2251 967 2283; x_wconf 90' lang='lat' dir='ltr'>mihi</span> <span class='ocrx_word' id='word_1_255' title='bbox 991 2254 1024 2283; x_wconf 92' lang='lat' dir='ltr'>et</span> <span class='ocrx_word' id='word_1_256' title='bbox 1046 2251 1137 2283; x_wconf 89' lang='lat' dir='ltr'>iustis</span> <span class='ocrx_word' id='word_1_257' title='bbox 1160 2251 1350 2283; x_wconf 86' lang='lat' dir='ltr'>iustissimus</span> <span class='ocrx_word' id='word_1_258' title='bbox 1374 2255 1475 2284; x_wconf 84' lang='lat' dir='ltr'>extet.</span> 
     </span>
     <span class='ocr_line' id='line_1_54' title="bbox 620 2303 1526 2347; baseline 0 -12"><span class='ocrx_word' id='word_1_259' title='bbox 620 2303 708 2346; x_wconf 84' lang='lat' dir='ltr'>Ergo</span> <span class='ocrx_word' id='word_1_260' title='bbox 731 2304 809 2336; x_wconf 90' lang='lat' dir='ltr'>boni</span> <span class='ocrx_word' id='word_1_261' title='bbox 830 2304 982 2335; x_wconf 85' lang='lat' dir='ltr'>meritam</span> <span class='ocrx_word' id='word_1_262' title='bbox 1005 2306 1139 2335; x_wconf 83' lang='lat' dir='ltr'>teneant</span> <span class='ocrx_word' id='word_1_263' title='bbox 1160 2303 1193 2335; x_wconf 89' lang='lat' dir='ltr'>in</span> <span class='ocrx_word' id='word_1_264' title='bbox 1215 2314 1351 2336; x_wconf 88' lang='lat' dir='ltr'>munere</span> <span class='ocrx_word' id='word_1_265' title='bbox 1372 2304 1526 2347; x_wconf 87' lang='lat' dir='ltr'>palmam,</span> 
     </span>
     <span class='ocr_line' id='line_1_55' title="bbox 620 2355 1546 2397; baseline 0.001 -11"><span class='ocrx_word' id='word_1_266' title='bbox 620 2355 666 2386; x_wconf 94' lang='lat' dir='ltr'>At</span> <span class='ocrx_word' id='word_1_267' title='bbox 688 2355 836 2387; x_wconf 90' lang='lat' dir='ltr'>mihimet</span> <span class='ocrx_word' id='word_1_268' title='bbox 857 2355 1003 2386; x_wconf 88' lang='lat' dir='ltr'>flammas</span> <span class='ocrx_word' id='word_1_269' title='bbox 1026 2355 1104 2387; x_wconf 89' lang='lat' dir='ltr'>satis</span> <span class='ocrx_word' id='word_1_270' title='bbox 1128 2358 1178 2386; x_wconf 89' lang='lat' dir='ltr'>est</span> <span class='ocrx_word' id='word_1_271' title='bbox 1200 2356 1353 2387; x_wconf 85' lang='lat' dir='ltr'>transisse</span> <span class='ocrx_word' id='word_1_272' title='bbox 1376 2355 1546 2397; x_wconf 83' lang='lat' dir='ltr'>gehennae</span> 
     </span>
     <span class='ocr_line' id='line_1_56' title="bbox 619 2406 1428 2449; baseline 0 -11"><span class='ocrx_word' id='word_1_273' title='bbox 619 2406 663 2438; x_wconf 88' lang='lat' dir='ltr'>Et</span> <span class='ocrx_word' id='word_1_274' title='bbox 685 2407 814 2439; x_wconf 80' lang='lat' dir='ltr'>veniam</span> <span class='ocrx_word' id='word_1_275' title='bbox 836 2407 938 2439; x_wconf 92' lang='lat' dir='ltr'>multo</span> <span class='ocrx_word' id='word_1_276' title='bbox 961 2417 1021 2449; x_wconf 91' lang='lat' dir='ltr'>pro</span> <span class='ocrx_word' id='word_1_277' title='bbox 1045 2407 1177 2438; x_wconf 88' lang='lat' dir='ltr'>crimine</span> <span class='ocrx_word' id='word_1_278' title='bbox 1200 2407 1428 2449; x_wconf 89' lang='lat' dir='ltr'>promeruisse.</span> 
     </span>
     <span class='ocr_line' id='line_1_57' title="bbox 619 2458 1484 2502; baseline 0.001 -12"><span class='ocrx_word' id='word_1_279' title='bbox 619 2458 722 2501; x_wconf 90' lang='lat' dir='ltr'>Nigra</span> <span class='ocrx_word' id='word_1_280' title='bbox 743 2469 803 2502; x_wconf 86' lang='lat' dir='ltr'>per</span> <span class='ocrx_word' id='word_1_281' title='bbox 825 2459 975 2491; x_wconf 88' lang='lat' dir='ltr'>albentes</span> <span class='ocrx_word' id='word_1_282' title='bbox 998 2458 1181 2491; x_wconf 76' lang='lat' dir='ltr'>diffundens</span> <span class='ocrx_word' id='word_1_283' title='bbox 1204 2459 1329 2491; x_wconf 83' lang='lat' dir='ltr'>semina</span> <span class='ocrx_word' id='word_1_284' title='bbox 1352 2469 1484 2502; x_wconf 86' lang='lat' dir='ltr'>campos</span> 
     </span>
     <span class='ocr_line' id='line_1_58' title="bbox 620 2510 1334 2554; baseline 0 -11"><span class='ocrx_word' id='word_1_285' title='bbox 620 2510 740 2543; x_wconf 91' lang='lat' dir='ltr'>Lassus</span> <span class='ocrx_word' id='word_1_286' title='bbox 763 2511 851 2543; x_wconf 87' lang='lat' dir='ltr'>fasce</span> <span class='ocrx_word' id='word_1_287' title='bbox 875 2511 966 2553; x_wconf 85' lang='lat' dir='ltr'>gravi</span> <span class='ocrx_word' id='word_1_288' title='bbox 989 2511 1151 2554; x_wconf 87' lang='lat' dir='ltr'>completa</span> <span class='ocrx_word' id='word_1_289' title='bbox 1173 2511 1245 2543; x_wconf 89' lang='lat' dir='ltr'>luce</span> <span class='ocrx_word' id='word_1_290' title='bbox 1270 2510 1334 2543; x_wconf 89' lang='lat' dir='ltr'>diei</span> 
     </span>
     <span class='ocr_line' id='line_1_59' title="bbox 623 2561 1498 2605; baseline 0.001 -11"><span class='ocrx_word' id='word_1_291' title='bbox 623 2561 787 2605; x_wconf 83' lang='lat' dir='ltr'>Spargere</span> <span class='ocrx_word' id='word_1_292' title='bbox 809 2563 875 2594; x_wconf 83' lang='lat' dir='ltr'>iam</span> <span class='ocrx_word' id='word_1_293' title='bbox 898 2573 990 2595; x_wconf 84' lang='lat' dir='ltr'>cesso</span> <span class='ocrx_word' id='word_1_294' title='bbox 1013 2563 1165 2605; x_wconf 84' lang='lat' dir='ltr'>factoque</span> <span class='ocrx_word' id='word_1_295' title='bbox 1188 2563 1240 2595; x_wconf 90' lang='lat' dir='ltr'>hic</span> <span class='ocrx_word' id='word_1_296' title='bbox 1261 2563 1326 2595; x_wconf 87' lang='lat' dir='ltr'>fine</span> <span class='ocrx_word' id='word_1_297' title='bbox 1348 2573 1498 2605; x_wconf 84' lang='lat' dir='ltr'>repauso.</span> 
     </span>
     <span class='ocr_line' id='line_1_60' title="bbox 659 2622 1509 2650; baseline 0.002 -2"><span class='ocrx_word' id='word_1_298' title='bbox 659 2622 761 2649; x_wconf 84' lang='lat' dir='ltr'>FINIT</span> <span class='ocrx_word' id='word_1_299' title='bbox 780 2622 891 2649; x_wconf 82' lang='lat' dir='ltr'><strong>LIBER</strong></span> <span class='ocrx_word' id='word_1_300' title='bbox 910 2622 1046 2650; x_wconf 83' lang='lat' dir='ltr'>PRIMUS</span> <span class='ocrx_word' id='word_1_301' title='bbox 1065 2643 1071 2650; x_wconf 92' lang='lat'><strong><em>.</em></strong></span> <span class='ocrx_word' id='word_1_302' title='bbox 1091 2623 1214 2650; x_wconf 81' lang='lat' dir='ltr'><strong>HABET</strong></span> <span class='ocrx_word' id='word_1_303' title='bbox 1234 2622 1372 2650; x_wconf 79' lang='lat' dir='ltr'>VERSUS</span> <span class='ocrx_word' id='word_1_304' title='bbox 1391 2622 1509 2650; x_wconf 88' lang='lat' dir='ltr'>CCCCL.</span> 
     </span>
    </p>
   </div>
   <div class='ocr_carea' id='block_1_16' title="bbox 621 2725 1493 2761">
    <p class='ocr_par' dir='ltr' id='par_1_18' title="bbox 621 2725 1493 2761">
     <span class='ocr_line' id='line_1_61' title="bbox 621 2725 1493 2761; baseline 0 -9"><span class='ocrx_word' id='word_1_305' title='bbox 621 2725 673 2752; x_wconf 85' lang='lat'>433</span> <span class='ocrx_word' id='word_1_306' title='bbox 690 2727 773 2752; x_wconf 81' lang='lat' dir='ltr'>lavari</span> <span class='ocrx_word' id='word_1_307' title='bbox 783 2726 808 2752; x_wconf 80' lang='lat' dir='ltr'><em>A</em></span> <span class='ocrx_word' id='word_1_308' title='bbox 879 2725 930 2753; x_wconf 81' lang='lat'>446</span> <span class='ocrx_word' id='word_1_309' title='bbox 947 2726 1015 2753; x_wconf 76' lang='lat' dir='ltr'>EtA</span> <span class='ocrx_word' id='word_1_310' title='bbox 1069 2727 1148 2754; x_wconf 80' lang='lat' dir='ltr'>habet</span> <span class='ocrx_word' id='word_1_311' title='bbox 1159 2725 1187 2754; x_wconf 86' lang='lat' dir='ltr'>i&#39;i.</span> <span class='ocrx_word' id='word_1_312' title='bbox 1200 2728 1292 2754; x_wconf 88' lang='lat' dir='ltr'>CCCC.</span> <span class='ocrx_word' id='word_1_313' title='bbox 1305 2729 1335 2753; x_wconf 92' lang='lat' dir='ltr'>L.</span> <span class='ocrx_word' id='word_1_314' title='bbox 1348 2726 1382 2761; x_wconf 90' lang='lat' dir='ltr'>B]</span> <span class='ocrx_word' id='word_1_315' title='bbox 1402 2736 1451 2754; x_wconf 88' lang='lat' dir='ltr'>om.</span> <span class='ocrx_word' id='word_1_316' title='bbox 1467 2727 1493 2752; x_wconf 88' lang='lat' dir='ltr'><strong><em>V</em></strong></span> 
     </span>
    </p>
   </div>
   <div class='ocr_carea' id='block_1_17' title="bbox 358 2783 1740 2821">
    <p class='ocr_par' dir='ltr' id='par_1_19' title="bbox 358 2783 1740 2821">
     <span class='ocr_line' id='line_1_62' title="bbox 358 2783 1740 2821; baseline 0.004 -12"><span class='ocrx_word' id='word_1_317' title='bbox 358 2783 496 2810; x_wconf 79' lang='lat'>440-442</span> <span class='ocrx_word' id='word_1_318' title='bbox 515 2784 569 2816; x_wconf 78' lang='lat' dir='ltr'>C&#39;sr.</span> <span class='ocrx_word' id='word_1_319' title='bbox 591 2784 694 2812; x_wconf 81' lang='lat' dir='ltr'>Heirici</span> <span class='ocrx_word' id='word_1_320' title='bbox 712 2786 767 2812; x_wconf 78' lang='lat' dir='ltr'>vita</span> <span class='ocrx_word' id='word_1_321' title='bbox 785 2785 812 2813; x_wconf 78' lang='lat' dir='ltr'>S.</span> <span class='ocrx_word' id='word_1_322' title='bbox 827 2785 915 2813; x_wconf 70' lang='lat' dir='ltr'>Germ.</span> <span class='ocrx_word' id='word_1_323' title='bbox 934 2786 978 2814; x_wconf 88' lang='lat' dir='ltr'>VI</span> <span class='ocrx_word' id='word_1_324' title='bbox 986 2787 1133 2814; x_wconf 79' lang='lat'><strong>636—653.</strong></span> <span class='ocrx_word' id='word_1_325' title='bbox 1220 2787 1273 2814; x_wconf 79' lang='lat'>448</span> <span class='ocrx_word' id='word_1_326' title='bbox 1291 2787 1373 2821; x_wconf 84' lang='lat' dir='ltr'>nigra</span> <span class='ocrx_word' id='word_1_327' title='bbox 1392 2787 1499 2814; x_wconf 77' lang='lat' dir='ltr'>semina</span> <span class='ocrx_word' id='word_1_328' title='bbox 1515 2787 1533 2815; x_wconf 71' lang='lat' dir='ltr'>i.</span> <span class='ocrx_word' id='word_1_329' title='bbox 1552 2790 1740 2814; x_wconf 78' lang='lat' dir='ltr'>atramentum.</span> 
     </span>
    </p>
   </div>
  </div>
 </body>
</html>
