2040 2996
770 145 879 172 mesu.
898 145 1093 172 SECUNDUS.
1713 150 1752 180 27

391 241 417 261 ⁷⁰
473 233 601 266 Audio?
625 233 700 276 quid
725 235 850 264 tantum
873 232 980 275 plebis
1004 242 1180 264 concursus
1204 233 1243 264 ad
1267 234 1346 265 illud

473 286 688 319 Pervehitur?
711 284 846 320 Verum,
871 284 1000 324 coniux,
1024 295 1065 315 an
1089 284 1172 316 falsa
1194 284 1365 317 videntur?

473 338 620 370 Aestimo
643 337 726 369 falsa
748 336 853 378 magis
877 336 1029 378 vulgares
1053 336 1099 367 ire
1123 346 1182 378 per
1203 346 1313 368 aures:

474 389 623 432 Martyrii
646 388 761 431 dignas
785 388 884 419 talem
907 387 1064 419 meruisse
1089 398 1240 423 coronam

472 441 606 474 Talibus
629 440 791 483 auspitiis,
816 439 923 479 credo,
948 442 999 470 est
1022 439 1137 471 delusa
1159 442 1299 472 caterva.

392 506 416 524 ⁷⁵
476 496 542 528 Sed
565 499 685 534 tamen,
707 497 745 525 ut
768 495 875 524 certos
898 491 1000 523 faciat
1022 502 1092 531 noe,
1116 492 1247 524 nuntius
1271 492 1367 531 adsit,

473 549 602 591 Quique
625 549 680 579 eat
703 548 737 577 et
759 542 873 576 redeat
896 543 1018 586 rapidis
1043 544 1104 575 sub
1129 544 1296 586 gressibus
1321 544 1360 575 ad
1384 555 1460 580 nos:

474 601 573 633 Certa
594 599 706 631 ferens
728 596 846 628 dubios
871 599 962 627 curet
985 595 1164 627 dissolvere
1187 595 1302 628 nodos.

472 652 580 692 Unde,
603 660 676 693 age,
699 658 774 681 care
796 658 917 685 comes,
941 647 1059 689 aliquis
1083 648 1228 679 mittatur
1251 648 1411 687 alumnus,

473 705 598 746 Pei-gat
617 706 650 735 et
673 701 714 734 ad
737 700 899 732 tumulum
921 699 1043 739 veniat,
1068 700 1122 741 qui
1146 702 1261 731 cuncta
1284 699 1446 741 requirat'.

337 753 344 755 ⁴
391 766 416 784 ω
471 756 616 789 Portitor
637 753 680 786 ad
701 752 861 785 tumulum
884 751 1037 793 gradiens
1061 751 1190 783 edicere
1214 751 1310 783 iussit

473 806 645 846 Custodes,
668 805 741 837 istis
765 814 849 846 quae
872 804 915 835 sit
938 803 1103 835 sententia
1125 803 1217 835 firma

473 860 597 899 Rebus,
620 868 705 901 quse
728 856 870 899 populus
895 857 1041 891 resouat;
1065 855 1119 897 qui
1142 866 1221 887 vera
1242 855 1395 887 fatentur.

473 911 615 944 Nuntius
637 910 693 942 ille
716 909 815 940 miser
838 910 987 939 sanctum
1010 907 1179 940 celebrare
1203 908 1410 950 sepulchrum

473 963 608 995 Distulit
630 972 668 994 ac
690 971 811 993 vacuas
834 959 1083 1002 deprompserat
1106 969 1162 991 ore
1186 959 1351 1001 loquelas:

323 1038 336 1050 -.
391 1023 415 1042 ⁸⁵
473 1015 633 1047 ‘Mortuus
654 1013 708 1044 hic
731 1012 893 1057 recubans
917 1011 973 1042 vili
997 1011 1058 1042 sub
1082 1011 1206 1053 cespite
1229 1010 1358 1050 tectus',

473 1065 600 1108 Inquid,
625 1067 700 1097 ‘uon
723 1063 845 1107 poterit
866 1062 1007 1095 validam
1030 1066 1198 1105 praestare
1221 1062 1404 1094 medelam'.

473 1118 567 1150 Haec
591 1117 678 1149 fatus
702 1125 846 1154 vaecors,
870 1114 1009 1157 pedibus
1032 1125 1110 1146 mox
1133 1114 1272 1157 perculit
1294 1124 1419 1152 urnam,

471 1169 664 1213 Despitiens
687 1167 778 1200 abiit.
816 1166 998 1198 Confestim
1020 1166 1123 1208 pestis
1146 1166 1257 1208 iniqua

472 1222 615 1265 Corripit
637 1221 733 1260 hunc,
756 1219 872 1259 donec,
895 1219 1043 1251 lacerans
1066 1229 1104 1250 ac
1129 1218 1254 1250 viscera
1276 1221 1440 1260 torquens,

391 1282 416 1300 ⁹⁰
473 1273 637 1306 Tristibus
661 1271 811 1314 exequiis
833 1271 933 1302 vitam
957 1281 1029 1302 curn
1054 1270 1118 1302 fine
1142 1269 1291 1312 reliquid.

473 1344 512 1350 --
536 1325 610 1357 Non
631 1324 735 1356 risere
757 1326 815 1356 tuo
839 1322 993 1363 adventu,
1018 1333 1078 1354 nec
1101 1321 1222 1364 gaudia
1243 1324 1352 1364 portas

473 1378 536 1410 His
559 1377 666 1409 laetus
689 1375 841 1415 dominis,
865 1375 920 1418 qui
943 1379 976 1407 te
1000 1375 1131 1414 misere,
1154 1374 1269 1406 viator.

471 1429 571 1462 Disce
594 1429 659 1461 tuis
683 1427 799 1472 poenis
822 1427 947 1459 nullum
971 1430 1202 1469 contempnere
1227 1429 1388 1457 sanctum:

474 1482 612 1514 Sanctos
635 1481 691 1523 qui
713 1479 841 1519 temnit,
864 1479 1029 1511 dominum
1053 1481 1262 1510 contemnere
1286 1481 1410 1510 certum
1432 1480 1496 1513 est;

390 1542 415 1560 ⁹⁵
474 1533 659 1566 Poblitibus
681 1532 800 1564 melius
822 1531 918 1564 flexis
941 1541 1055 1563 orasse
1077 1531 1210 1562 beatum

470 1586 620 1629 Namque
642 1585 743 1624 roret,
765 1584 887 1628 plantis
910 1594 1007 1626 quem
1031 1593 1156 1615 sacram
1180 1582 1316 1614 tundere
1339 1582 1494 1614 tumbam.
1518 1600 1558 1604 —

540 1637 709 1670 Pendulus
732 1639 912 1679 expectans
935 1635 1111 1675 Ebroinus,
1135 1635 1273 1677 portitor
1295 1633 1336 1665 ad
1361 1645 1395 1665 se

473 1689 558 1727 Quid
581 1689 676 1728 ferat,
700 1691 734 1720 et
755 1687 874 1720 dubius
898 1688 988 1719 varia
1011 1698 1085 1719 cum
1108 1690 1217 1718 mente
1241 1685 1399 1720 nutabat:-

471 1741 521 1773 Ac
545 1750 656 1774 secum
678 1740 782 1772 tristis
805 1740 906 1771 tacita
929 1750 1001 1770 cum
1026 1749 1106 1771 voce
1130 1741 1289 1770 susurrat:

377 1802 414 1820 ¹⁰⁰
473 1793 552 1825 ‘Cur
573 1795 681 1825 cessat
702 1791 802 1824 toties
824 1791 978 1831 famulus,
1002 1791 1056 1834 qui
1080 1791 1196 1822 missus
1219 1789 1351 1822 abibat?

473 1844 538 1877 Cur
561 1845 659 1878 etism
683 1843 792 1876 tardat
814 1846 988 1876 remeans?
1012 1843 1063 1874 vel
1086 1853 1150 1874 non
1175 1842 1245 1874 sine
1269 1842 1391 1873 causa?

472 1897 539 1929 Aut
562 1897 661 1929 istum
683 1906 838 1939 suprema
861 1895 936 1927 tulit
958 1897 1050 1926 sors?
1074 1898 1110 1927 ut
1133 1894 1221 1936 prius
1245 1894 1344 1929 illum,

472 1949 536 1986 Qui
560 1952 659 1992 caput
681 1951 758 1980 ante
781 1958 840 1979 suo
864 1947 948 1979 vatis
972 1957 1125 1978 mucrone
1148 1945 1335 1989 perempsit.

471 2001 563 2033 Illius
586 2001 619 2032 in
643 2001 770 2032 cineres
793 1999 960 2042 extemplo
984 1998 1129 2030 membra
1152 1997 1284 2030 redacta

378 2060 414 2079 ¹⁰⁵
472 2053 701 2096 Comperimus
725 2071 766 2076 —
790 2052 886 2083 simili
911 2051 964 2083 hic
988 2052 1086 2083 etiam
1111 2061 1195 2082 nunc
1219 2053 1305 2082 sorte
1329 2052 1479 2080 tenetur?

471 2105 595 2137 Forsan
618 2114 725 2147 poena.
746 2114 871 2146 sequax
897 2103 1087 2135 redeuntem
1111 2102 1248 2145 perculit
1271 2102 1368 2132 istum

471 2156 515 2189 Et
538 2156 632 2200 parili
655 2155 775 2188 damno
798 2155 998 2198 perduxerat
1022 2165 1124 2197 usque
1147 2154 1300 2185 favillam.

472 2208 559 2246 Quid
581 2208 739 2240 facimus?
761 2208 826 2240 late
850 2207 943 2239 cuius
967 2218 1052 2238 nunc
1075 2206 1180 2249 gloria
1203 2205 1329 2244 crescit,

470 2259 592 2292 Nostra
615 2260 713 2292 etiam
737 2259 871 2292 nimium
895 2262 1067 2302 turpantur
1089 2261 1183 2300 gesta
1206 2258 1324 2300 priora.

376 2320 412 2340 ¹¹⁰
469 2311 572 2345 Fama
595 2312 684 2345 volat
707 2312 802 2344 huius
826 2311 976 2344 redolens
1000 2321 1128 2342 rumore
1153 2320 1287 2341 corusco

470 2363 604 2406 Nosque
627 2364 676 2396 rei
690 2363 835 2399 ferimur
858 2367 1048 2395 cunctorum
1073 2361 1207 2394 vocibus
1230 2361 1306 2393 acti.

470 2415 548 2456 Sed,
571 2426 612 2448 ne
636 2415 720 2448 forte
744 2415 847 2457 magis
870 2413 997 2456 placido
1021 2423 1168 2446 sermone
1192 2411 1350 2444 redundet

471 2467 579 2500 Huius
602 2467 689 2500 fama
713 2467 784 2506 viri,
809 2477 964 2499 conemur
988 2469 1073 2498 sorte
1097 2465 1226 2496 sinistra

153 2638 156 2643 .
209 2613 240 2640 71
260 2616 350 2642 uidem
369 2616 393 2642 G
410 2624 477 2641 απτ.
496 2615 520 2641 P
606 2615 642 2641 80
658 2620 684 2641 nt
705 2616 728 2640 (i
745 2615 787 2640 *se
805 2615 888 2640 dicere
910 2614 933 2638 G
1019 2612 1049 2637 91
1070 2613 1148 2637 risero
1169 2612 1191 2636 G
1209 2620 1276 2637 corr.
1295 2611 1334 2636 Ρ2
1422 2610 1472 2636 103
1491 2611 1627 2644 perempsit
1644 2611 1666 2636 R
1686 2610 1708 2634 G

207 2691 242 2718 74
261 2692 326 2718 Aen.
346 2692 374 2725 V,
391 2691 444 2719 534
461 2691 577 2719 Talibus
595 2691 736 2726 auspiciis.
825 2690 858 2716 763
876 2690 924 2722 cfr.
944 2689 968 2721 Ι,
994 2689 1050 2715 175.
1139 2689 1170 2714 ›31
1193 2689 1258 2713 Aen.
1274 2686 1330 2719 XI,
1353 2687 1406 2712 295
1425 2694 1496 2720 quae
1515 2685 1552 2712 sit
1569 2693 1670 2719 magno
1690 2692 1750 2711 sen-

105 2741 196 2769 tentia
206 2742 290 2769 bollo.
374 2743 411 2770 90
427 2742 473 2776 cfr.
488 2743 526 2777 ΙΙ,
544 2744 586 2770 46.
672 2744 703 2769 91
726 2743 784 2769 Iur.
799 2742 821 2774 Ι,
839 2742 892 2768 200
904 2740 1008 2774 gaudia
1022 2742 1113 2774 porto.
1133 2740 1182 2772 cfr.
1197 2739 1253 2764 Sed.
1274 2738 1301 2771 V,
1321 2738 1379 2764 3⁴29.
1466 2738 1515 2763 110
1534 2738 1598 2763 Aen.
1618 2736 1678 2770 VII,
1698 2736 1750 2762 392

106 2793 191 2821 Fam·
210 2794 292 2822 volat.
381 2796 431 2822 112
450 2795 507 2823 luc.
522 2796 578 2829 HI,
597 2797 650 2822 400
668 2795 778 2830 placido
798 2815 803 2821 .
824 2815 829 2820 .
850 2802 981 2820 sermone.

1513 2834 1548 2861 4*
