2092 3094
753 153 902 181 MICONIS
922 153 1014 181 OPUS
1050 154 1317 184 PROSODIACUM.

107 239 375 282 RE(PET>1TA·
478 240 565 271 Hinc
589 240 729 283 repetita
754 241 838 272 sacri
861 241 1014 282 gradiens
1038 253 1096 284 per
1119 243 1249 274 moenia
1272 244 1394 286 templi.

35 299 72 319 ³1³
107 291 327 325 REMIGRO·
477 292 581 334 Inque
597 292 704 323 locum
721 292 849 333 quando
866 294 1044 335 remigrant
1060 294 1101 325 sit
1118 294 1238 326 blanda
1254 295 1415 337 voluptas.

101 343 288 376 REOIDIT
476 343 510 374 in
533 354 671 385 poenam
693 343 776 375 deus
800 343 861 375 hoc
886 345 964 376 mihi
990 345 1113 377 credite
1136 356 1200 377 non
1224 351 1284 378 est.

106 395 274 427 RECIDI·
478 394 530 426 Sic
554 405 675 436 genere
699 395 872 437 indulgens
895 397 1026 438 proprio
1049 400 1085 428 ut
1108 402 1245 439 peccata
1269 398 1379 430 recidi.

106 446 346 479 RETHORIS·
474 446 529 478 Nil
552 450 585 477 te
607 452 798 488 permoveat
821 448 931 488 magni
953 458 1017 479 vox
1042 448 1182 480 rethoris
1207 460 1272 480 oro.

105 498 313 531 REDITVS·
476 497 642 539 Sanguine
666 498 842 539 quaerendi
866 499 989 530 reditus
1013 500 1185 542 animaque
1208 500 1376 532 litandum.

32 555 70 576 ³²⁰
104 549 334 582 REMOVET·
474 549 695 580 Fraudentum
721 553 867 581 removet
890 550 1047 592 patefacti
1071 551 1158 583 fossa
1181 553 1322 594 sepulcri
1346 556 1403 584 est.

103 601 312 633 REFRICO·
474 601 616 642 Ingemit
639 605 673 632 et
697 601 828 632 refricat
851 602 927 633 totis
952 602 1015 633 iam
1038 603 1156 645 frigida
1178 604 1343 636 membris.

102 652 231 685 REPO-
270 692 281 693 ἶ
437 671 440 673 v
474 652 644 684 Flentibus
668 652 833 684 heliadum
857 654 955 684 ramis
979 653 1056 685 dum
1080 655 1193 696 vipera
1216 656 1309 697 repit.

103 703 295 736 REFVTO·
471 703 611 735 Disserit
634 704 838 746 omnipotens
861 704 993 746 refugas
1017 705 1180 747 longeque
1205 706 1336 738 refutat.

14 754 17 755 ⁷
63 761 65 763 ’
103 755 334 788 RAFANVM·
471 754 653 787 Decoctum
678 755 782 786 rafani
806 766 919 787 semen
944 767 1016 787 cum
1041 756 1138 788 melle
1161 757 1301 788 vorabis.

28 813 66 834 ³²³
100 807 320 839 RECALET·
470 806 620 849 Apparat
645 818 687 838 ex
710 807 808 848 longo
832 808 955 838 recalet
981 808 1071 839 furor
1094 808 1155 839 hoc
1179 808 1258 840 mihi
1283 819 1426 842 saevum.

101 858 280 891 RELINO·
470 857 660 890 Thesaurus
685 859 803 890 relines
827 859 917 901 prius
941 859 1080 890 haustus
1105 870 1238 902 sparsus
1260 871 1426 902 aquarum.

101 910 292 942 REVELO·
470 909 553 940 Nam
577 920 661 951 quae
685 910 845 952 corporeis
870 921 929 941 sua
953 911 1016 941 iam
1040 911 1199 952 promissa
1222 912 1357 944 revelat.

100 961 292 994 RELEGO·
468 961 519 993 Ne
544 967 698 1004 spargant
721 961 807 1003 quod
832 962 930 994 corde
954 966 1078 994 metant
1106 963 1139 994 in
1164 963 1241 995 sede
1264 964 1426 1006 relegant.

95 1006 239 1040 RESEco·
469 1012 583 1046 Perlege
602 1021 653 1039 nec
672 1014 777 1039 metum
796 1013 903 1047 pariter
921 1021 983 1040 mea
1001 1013 1086 1040 verba
1104 1022 1168 1041 mea
1185 1014 1287 1049 relega.

26 1063 65 1084 ³³⁰
99 1056 364 1089 REOENSITA·
469 1056 579 1098 Stirpe
603 1057 767 1088 recensita
790 1057 1011 1088 numerandus
1035 1058 1202 1099 sanguinis
1227 1058 1333 1090 heres.

99 1108 279 1140 REPANI·
468 1107 552 1144 Quid
578 1109 688 1150 repani
713 1108 866 1150 scopulos
891 1113 924 1140 et
947 1109 1044 1140 olvivi
1068 1109 1137 1141 fere
1162 1109 1308 1142 Sicamis.

98 1159 319 1192 REPRENO·
467 1161 533 1193 Sed
557 1161 749 1193 confirmare
773 1161 948 1193 invalidam
973 1167 1006 1193 et
1029 1162 1158 1194 frenare
1184 1163 1352 1195 rebellem.

98 1217 376 1265 SAROOFAGO
468 1237 639 1266 contentus
664 1234 725 1266 erit
748 1244 834 1265 mors
859 1235 926 1265 sola
950 1234 1079 1266 fatetur.

8 1307 10 1310 f
98 1277 276 1316 SPELEA·
467 1285 680 1317 Claudendus
704 1286 795 1328 parvi
820 1309 826 1316 .
851 1295 987 1328 corpore
1013 1286 1182 1328 sarcofagi.

23 1343 62 1364 ⁸³⁵
97 1335 328 1369 SERVITVS·
466 1337 702 1380 Captivamque
725 1348 856 1369 manum
881 1337 1036 1369 deformis
1062 1342 1202 1370 servitus
1227 1343 1330 1381 urget.

91 1383 272 1421 SA'PISIS·
467 1389 560 1421 Servi
585 1413 592 1421 .
616 1393 668 1420 tus
693 1394 775 1431 quae
799 1414 806 1420 .
831 1394 904 1420 nam
928 1391 1000 1431 pote
1025 1415 1031 1421 .
1057 1393 1099 1421 rit
1121 1390 1266 1432 rependi.

96 1431 287 1473 SKBVRA-
465 1439 614 1482 Quisque
639 1441 766 1472 cervice
791 1441 869 1472 dare
895 1465 902 1471 .
928 1441 1085 1473 servituti.

96 1490 335 1524 SERVITVM·
464 1492 631 1534 Aspiciam
654 1496 710 1523 aut
733 1492 819 1533 grais
844 1493 999 1524 servitum
1024 1493 1183 1524 matribus
1208 1493 1270 1525 ibo.

95 1542 278 1576 SAXONV
282 1542 314 1574 S·
464 1542 549 1579 Quid
573 1547 606 1574 te
630 1543 853 1586 cappadocum
879 1568 885 1575 .
911 1554 1055 1575 saxonus
1080 1555 1154 1576 esse
1179 1545 1277 1577 iuvat.

21 1600 60 1620 ⁸⁴⁰
96 1593 386 1627 SVRRENTINA
463 1593 548 1626 bibis
573 1605 633 1626 nec
658 1595 800 1626 murrina
822 1595 908 1637 picta
931 1605 992 1627 nec
1016 1606 1141 1628 aurum.

463 1645 615 1687 Aequum
638 1645 764 1688 pondus
787 1646 874 1678 habe
897 1651 1010 1678 teneas
1035 1651 1068 1678 et
1093 1650 1217 1679 statera
1239 1647 1334 1680 iusta.

95 1645 314 1678 STATERA·

292 1775 343 1801 314
361 1776 532 1808 gradiensque
545 1777 559 1801 b
595 1775 653 1801 sal}
667 1775 701 1809 B]
725 1777 770 1801 Sec
788 1778 844 1809 fine
863 1777 960 1801 absciso
982 1781 1010 1801 ut
1030 1777 1112 1809 pouit
1128 1777 1208 1808 sitione
1227 1777 1275 1801 Sed
1289 1777 1303 1801 b

189 1818 241 1843 316
259 1818 366 1851 Recidit]
386 1827 512 1852 euperncr.
525 1828 587 1844 casu
599 1819 624 1843 B
670 1818 787 1852 poenam]
807 1828 838 1845 oe
856 1820 882 1844 in
896 1820 914 1844 l.
928 1829 948 1844 r.
963 1819 988 1844 B
1074 1819 1126 1844 318
1144 1819 1169 1844 Β
1189 1818 1254 1852 ναι]
1269 1829 1317 1845 om.
1331 1820 1367 1853 ὀμ

190 1862 288 1887 romoni
305 1862 377 1894 eiquo
395 1870 444 1888 om.
463 1862 488 1887 B
595 1861 646 1888 325
665 1863 777 1895 Apparet
795 1872 861 1888 corr.
880 1863 905 1887 B
1003 1863 1054 1888 326
1072 1864 1218 1889 Thesauros
1237 1864 1251 1887 b

190 1909 314 1930 remeunt
330 1905 356 1930 B
475 1904 526 1930 331
551 1906 616 1930 ferre
640 1906 734 1931 sicanis
752 1906 767 1930 b
888 1906 939 1931 33⁴2
962 1908 1089 1932 refrenare
1112 1916 1178 1932 corr.
1198 1906 1223 1931 B
1246 1908 1374 1932 refrenare
1392 1907 1406 1931 b

189 1948 312 1980 spelunca
330 1947 356 1972 B
494 1947 546 1973 335
569 1949 668 1974 seruItu
693 1947 779 1981 surget
792 1954 883 1981 postea
905 1958 971 1975 corr.
990 1950 1016 1974 B
1103 1951 1211 1982 Prosper
1233 1950 1339 1975 auctr-iis
1364 1950 1418 1975 loco

189 1999 256 2016 corr.
269 1990 294 2015 B
311 1991 436 2016 ceruicem
454 1991 515 2016 dare
533 1991 548 2016 b

189 2042 315 2066 θυμω-σιτ.
334 2034 382 2059 hoe
399 2034 430 2059 de
448 2035 561 2059 secunda
580 2035 749 2060 declinatione
768 2034 793 2059 B
896 2035 945 2060 341
967 2034 1037 2067 Bedf'
1056 2036 1080 2060 B
1098 2034 1152 2061 Bed
1171 2036 1186 2061 b

291 2110 343 2136 314
360 2110 409 2142 err.
429 2109 555 2144 Cyprian.
572 2114 641 2144 poet.
660 2110 698 2136 αι.
720 2110 811 2144 Perper
825 2119 854 2145 1».
867 2112 925 2145 210,
938 2112 962 2138 6.
1033 2112 1084 2138 315
1105 2111 1147 2145 (fit
1166 2111 1248 2137 Lacr.
1267 2110 1305 2143 11,
1318 2109 1389 2145 966.)

188 2161 238 2188 317
259 2161 365 2195 (generi
386 2161 509 2195 Prosper.
522 2161 653 2194 LXVII,
666 2162 702 2196 5.)

190 2212 227 2239 11
246 2213 303 2239 118.

0 2232 40 2325 J&
186 2233 235 2290 321
259 2263 307 2295 err.
326 2270 410 2297 supra
428 2271 450 2290 r.
470 2263 527 2290 198.
642 2265 694 2291 322
718 2265 802 2291 Man.
828 2265 878 2299 IV,
891 2266 971 2299 59,1.

189 2314 212 2347 I,
225 2315 287 2347 223)
306 2314 356 2341 ιω.
375 2315 433 2341 554.
542 2315 594 2342 324
614 2315 668 2342 Ser.
688 2315 758 2343 sam.
780 2317 837 2344 117.
953 2318 1005 2344 325
1023 2317 1089 2347 Stat.
1111 2318 1188 2344 Theb.
1208 2317 1259 2350 JV,
1272 2317 1331 2344 671.

187 2366 314 2397 (haustus
332 2365 470 2397 Kardia.)
492 2358 537 2393 Ge.
556 2366 610 2400 IV,
623 2368 682 2394 229.

186 2417 237 2444 329
254 2426 362 2444 mecum
380 2426 407 2452 p.
426 2426 489 2444 mea
506 2418 592 2445 verba
612 2419 707 2454 relega
733 2419 814 2446 Pont.
836 2420 879 2453 II,
891 2421 915 2452 2,
930 2421 953 2447 7.

186 2470 326 2496 recensete
355 2469 402 2495 141
427 2468 511 2495 VAT.

185 2519 237 2546 332
254 2519 348 2554 Procp.
372 2519 468 2554 14311191·-
490 2520 604 2554 XVIII,
617 2522 641 2548 3.
762 2522 813 2549 333
838 2523 893 2549 Iun.
917 2523 954 2556 X,
970 2524 1029 2550 172.

187 2570 338 2606 Cypriani?
355 2572 404 2604 cfr.
424 2571 550 2607 Omnian.
566 2576 635 2606 poet.
654 2573 693 2600 al.
714 2574 811 2608 Peiper
829 2575 888 2608 211,
904 2576 943 2601 15.

185 2622 245 2656 loyce
263 2622 368 2657 Sapisis
385 2622 474 2658 auro.)
493 2632 562 2650 nom.
581 2632 630 2651 0111.
649 2625 697 2659 [est
717 2626 802 2654 Prud.
822 2626 898 2654 cath.
923 2627 1002 2660 VIII,
1016 2627 1060 2661 50]
1087 2626 1211 2661 rependi.
1231 2626 1355 2653 safficum
1373 2626 1407 2652 60

185 2673 305 2701 cervices
333 2674 415 2702 Paul.
439 2674 502 2702 Nol.
526 2675 627 2709 XVII,
639 2677 698 2703 209.
829 2679 881 2705 338
903 2679 970 2705 Aen.
991 2679 1029 2712 II,
1044 2679 1101 2704 786.

186 2734 267 2757 onus,
299 2725 457 2761 Guelferbyt.
475 2735 495 2753 ε.
516 2726 578 2753 XV
591 2729 722 2762 saxonus]
753 2737 872 2756 saxonus
892 2731 921 2756 11
948 2729 1030 2756 VAT.

185 2776 290 2802 rit-endi
307 2777 365 2808 (vol.
386 2777 410 2810 I,
423 2777 484 2810 278)
503 2786 524 2804 υ.
543 2777 586 2804 87.

650 1990 702 2016 338
716 1991 852 2025 seruitum]
871 1993 919 2017 hoc
942 1993 1038 2025 super-E
1059 1994 1150 2022 (uoluit
1167 1993 1297 2025 supinum)
1316 1993 1388 2018 uenit
1404 2001 1420 2018 a
1438 1993 1517 2018 uerbo
1535 1992 1560 2017 B

777 2369 828 2395 327
846 2368 926 2395 Paul.
940 2369 1001 2396 Nol.
1021 2369 1053 2395 de
1070 2368 1129 2396 obit.
1149 2368 1218 2395 Celsi
1235 2367 1380 2401 (XXXV)
1399 2368 1458 2394 227.

1080 2421 1132 2447 330
1156 2428 1224 2446 nom.
1243 2427 1284 2446 om
1309 2419 1355 2453 [est
1379 2419 1465 2446 Prud.
1485 2419 1582 2452 Apoth.
1602 2420 1670 2446 1000
1690 2420 1839 2455 recensita]

633 2471 682 2496 331
712 2470 784 2503 Quid
813 2471 935 2506 Drepani
970 2471 1097 2506 scopulos
1127 2473 1156 2498 et
1185 2471 1327 2498 oliviferae
1356 2470 1491 2504 Sicyonis.
1521 2470 1591 2497 Stat.
1623 2470 1700 2497 Theb.
1725 2471 1780 2504 IV,
1798 2472 1840 2499 50.

1152 2523 1202 2550 334
1225 2531 1360 2549 marmore
1385 2521 1486 2549 Orient.
1506 2521 1531 2555 Ι,
1545 2523 1603 2549 538.

1053 2575 1104 2602 336
1124 2574 1257 2608 (Sapisiss
1271 2582 1324 2608 pro
1342 2573 1423 2608 Sapis
1440 2573 1535 2600 Isauro
1553 2573 1629 2607 apud
1646 2573 1715 2600 Luc.
1735 2574 1778 2608 ΙΙ,
1789 2575 1840 2601 406

1635 2626 1685 2652 337
1705 2625 1835 2660 Quasque

1233 2678 1283 2704 339
1303 2677 1365 2703 LIV
1395 2676 1447 2710 [sed
1474 2679 1509 2702 est
1527 2677 1612 2703 Mart.
1631 2677 1679 2710 VI,
1694 2678 1734 2711 77,
1748 2679 1765 2704 4
1792 2687 1839 2705 sex

1153 2729 1204 2755 340
1227 2729 1275 2761 cfr.
1293 2736 1376 2762 supra
1399 2736 1420 2753 v.
1620 2728 1671 2755 341
1693 2728 1840 2762 Praecepta

1448 237 1560 277 SAOE

1446 349 1472 380 P

1442 444 1469 481 P

1442 496 1521 534 vffi

1439 598 1467 636 P

1442 651 1564 688 lvvff

1441 707 1673 742 ALOHINVS

1443 754 1581 796 QVINT
1606 756 1693 794 snff

1443 811 1630 845 STATrvs

1442 858 1584 896 VIRGE

1442 914 1669 948 PAVLINVS

1443 965 1654 1009 (ARATOR)

1440 1015 1529 1042 OVID

1439 1054 1561 1092 PRVD

1441 1110 1631 1145 STATrvs

1438 1162 1644 1196 PROSPER

1438 1230 1548 1284 lvvfi

1437 1287 1559 1319 PRVD

1437 1384 1559 1439 PRvp

1435 1441 1555 1473 PAVL

1438 1493 1696 1542 <v1RGIL1vs>

1435 1544 1480 1576 LI
1562 1590 1588 1593 Ψ

1436 1595 1592 1644 ΜᾼΒοι

1435 1647 1526 1679 BED

1796 162 1854 192 291

1754 297 1919 331 Ruborem

1755 351 1894 384 recolor.

1753 401 1926 444 Refragor.

1753 453 1875 489 resera.

1751 503 1903 536 Ruditus.

1751 555 1790 587 In
1812 558 1988 598 praeterito
2008 569 2059 590 re-

1750 609 1915 650 repetitor.
1952 609 2059 652 [movi.

1750 711 1899 745 redibita.

1749 1061 1858 1093 relabi.

1746 1543 1882 1577 SAbura.

1746 1596 1886 1629 Sabano.

1746 1647 1878 1690 sepelit.

1373 1776 1424 1801 315
1444 1777 1476 1802 sit
1494 1776 1519 1800 B
1537 1777 1586 1801 sub
1604 1777 1627 1808 b,
1647 1786 1683 1802 an
1701 1777 1846 1802 Ruborem?

1453 1819 1505 1845 320
1517 1821 1634 1853 sepulehi
1653 1821 1667 1845 b
1685 1821 1803 1853 sepulcra
1820 1820 1846 1845 B

1349 1861 1402 1888 328
1419 1861 1543 1895 relegant]
1563 1863 1588 1888 id
1606 1867 1646 1888 est
1663 1863 1786 1896 colligant
1802 1864 1845 1889 uel

1527 1904 1579 1931 334
1597 1905 1696 1939 Spelea]
1719 1915 1844 1939 nuper-scr.

1437 1949 1451 1974 ὂ
1590 1947 1640 1974 337
1659 1950 1729 1974 cerui
1752 1950 1844 1982 pedm-e

1663 1991 1714 2019 339
1733 2000 1845 2018 saxonus

1460 2110 1511 2137 316
1529 2110 1659 2138 Prudent.
1672 2111 1770 2144 Apoth.
1784 2112 1842 2138 878.

801 2163 852 2188 318
873 2170 938 2188 nom.
957 2171 1006 2188 om.
1028 2162 1076 2196 [est
1094 2162 1178 2188 Pmd.
1197 2162 1294 2196 Symm.
1314 2161 1355 2194 II,
1369 2161 1430 2195 760]
1449 2161 1499 2188 206
1518 2161 1600 2188 VAT.

1705 2163 1757 2189 319
1775 2163 1841 2189 Aen.

381 2212 434 2239 320
453 2213 634 2247 (Fraudatum
653 2217 777 2242 revomet
790 2230 822 2234 —
835 2218 960 2242 removet
977 2216 1102 2242 nonnulli
1114 2231 1149 2235 —
1162 2224 1188 2250 p.
1208 2215 1226 2241 f.
1245 2214 1385 2248 sepulchri
1402 2222 1451 2240 om.
1470 2215 1513 2240 est
1532 2213 1617 2240 Pmd.
1636 2213 1733 2247 Δροθι.
1753 2214 1840 2250 1068.)

1087 2267 1139 2293 323
1166 2266 1274 2293 Deserit
1293 2280 1324 2284 —
1342 2265 1454 2300 refugos
1479 2264 1608 2299 cypr-mn.
1632 2264 1712 2298 (Spic.
1732 2264 1838 2293 Solesm.

1451 2317 1502 2343 326
1521 2316 1670 2343 Thesauris
1687 2332 1720 2336 —
1739 2317 1842 2344 haustu

1431 2625 1511 2652 VAT.

1439 2727 1498 2754 244.

1575 2825 1623 2852 37·

1561 2368 1613 2394 328
1630 2368 1732 2395 Arator
1744 2369 1769 2402 Ι,
1782 2369 1841 2396 517.

1734 2523 1785 2550 335
1802 2531 1841 2550 an
