2060 3074
769 133 967 161 EPICEDIUM
986 135 1249 164 HATHUMODAE.
1769 142 1830 172 383

548 218 622 254 Qua
644 219 684 250 de
710 230 743 251 re
769 220 864 251 tersis
888 222 991 253 oculis
1015 222 1222 265 lacrimisque
1246 225 1390 263 remotis,

592 270 712 302 Sedato
736 271 878 313 planetu.
904 273 1046 304 cohibito
1070 275 1193 316 gemitu

472 335 510 354 475
548 322 617 354 Iam
641 323 710 361 tibi,
735 334 810 355 cara
835 335 935 363 soror,
961 329 1088 356 nosmet
1111 326 1252 368 gaudere
1276 327 1414 360 decebit.

590 373 685 410 Quod
708 374 767 406 has
791 386 964 407 aerumnas
989 380 1055 408 tam
1079 378 1143 409 cito
1166 378 1352 411 transieras.

547 425 615 457 Nos
639 426 764 465 flemus,
787 437 871 469 quae
894 438 959 458 non
983 431 1091 460 tecum
1115 429 1210 460 simul
1237 440 1309 461 esse
1333 434 1496 463 merentes

588 477 660 509 Hoc
685 481 811 510 certare
835 478 891 510 diu
916 480 1063 521 cogimur
1085 481 1118 511 in
1143 480 1265 513 stadio:

547 529 614 561 Nos
637 530 762 563 flemus.
787 541 870 572 quae
894 531 926 562 in
950 531 1011 563 hac
1036 533 1183 564 convalle
1208 543 1318 564 sumus
1342 534 1546 566 lacrimarum

470 593 509 612 480
589 581 735 623 Tamque
759 582 814 613 diu
837 593 856 613 a
879 586 990 614 nostra
1013 583 1192 616 differimur
1216 585 1329 626 patria.

545 632 594 664 Tu
618 633 704 671 fidei,
730 633 818 666 vitae
841 634 947 666 stadio
972 646 1133 677 cursuque
1156 640 1288 678 peracto

589 684 659 716 Iam
682 685 804 717 renites
828 686 926 728 digno
950 687 1095 718 iustitiae
1118 687 1247 719 bravio:

544 735 664 768 Nostra
687 737 777 776 fides,
802 741 914 769 noster
936 749 1050 770 cursus
1074 749 1170 780 quem
1194 749 1325 780 prorsus
1349 739 1469 772 habere

586 787 700 820 Finem
724 790 924 831 praevaleat,
949 791 980 821 in
1007 790 1106 822 dubio
1130 794 1287 822 remanet.

467 851 506 870 ⁴⁸5
543 839 592 871 Tu
616 835 679 872 idm
704 851 776 872 cum
799 841 930 873 domino
954 842 1083 874 devicto
1107 842 1200 874 hoste
1224 842 1419 885 triumphas:

584 891 653 923 Nos
676 892 781 924 adhuc
805 892 909 925 hostis
933 893 1070 936 impedit
1093 893 1254 926 assiduus.

542 942 590 975 Te
613 943 677 975 iam
699 947 809 986 portus
833 944 949 981 habet;
972 955 1032 976 nos
1057 944 1162 976 adhuc
1187 945 1287 976 iactat
1311 945 1458 987 abyssus.

585 994 633 1027 Te
656 995 714 1027 lux
737 1006 816 1028 vera
838 999 947 1033 tenet:
971 1007 1030 1028 nos
1054 996 1211 1028 tenebrae
1235 997 1387 1028 retinent.

541 1046 591 1078 Tu
615 1057 687 1078 cum
712 1047 892 1090 virginibus
918 1048 1088 1087 comitans,
1112 1059 1315 1090 quocumque
1338 1052 1405 1087 cat,
1430 1060 1547 1091 agnum

466 1111 504 1130 ιω
583 1099 670 1130 Lilia
692 1109 764 1131 cum
789 1099 883 1131 violis
907 1100 1034 1141 colligis
1059 1103 1156 1142 atque
1179 1099 1279 1135 rosis;

540 1150 608 1182 Nos
631 1161 704 1183 cum
728 1151 895 1183 coancillis
918 1152 1038 1183 nostris
1062 1151 1186 1183 tumulo
1210 1162 1287 1183 ecce
1310 1155 1424 1194 tuopte

582 1202 696 1235 Flores
719 1207 912 1246 spargentes
936 1203 1085 1235 ducimus
1110 1203 1277 1236 excubias.

541 1254 590 1286 Tu
613 1255 676 1286 iam
699 1254 767 1287 fata
790 1255 903 1298 patris,
927 1255 1062 1287 fratrum
1087 1256 1182 1287 simul
1205 1259 1303 1298 atque
1328 1267 1474 1288 sororum

583 1306 707 1339 Isthinc
729 1317 826 1339 nosse
850 1307 951 1347 vales,
974 1307 1049 1339 inde
1074 1307 1184 1339 iuvare
1208 1312 1318 1350 potes;

463 1370 500 1390 ωτι
537 1357 606 1390 Nos
630 1359 694 1390 etsi
717 1358 802 1390 bona
825 1358 996 1391 credamus
1021 1359 1062 1391 de
1085 1369 1217 1391 munere
1241 1359 1371 1395 Christi,

583 1409 701 1446 Qualia
725 1410 799 1447 sint,
822 1421 954 1453 prorsus
978 1411 1149 1453 ambiguae
1173 1411 1319 1444 cluimus.

535 1461 621 1494 Cara
643 1471 742 1502 soror,
767 1472 850 1504 quae
874 1473 971 1494 nosse
995 1466 1089 1506 potes
1114 1463 1209 1494 simul
1232 1466 1329 1505 atque
1353 1463 1474 1503 iuvare.

579 1513 659 1546 Illos
682 1513 850 1546 nobiscum
875 1514 995 1546 adiuva
1018 1514 1105 1557 apud
1128 1514 1303 1547 dominum.

535 1565 616 1598 Pars
639 1568 697 1597 tua
719 1575 777 1598 nos
801 1566 949 1605 cluimus,
973 1566 1055 1598 sicut
1078 1569 1112 1597 tu
1135 1577 1210 1608 pars
1235 1576 1361 1608 quoque
1385 1570 1510 1598 nostra:

461 1629 499 1648 ⁵⁰0
578 1617 628 1650 Tu
652 1621 759 1649 tecum
782 1621 907 1660 partem
931 1628 1017 1650 nunc
1040 1624 1238 1660 rape,‘cara‚
1262 1622 1360 1651 tuam.

537 1668 671 1702 Fratres
694 1680 933 1712 germanasque
956 1670 1061 1709 simul,
1086 1670 1181 1702 simul
1205 1680 1277 1702 esse
1300 1674 1463 1712 parentes,

577 1719 664 1757 Quid
685 1722 788 1764 magis
812 1733 886 1753 esse
912 1721 1044 1760 decens,
1068 1721 1143 1764 quid
1167 1731 1262 1763 mage
1285 1721 1379 1754 dulce
1403 1725 1532 1764 potest?

535 1772 626 1804 Inter
647 1783 682 1806 se
705 1772 810 1805 dirimi
834 1774 965 1805 minime
990 1784 1075 1805 nunc
1099 1773 1251 1805 convenit
1273 1773 1338 1805 illic

577 1823 651 1857 Uno
675 1828 767 1867 patre
791 1829 889 1865 satos,
913 1836 977 1857 uno
1001 1829 1096 1858 utero
1120 1825 1257 1868 genitos.

459 1887 496 1906 ωε
535 1875 619 1908 Cara
643 1887 744 1917 soror,
769 1877 966 1910 desiderium
992 1877 1166 1919 lumenque
1191 1880 1330 1916 tuorum,

577 1927 682 1965 Quam
707 1929 814 1961 brevis
838 1933 889 1961 est
912 1929 1018 1967 nobis,
1042 1939 1126 1960 nunc
1149 1928 1209 1960 tibi
1233 1929 1330 1971 longa
1353 1929 1450 1960 salus.

533 1979 609 2012 Heu
632 1990 729 2022 quam
752 1981 879 2013 modico
903 1980 1074 2012 nobiscum
1097 1983 1242 2023 tempore
1266 1980 1379 2012 vivens

576 2030 683 2068 Quam
706 2033 770 2064 cito
792 2036 827 2064 tu
850 2033 944 2065 nobis
967 2036 1092 2064 mortua
1113 2032 1303 2064 transieras.

531 2082 626 2115 Nunc
649 2083 681 2116 in
705 2085 840 2117 caelesti
865 2085 945 2116 felix
969 2085 1103 2126 regione
1126 2084 1234 2115 locata

458 2147 496 2166 ειο
574 2134 643 2167 Nos
666 2136 719 2167 vel
742 2146 801 2178 per
823 2136 919 2174 visus,
945 2146 1029 2173 cara,
1053 2135 1159 2168 revise
1181 2135 1346 2177 frequens.

533 2186 583 2218 Sit
605 2187 721 2219 saltem
745 2188 880 2219 maestis
904 2187 986 2220 haec
1010 2187 1190 2219 consolatio
1213 2186 1319 2224 nobis,

575 2238 620 2270 Ut
643 2249 702 2282 per
725 2240 840 2272 crebra
863 2240 904 2272 ad
927 2250 986 2272 nos
1010 2240 1132 2271 somnia
1154 2241 1190 2270 tu
1213 2239 1336 2270 venias.

532 2290 575 2322 Et
597 2291 671 2331 iam,
691 2283 781 2327 cara,
807 2292 888 2328 vale,
911 2291 1048 2323 dulcedo
1071 2294 1104 2322 et
1126 2291 1230 2332 gloria
1252 2293 1371 2329 nostra⁷

573 2342 706 2385 Nosque
730 2343 795 2375 tuis
819 2343 938 2386 dignis,
962 2354 1046 2382 cara,
1071 2343 1145 2374 iuva
1167 2342 1301 2374 meritis.

455 2406 492 2426 51!-
529 2393 577 2426 Te
600 2394 696 2427 modo
719 2395 893 2435 submisse,
916 2396 1018 2427 frater
1040 2394 1169 2434 dilecte,
1192 2403 1361 2436 rogamus:

573 2445 774 2479 Commenda
797 2447 920 2479 crebris
944 2447 1026 2479 hanc
1050 2445 1180 2478 domino
1202 2445 1362 2488 precibus.

268 2623 319 2650 489
337 2623 401 2658 *0⁸11
419 2626 439 2651 it
457 2626 482 2650 B
585 2626 635 2652 494
655 2629 742 2653 ualens
762 2628 786 2652 B
889 2627 938 2653 507
959 2628 1017 2653 Heu
1035 2627 1070 2652 sic
1088 2627 1113 2651 B
1162 2631 1219 2659 poet
1239 2634 1317 2658 quam
1336 2626 1425 2651 delevit
1442 2626 1468 2650 iu
1487 2626 1512 2651 B

269 2726 320 2752 479
337 2726 435 2754 Psalm.
453 2728 495 2762 83,
509 2729 533 2754 ἶ.
603 2729 651 2755 481
674 2729 738 2755 Aen.
759 2728 811 2761 IV,
825 2730 877 2755 ⁴503
892 2728 954 2754 Vixi
973 2730 1002 2754 et
1022 2736 1103 2762 quem
1121 2727 1236 2754 dederat
1254 2735 1362 2754 cursum
1382 2727 1500 2759 fortuna,
1519 2728 1622 2762 peregi.
1692 2729 1743 2755 493
1761 2729 1808 2761 cfr.

169 2786 190 2805 ι’.
208 2778 267 2806 539.
