2060 3074
215 167 276 195 510
874 160 1011 187 HEIRICI
1030 160 1207 187 CARMINA.

627 247 690 278 Ast
712 247 768 278 ubi
791 257 969 289 progressu
993 247 1102 289 coepit
1124 247 1318 279 crudescere
1341 248 1482 283 morbus,
1613 260 1644 285 Ut
1679 261 1865 292 ingravescente

580 299 666 330 Urbs
691 299 853 341 trepidare
877 302 965 330 metu
988 299 1142 341 luctuque
1167 299 1343 331 incendere
1367 301 1507 332 caelum:
1608 303 1765 328 incommodo
1778 305 1865 330 οἱυίεακ

580 351 667 382 *Heu
691 362 760 382 sors
785 351 958 393 terrigenis
981 351 1058 382 olim
1082 351 1220 383 conflata
1245 352 1387 389 colonis;
1654 349 1757 372 turbata
1775 350 1814 374 '‘¹'‘-

581 403 724 435 Ocrnere
748 403 803 434 vix
826 403 932 434 licuit:
957 403 1021 434 iam
1045 414 1115 443 nos,
1139 407 1233 446 pater
1256 405 1376 447 optime
1401 404 1550 447 linquis'?'

505 468 543 486 360
581 454 649 486 Nec
674 455 795 497 patitur
818 454 967 486 Christus
992 462 1102 487 carum
1126 466 1184 498 per
1209 457 1318 488 saecla
1342 457 1497 488 clientem

580 506 643 537 Vel
667 510 820 548 torquere
844 507 898 538 diu
922 510 1059 549 partove
1083 508 1245 539 absistere
1270 519 1379 550 regne,

581 558 774 601 Martyrium
798 559 849 591 cui
873 559 939 591 vita
962 559 1038 591 fuit:
1063 559 1140 602 quin
1163 560 1247 591 mole
1272 560 1422 592 laborum

582 610 759 642 Defessum
783 611 883 642 nimia
907 615 958 643 ter
980 611 1083 644 denos
1108 612 1236 644 circiter
1261 623 1362 644 annos

585 663 706 694 Invitat
729 673 867 705 superas
890 674 999 695 rerum
1022 663 1211 695 moderator
1233 664 1265 695 in
1290 675 1392 696 arces.

506 727 543 745 anf,
624 714 792 756 Augustas
816 715 912 753 inter,
937 726 1018 757 quas
1041 726 1195 758 umquam
1219 717 1354 758 protulit
1377 717 1476 752 orbis,
1617 729 1867 763 [ftabA229u210‚.,--

583 766 685 798 Fastu
710 767 855 809 seposito
879 767 960 798 felix
982 767 1132 799 Placidia
1155 769 1248 809 regni
1611 774 1700 799 airam
1722 776 1818 807 rqferri
1839 775 1864 799 in

582 817 703 850 Visitat
725 818 896 858 infirmum,
920 819 1046 850 refovet
1069 820 1297 861 complectitur
1319 819 1421 852 ambit
1609 818 1721 849 paffl'ssm
1750 819 1866 850 postula-

582 869 689 901 Docta
712 870 818 913 capud
842 870 982 912 rigidum
1006 870 1088 902 divis
1114 871 1317 904 summittere
1340 873 1448 904 iussis.
1718 866 1759 885 m·

583 921 748 963 Suggerit:
775 921 892 962 edicat,
917 923 943 954 si
967 922 1044 964 quid
1068 933 1160 954 mens
1184 923 1283 955 anxia
1308 928 1434 967 captat:

507 986 545 1004 ατο
582 973 651 1004 Nec
675 984 766 1005 mora
788 974 989 1016 praestandi,
1013 975 1046 1006 ni
1070 974 1154 1007 desit
1178 986 1257 1008 cura
1279 977 1422 1019 petendi.

583 1024 661 1056 Mox
685 1025 787 1068 patris
812 1027 955 1058 animum
977 1027 1106 1069 patriae
1128 1028 1320 1069 perstrinxit
1343 1029 1463 1071 imag0‚

583 1077 780 1119 Digrediens
804 1082 962 1110 maestam
986 1082 1096 1121 pastor
1120 1089 1218 1121 quam
1241 1080 1382 1122 liquerat
1405 1081 1492 1120 olim,

582 1128 670 1160 Dum
694 1140 730 1161 se
753 1130 908 1162 fraternis
932 1131 1058 1162 mavult
1081 1131 1270 1174 impendere
1294 1134 1412 1171 causis,

583 1180 706 1213 Nescia
729 1192 812 1224 quae
836 1192 945 1214 rerum
969 1183 1128 1225 sortisque
1154 1183 1270 1225 ignara
1292 1184 1420 1217 futurae

508 1246 545 1264 2175
583 1233 750 1265 Praesulis
773 1234 814 1266 ad
838 1233 978 1266 reditum
1002 1238 1078 1267 voto
1102 1235 1268 1278 pendebat
1291 1236 1417 1270 inermi.

628 1285 714 1322 Quid
736 1289 782 1325 tu,
807 1285 886 1328 quid
907 1286 1050 1328 gravidis
1075 1297 1192 1320 oneras
1216 1289 1373 1321 caelestia
1396 1290 1488 1329 votis,
1634 1302 1798 1334 Apoatropha
1818 1303 1854 1327 ad

585 1336 612 1368 s)
636 1337 742 1379 plebs,
766 1348 784 1369 o
807 1334 922 1380 patria,
947 1338 1025 1380 quid
1048 1339 1154 1372 adhuc
1179 1350 1255 1383 spes
1280 1342 1386 1383 pascis
1410 1342 1555 1374 inertes?
1693 1346 1788 1370 urbem.

581 1389 664 1420 Fata
687 1393 805 1432 parant
828 1390 919 1422 aliud
942 1401 1003 1422 nec
1026 1401 1135 1423 rerum
1158 1393 1321 1425 maximus
1345 1397 1458 1426 auctor

582 1440 656 1472 Hac
680 1441 751 1473 vice
775 1442 982 1484 prosequitur
1006 1443 1104 1474 solita
1126 1443 1248 1486 pietate
1271 1445 1435 1477 volentes:

511 1505 549 1523 aso
587 1491 681 1529 Quod
705 1496 852 1535 praestat
875 1493 1026 1536 quodque
1049 1497 1101 1526 est
1125 1494 1238 1535 satius,
1262 1497 1501 1540 praeponderat
1526 1499 1591 1532 ille.

583 1544 727 1587 Tempus
750 1544 858 1577 adest:
883 1545 1035 1578 meritum
1059 1547 1168 1589 capiat
1192 1548 1263 1580 sine
1287 1548 1351 1581 fine
1374 1550 1576 1593 triumphum

583 1595 767 1629 Germanus
790 1597 905 1640 liquidi
929 1597 1090 1630 scandens
1115 1599 1269 1641 capitolia
1291 1601 1386 1634 caeli.

585 1647 655 1679 Nec
680 1649 901 1681 circumscribi
924 1649 1122 1683 brevibusve
1146 1651 1288 1685 insidere
1313 1654 1412 1685 muris

586 1699 735 1732 Candida
757 1711 875 1743 pompa
898 1701 988 1733 sinit:
1012 1702 1126 1735 Latias
1150 1714 1246 1746 mage
1270 1705 1345 1737 fusa
1368 1716 1427 1748 per
1451 1717 1525 1739 oras

510 1763 547 1782 aar,
588 1751 693 1783 Edere
717 1752 898 1794 quadrifido
923 1753 1051 1795 quaerit
1075 1756 1266 1796 spectacula
1290 1757 1421 1790 mundo.

586 1803 789 1845 Spectabunt
812 1804 879 1845 alii,
905 1808 1054 1847 spectato
1078 1809 1114 1838 tu
1137 1807 1262 1849 potiere

585 1854 628 1886 Et
651 1856 776 1897 gremio
801 1857 912 1899 capies
937 1860 970 1889 et
993 1858 1083 1890 molli
1106 1858 1223 1892 fronde
1246 1860 1380 1893 fovebis.

584 1906 660 1939 Non
683 1911 758 1940 tuus
782 1911 832 1940 est
854 1909 954 1951 prisci
977 1911 1109 1952 praesul
1133 1911 1254 1944 oblitus
1278 1914 1398 1945 amoris

585 1958 833 2002 Defunctusque
857 1961 963 2001 docet,
986 1965 1143 2004 quantum
1167 1967 1200 1995 te
1224 1964 1314 1996 vivus
1338 1966 1468 1998 amarit:

511 2023 549 2042 390
586 2010 633 2042 Te
656 2012 785 2054 repetit⁷
809 2013 951 2055 repetita
974 2013 1067 2046 dabis
1091 2015 1146 2057 pia
1169 2018 1243 2048 tura
1265 2018 1404 2059 sepulto.

629 2062 703 2095 Hoc
727 2065 869 2106 speciale
894 2065 1024 2107 quidem
1047 2066 1195 2109 reginam
1218 2078 1355 2110 poscere
1378 2079 1497 2101 munus

587 2114 748 2152 Instituit;
772 2127 948 2159 numquam
972 2117 1029 2149 illa
1052 2118 1156 2161 magis
1179 2119 1282 2152 invita
1304 2122 1430 2162 petenti

588 2165 758 2199 Concessit
782 2169 949 2211 sensitque
973 2169 1041 2202 viro
1065 2180 1130 2202 non
1154 2181 1227 2203 esse
1252 2172 1448 2214 negandum,

587 2218 682 2255 Quod
706 2230 800 2252 secus
824 2232 862 2253 ac
886 2222 986 2254 vellet
1010 2233 1186 2266 numquam
1209 2225 1400 2267 contingere
1423 2229 1548 2268 posset.

511 2283 548 2301 :295
586 2270 650 2303 Ter
674 2271 847 2305 benedicte
871 2277 975 2316 pater,
999 2278 1050 2307 ter
1073 2275 1254 2318 splendide,
1279 2279 1330 2308 ter
1352 2277 1552 2310 venerande.

590 2322 793 2366 Omnigenas
818 2325 878 2358 tibi
900 2329 976 2368 post
999 2325 1167 2359 Christum
1190 2327 1405 2370 dependimus
1429 2329 1507 2362 odas

588 2374 678 2406 Grex
702 2376 909 2419 populusque
934 2381 1020 2418 tuus,
1044 2379 1097 2410 cui
1121 2379 1248 2412 viscera
1271 2384 1320 2412 tot
1342 2381 1484 2423 pietatis,

326 2470 431 2495 Scholia
457 2484 486 2488 -
512 2470 562 2496 356
586 2470 746 2505 crudescere]
771 2472 911 2499 increscere
1017 2474 1066 2501 357
1090 2475 1165 2509 Urbs]
1190 2477 1311 2502 Ravenna
1363 2475 1499 2510 trepidare]
1526 2478 1671 2510 trepidabat
1724 2475 1870 2509 incendere]

223 2514 374 2538 incendebat
479 2513 531 2539 362
553 2513 627 2547 quin]
651 2516 714 2548 quin
737 2517 821 2548 potius
925 2517 977 2544 363
999 2518 1143 2553 Det'essum]
1168 2521 1303 2553 fatigatum
1357 2525 1395 2545 ter
1419 2519 1507 2553 denos]
1526 2522 1600 2546 XXX
1707 2520 1758 2545 366
1781 2520 1870 2553 Fastn]

222 2557 352 2589 dignitate.
375 2571 404 2574 —
425 2558 530 2582 Pastum
549 2558 661 2590 appellat
679 2559 838 2591 imperialem
857 2560 979 2586 honorem
1083 2561 1133 2588 371
1160 2561 1316 2596 perstrinxit]
1336 2563 1485 2588 sollicitavit
1588 2563 1639 2589 373
1657 2562 1766 2597 mavult]
1786 2565 1869 2597 magis

224 2600 278 2624 vult
365 2599 416 2624 374
435 2599 512 2633 quae]
533 2602 614 2633 patria
702 2600 755 2627 380
773 2603 896 2636 praestat]
916 2605 1007 2630 melius
1026 2610 1064 2631 est
1151 2605 1200 2631 391
1222 2607 1256 2632 Ut
1272 2607 1350 2639 gleba
1367 2607 1479 2639 corporis
1499 2607 1555 2632 cius
1574 2607 1670 2640 patriae
1689 2607 1836 2639 redderetur

326 2685 361 2709 ml
379 2684 430 2710 355
449 2686 607 2711 ANGVSTA
626 2687 651 2711 P
703 2689 790 2713 reterri
809 2697 836 2714 se
855 2690 881 2714 in
899 2689 989 2715 Boeclt.
1082 2690 1131 2717 3⁵11
1150 2692 1265 2718 animum
1284 2693 1362 2725 patris
1381 2695 1397 2718 2
1414 2702 1447 2719 m.
1467 2693 1493 2718 P
1588 2693 1624 2717 ad
1641 2692 1692 2717 37⁴3
1709 2694 1870 2726 Apostrophe

224 2727 314 2752 Bnaeh,
421 2726 472 2752 383
491 2729 584 2754 brebus
603 2738 670 2754 corr.
691 2730 715 2754 P
817 2731 867 2757 394
887 2734 966 2766 possit
984 2734 1076 2760 Bosclz.

328 2813 376 2838 :357
397 2812 453 2844 (Vr.
473 2813 540 2838 Aen.
563 2813 592 2839 X
603 2814 662 2840 895.
