2060 3074
272 157 334 187 604

553 411 591 430 255

552 680 591 699 260

552 940 590 959 265

553 1199 592 1218 270

549 1461 587 1481 2⁵15

549 1721 588 1741 280

550 1981 587 2001 285

549 2240 588 2260 29⁰

548 2499 586 2519 2⁹5

369 2769 420 2795 ‘252
439 2771 583 2796 miserando

266 2812 318 2838 278
338 2813 466 2846 languens
478 2813 503 2838 A

927 157 1079 184 MILONIS
1098 157 1274 184 CARMINA.

638 244 778 286 Respice
803 243 935 275 diffusos
958 244 1022 275 iam
1046 244 1109 275 iam
1133 244 1316 276 miserendo
1339 245 1452 277 fideles

638 296 763 338 Hisque
787 296 896 337 iugem
920 296 1070 338 precibus
1093 297 1191 328 sacris
1215 296 1357 339 deposce
1381 298 1530 338 salutem,

638 347 795 383 Quatinus
818 347 953 379 invictas
976 349 1153 380 retinentes
1176 352 1310 391 pectore
1334 350 1419 381 vires

634 399 704 430 Nec
727 399 814 430 mala
837 410 896 430 nos
918 400 1070 442 frangant
1094 411 1154 432 nec
1178 404 1321 433 mentem
1343 411 1501 444 prospera
1520 404 1658 443 raptent.

680 459 773 490 VIII.
797 460 900 491 Instat
922 461 994 501 iter,
1018 461 1082 493 iam
1106 462 1236 504 iamque
1262 462 1432 504 sequentia
1454 465 1548 504 gesta
1571 465 1759 503 retorquent

637 511 795 543 Carminis
819 522 1006 544 excursum:
1036 514 1160 545 canitur
1183 525 1234 545 res
1259 514 1357 556 digna
1380 515 1498 551 relatu;

635 563 758 595 Mentio
782 575 923 607 namque
947 565 1006 597 viri
1031 566 1224 598 venerandis
1248 566 1397 598 laudibus
1421 569 1498 609 apta
1522 569 1581 597 est.

635 615 784 658 Namque
809 618 1016 659 euangelium
1039 619 1160 660 populo
1185 618 1261 650 dum
1284 619 1453 661 praedicat
1476 619 1563 650 omni

634 667 771 699 Nescius
794 668 937 711 incoepti
961 680 1070 701 curam
1093 671 1205 702 laxare
1230 671 1350 702 laboris

634 719 854 762 Lassatosque
879 724 966 752 artus
990 722 1119 754 modica
1142 733 1295 765 reparare
1321 723 1445 765 quiete:

635 771 840 803 Perlustrans
864 773 941 815 pagi
965 774 1104 805 confinia
1127 774 1380 815 Bellovacensis,

635 823 816 855 Rossontus
839 825 928 856 locus
953 829 1012 865 est,
1037 837 1100 868 quo
1125 829 1254 858 sanetus
1276 827 1365 858 venit
1388 827 1533 858 anhelus.

635 875 708 912 Qua
732 876 878 908 modicus
900 877 979 920 ripis
1003 878 1109 909 refluit
1133 878 1191 910 sed
1215 878 1342 910 Massus
1365 880 1481 921 opimis
1555 871 1557 873 ¹

636 928 746 960 Ubere
770 929 923 961 frumenti
947 930 1069 972 copiosi
1092 934 1126 962 et
1148 941 1281 962 munere
1304 931 1416 971 Bachi,

634 979 708 1011 Non
731 981 842 1023 procul
865 992 885 1012 a
908 984 1024 1023 tractu,
1050 993 1147 1025 quem
1171 994 1282 1015 cursus
1306 984 1450 1026 complet
1473 983 1634 1015 Oronnae.

633 1031 697 1063 Hic
720 1033 826 1064 fuerat
849 1033 964 1065 mulier
987 1034 1125 1076 geminis
1149 1034 1282 1066 viduata
1304 1035 1454 1075 lucernis,

634 1084 755 1115 Fronte
779 1085 839 1116 sub
865 1085 1001 1117 obscura
1024 1086 1127 1118 noctis
1153 1087 1317 1118 simulatio
1340 1097 1418 1119 vera

634 1135 734 1167 Haud
756 1136 908 1168 brevibus
932 1138 1043 1179 spatiis
1068 1138 1169 1170 densa
1192 1139 1331 1181 caligine
1356 1138 1483 1171 durans.

637 1186 734 1219 Cuius
757 1198 876 1230 nempe
899 1188 1031 1220 modum
1055 1189 1131 1220 dum
1153 1190 1254 1221 iustus
1278 1190 1456 1222 comminus
1479 1191 1602 1222 instans

635 1239 811 1279 Scrutatur,
837 1239 949 1272 didicit
972 1251 1086 1272 causas
1110 1244 1304 1284 tempusque
1327 1245 1469 1284 negatae

634 1293 730 1326 Lucis
755 1297 788 1325 et
810 1293 952 1336 auguriis
975 1295 1075 1326 iustas
1100 1295 1265 1337 quaesisse
1289 1294 1453 1326 tenebras.

633 1345 934 1389 Frondicomaeque
959 1346 1042 1378 deae
1067 1357 1102 1378 se
1128 1346 1308 1378 deservisse
1332 1356 1503 1378 renarrans

633 1397 731 1430 Ducit
755 1408 839 1438 eum,
862 1398 974 1440 rigidis
998 1409 1160 1430 ramorum
1183 1398 1321 1431 flexibus
1344 1398 1440 1430 arbor

634 1449 705 1486 Quo
730 1453 828 1492 caput
851 1451 1014 1482 extulerat
1037 1461 1192 1493 perversa
1215 1451 1308 1493 fruge
1332 1450 1454 1482 colonis

630 1501 749 1542 Noxia,
773 1502 957 1534 loetiferum
981 1503 1118 1545 gignens
1141 1502 1250 1535 radice
1273 1513 1445 1542 venenum,

630 1554 765 1586 Rustica
787 1555 881 1596 plebs
904 1555 1010 1597 prisco
1036 1566 1133 1597 quam
1156 1558 1404 1587 consecraverat
1426 1555 1523 1586 hosti.

632 1606 730 1638 Fudit
754 1609 787 1638 et
809 1609 845 1638 ut
868 1607 984 1639 mulier
1006 1608 1164 1650 plangens
1187 1607 1423 1649 lacrimansque
1447 1606 1608 1649 querelas,

633 1658 790 1690 Reddidit
812 1659 871 1690 has
895 1662 1025 1691 sanctus
1049 1659 1217 1691 miseranti
1239 1662 1373 1701 pectore
1397 1669 1509 1690 voces:

633 1709 716 1741 ‘Non
739 1710 886 1742 miranda
908 1711 1020 1752 refers,
1045 1711 1161 1743 mulier
1184 1714 1319 1743 caecata
1341 1714 1444 1750 reatu,

632 1761 714 1793 Cum
737 1762 867 1804 proprio
891 1762 1018 1804 plangis
1042 1762 1226 1794 discrimina
1250 1762 1382 1794 crimine
1406 1765 1509 1798 creta3

632 1812 754 1855 Magna
776 1813 835 1845 sed
858 1813 1000 1846 admiror
1023 1825 1120 1857 quam
1145 1815 1186 1846 sit
1209 1813 1383 1846 clementia
1406 1813 1535 1854 Christi,

633 1865 733 1897 Cuius
754 1866 847 1908 larga
869 1866 964 1898 nimis
987 1869 1020 1898 te
1043 1867 1110 1898 iam
1132 1867 1290 1909 patientia
1312 1869 1430 1908 portat,

633 1917 732 1949 Cuius
755 1917 798 1949 ad
822 1918 981 1950 offensam
1001 1919 1132 1961 proprio
1156 1918 1351 1950 famulabilis
1373 1918 1459 1950 hosti

632 1969 813 2002 Emeritum
836 1970 957 2002 retines
981 1970 1133 2002 damnum
1157 1971 1342 2013 iustumque
1365 1970 1534 2013 pudorem.

631 2021 677 2053 At
698 2022 757 2053 tibi
780 2022 807 2053 si
829 2025 978 2065 superest
1001 2023 1140 2054 amissae
1165 2032 1242 2054 cura
1266 2022 1388 2062 salutis,

630 2073 810 2104 Assensum
832 2074 949 2105 nostris
971 2074 1037 2105 iam
1060 2085 1143 2106 nunc
1166 2074 1324 2116 praebeto
1348 2073 1500 2116 loquelis:

633 2124 730 2156 Ocius
754 2124 920 2165 audacter,
945 2125 1007 2157 dea
1031 2135 1094 2168 quo
1118 2128 1183 2157 stat
1205 2126 1371 2168 pestifera,
1395 2125 1458 2162 ito;

633 2176 698 2219 Spe
723 2176 830 2208 stabili
853 2177 1006 2209 confirma
1029 2178 1172 2209 animum
1196 2177 1412 2220 dextramque
1435 2177 1578 2219 bipenni,

632 2228 740 2260 Arbor
761 2231 798 2260 ut
820 2228 863 2260 ad
885 2231 988 2261 terras
1011 2229 1078 2261 iam
1100 2232 1234 2272 proruat
1258 2232 1332 2261 acta
1355 2229 1469 2269 securi,

633 2279 738 2316 Quam
759 2281 940 2318 venenu-im
963 2281 1049 2313 enim
1066 2281 1164 2313 -citius
1187 2281 1340 2323 promitto
1363 2281 1516 2322 futurum,

634 2331 777 2363 Credula
799 2332 825 2363 si
849 2332 957 2372 fueris,
980 2332 1088 2365 felicia
1111 2336 1188 2365 vota
1210 2336 1378 2376 reportans

632 2383 729 2420 Quod
749 2385 858 2427 capies
879 2385 1021 2417 celerem
1041 2385 1250 2417 menbrorum
1272 2386 1464 2427 animaeque
1481 2383 1665 2417 medelam.’

631 2435 701 2467 Nec
722 2446 827 2468 mora:
853 2436 929 2468 dum
952 2440 1106 2480 properat
1128 2438 1245 2469 mulier
1267 2437 1405 2470 ducente
1428 2437 1539 2480 puella

631 2487 814 2519 Arboream
838 2490 988 2520 truncare
1012 2488 1109 2520 deam
1134 2489 1355 2532 frondensque
1379 2499 1534 2521 cacumen

631 2538 815 2581 Relligione
839 2550 953 2571 carens
976 2540 1134 2572 succisum
1158 2540 1287 2572 tradere
1310 2541 1456 2581 flammis,

632 2589 838 2632 Perspiciens
861 2595 989 2624 sanctus
1011 2592 1088 2624 fidei
1111 2593 1300 2624 venerabile
1325 2593 1436 2624 lumen

631 2641 770 2674 Interius
793 2643 919 2686 fulgere
944 2645 1046 2676 crucis
1070 2644 1270 2677 celebrabile
1294 2644 1421 2687 signum

602 2780 670 2797 corr.
684 2772 712 2796 K
790 2772 841 2798 263
858 2774 1010 2799 Rossomtus
1022 2773 1048 2798 B
1126 2773 1178 2800 264
1197 2773 1305 2807 massus]
1325 2774 1353 2799 ἰ-ιι
1372 2783 1454 2807 marq.
1474 2775 1599 2800 fluuiolus
1611 2774 1691 2800 ΑΚΒ

591 2813 642 2839 289
661 2815 799 2848 Spe-stabili
817 2825 884 2842 corr.
898 2816 923 2841 A

1765 2774 1925 2801 266NecB
