2040 2996
714 107 754 134 IN
772 108 990 135 MULTONEM.
1027 108 1161 136 TlTULI.
1702 113 1764 143 207

480 193 619 236 Nonque
643 194 804 237 superbus
830 206 914 237 equo
938 195 1098 227 lustrabat
1122 207 1260 228 amoena
1284 198 1414 236 virecta,

528 244 594 277 Sed
618 247 759 288 propriis
782 246 922 288 pedibus
946 247 1007 278 rite
1030 247 1193 289 migrabat
1216 248 1292 281 iter:

390 303 427 321 ¹¹³
480 296 554 328 Non
578 297 750 329 mendosus
773 301 844 330 erat
867 309 925 330 nee
949 299 1059 330 inania
1082 299 1182 331 verba
1205 300 1373 342 loquutus:

527 347 596 379 Baa
620 359 679 380 seu
701 348 762 380 hee
785 350 924 392 mystica
947 350 1048 382 verba
1072 350 1179 383 dabat.

479 398 594 440 Agnus
618 401 654 431 ut
676 399 871 431 altithronus
893 411 951 443 pro
974 402 1202 444 peccatoribus
1226 414 1333 435 acrem

526 450 679 483 Gustavit
701 455 838 484 mortem
862 453 946 484 filius
970 454 1040 496 ipse
1063 454 1133 486 dei:

477 502 626 545 Carpens
650 503 762 535 mortis
786 504 849 536 iter
872 505 1009 536 canibus
1032 505 1195 538 laceratus
1218 508 1335 550 iniquis

387 561 424 579 m
499 590 502 591 ⁷
525 554 592 586 Pro
616 555 743 587 latrone
766 555 852 587 malo
876 557 931 595 sic,
956 557 1009 599 pie
1033 558 1145 596 multo,
1170 559 1266 601 peris.

378 608 401 611 ”
477 605 646 642 Quomodo
669 617 727 649 pro
750 607 844 639 Isaac
868 608 954 640 aries
979 619 1072 640 sacer
1095 610 1200 642 hostia
1224 611 1342 643 factus:

525 657 579 689 Sic
603 661 638 689 tu
663 669 721 701 pro
745 659 864 691 misero
888 660 1020 691 victima
1043 665 1136 703 grata
1159 673 1282 695 manes.

478 708 506 740 Ο
530 709 635 751 pietas
659 709 781 742 domini
805 710 950 743 clemens
974 722 1012 743 ac
1035 712 1127 755 larga
1150 717 1308 756 potesta8‚

523 760 586 797 Qui
609 771 672 793 non
698 762 766 793 vult
789 762 936 794 homines
960 767 1065 796 morte
1089 766 1194 807 perire
1219 766 1318 797 mala:

386 817 423 837 ¹²³
477 811 603 844 Dextra
627 823 769 855 superna
791 813 843 846 dei
867 814 1027 847 latronem
1052 817 1156 848 salvat
1180 818 1334 859 iniquum.

523 863 610 896 Olim
634 875 718 907 quae
741 865 868 897 cuidam
892 876 968 897 mox
992 878 1088 900 cruce
1111 874 1258 910 praestat
1282 880 1386 912 opem.

476 915 595 948 Grates
619 916 669 948 fer
691 913 832 955 domino,
858 927 998 960 nequam
1023 919 1108 951 male
1132 920 1256 962 perfide
1281 921 1375 960 latro⁷

520 966 583 999 Dic
607 978 679 1000 eum
703 968 874 1011 psalmista
897 970 977 1002 talia
1001 970 1101 1002 verba
1124 971 1236 1004 miser:

478 1019 638 1052 ‘Dextera
659 1030 712 1052 me
735 1020 855 1052 domini
880 1024 957 1054 tunc
981 1023 1140 1055 exaltavit
1164 1023 1300 1068 olimpi:

383 1078 421 1096 ¹³⁰
524 1071 653 1112 Vivam,
678 1083 742 1104 non
765 1073 895 1113 moriar,
919 1073 1006 1105 facta
1029 1074 1146 1117 deique
1170 1086 1296 1108 canam.

474 1123 528 1155 Me
553 1124 726 1166 castigavit
749 1124 916 1166 castigans
941 1126 1028 1157 alma
1051 1130 1208 1169 potestas,

520 1175 669 1208 Tradidit
692 1176 772 1208 haut
794 1178 891 1208 morti
914 1188 966 1210 me
990 1179 1163 1221 rapuitque
1188 1179 1282 1211 neci.'

782 1231 1080 1265 EPITAPHIUM.

472 1277 533 1317 Tu,
558 1277 642 1311 bone
665 1279 779 1319 multo,
803 1280 886 1316 vale,
909 1280 995 1312 nivei
1019 1282 1131 1323 gregis
1155 1282 1264 1314 inclite
1288 1282 1411 1322 ductor,

520 1329 596 1362 Heu
619 1331 694 1372 quia
718 1341 778 1363 nec
802 1331 910 1363 vivum
936 1335 968 1364 te
993 1343 1085 1365 meus
1110 1333 1222 1366 hortus
1246 1334 1355 1366 habet.

382 1386 419 1405 ¹³⁵
471 1380 607 1419 Forsan,
630 1382 745 1422 amice,
770 1383 828 1415 tibi
851 1384 944 1416 fieret
967 1384 1173 1428 calidumque
1198 1386 1362 1418 lavacrum
1388 1406 1426 1410 —

518 1432 590 1465 Non
613 1433 679 1466 alia
701 1444 809 1475 causa,
833 1435 902 1468 iure
926 1435 984 1469 sed
1008 1436 1156 1479 hospitii;

472 1483 548 1527 Ipse
571 1485 808 1518 ministrassem
833 1487 952 1520 devoto
976 1492 1108 1532 pectore
1132 1490 1272 1532 limphas

518 1536 696 1580 Cornigero
721 1539 830 1582 capiti,
854 1540 999 1572 calcibus
1021 1544 1119 1583 atque
1142 1542 1217 1574 tuis.

472 1587 519 1620 Te
543 1588 678 1631 (fateor)
702 1591 805 1633 cupii;
829 1591 957 1623 viduam
982 1595 1184 1635 matremque
1208 1594 1351 1636 cupisc0,

379 1644 416 1664 ¹⁴⁰
519 1639 653 1673 Fratres
676 1645 774 1685 atque
798 1646 871 1675 tuos
896 1655 1027 1687 semper
1050 1645 1175 1678 amabo.
1210 1645 1307 1678 Vale.

896 1750 968 1772 xeu.

667 1800 727 1833 DE
751 1802 945 1839 QUADAM
969 1804 1200 1837 ECCLESIA.

471 1859 581 1903 1Hanc
604 1862 841 1904 paradisiacam
865 1865 1031 1896 vernantis
1058 1866 1210 1897 scematis
1233 1865 1354 1909 aulam]

469 1911 657 1955 Florigeras
679 1914 819 1957 species,
843 1915 907 1947 ista
929 1927 1010 1958 quas
1034 1917 1140 1949 cernis
1163 1917 1195 1949 in
1219 1918 1312 1957 aede,

469 1963 606 1996 Inclitus
629 1965 826 2008 Hartgarius
849 1968 981 2010 praesul
1006 1968 1190 2011 lampabilis
1213 1972 1299 2007 actu,

470 2014 658 2048 Aethereac
681 2017 824 2050 Solimae
849 2029 942 2050 sacro
967 2019 1043 2050 dum
1067 2019 1184 2062 flagrat
1206 2031 1326 2060 amore,

403 2073 416 2092 δ
469 2066 541 2099 Hoc
565 2068 654 2100 vario
677 2069 843 2111 specimen
868 2070 961 2102 iussit
984 2071 1215 2113 splendescere
1239 2067 1338 2103 cultu.

468 2143 562 2176 Haec
585 2144 698 2177 domus
722 2149 772 2178 est
795 2145 918 2178 domini
942 2147 1053 2180 vitreis
1077 2148 1207 2180 oculata
1230 2149 1393 2190 fenestris,
1450 2151 1570 2183 ITEM.

469 2195 574 2232 Quam
597 2195 731 2229 Phebus
754 2197 871 2230 lustrat
894 2198 993 2230 radiis
1017 2201 1051 2231 et
1073 2199 1161 2232 crine
1186 2211 1311 2232 sereno.

469 2246 553 2278 Nam
577 2247 698 2290 quintis
721 2248 856 2281 decimis
880 2249 959 2281 Maii
984 2254 1112 2282 sacrata
1135 2251 1285 2283 kalendis

468 2295 602 2331 Albicat
624 2299 656 2331 in
681 2301 802 2343 specie,
828 2301 916 2344 picto
940 2302 1039 2334 micat
1062 2302 1134 2345 ipsa
1157 2302 1287 2335 decore.

389 2386 414 2404 1⁰
467 2379 560 2412 Haec
582 2380 614 2412 in
638 2380 760 2413 honore
784 2381 865 2414 nitet
887 2381 978 2414 Petri
1000 2382 1157 2424 Paulique
1181 2393 1365 2422 coruscans,
1447 2385 1569 2417 ITEM.

470 2431 615 2474 Virginis
639 2436 673 2464 et
694 2432 818 2465 Mariae
843 2433 925 2465 han'c
949 2444 1079 2466 sacrum
1102 2445 1218 2466 nomen
1242 2435 1397 2468 honestat

468 2482 593 2515 Aedem
618 2484 783 2516 lucifluam
807 2496 920 2527 sparso
945 2496 1005 2518 ceu
1028 2486 1105 2518 flore
1129 2486 1294 2525 refertam,

467 2534 660 2567 Sanctorum
684 2536 892 2579 reliquusque
917 2537 1034 2569 chorus
1058 2537 1140 2570 haec
1163 2540 1252 2570 tecta
1274 2539 1430 2570 sacravit.

206 2644 255 2671 116
272 2645 371 2672 mistica
385 2647 408 2673 0
484 2647 534 2673 126
551 2657 588 2674 an
604 2647 671 2675 *inm
689 2658 722 2675 ex
734 2650 746 2675 3
826 2649 875 2676 133
887 2651 944 2675 vale
957 2650 1018 2676 add.
1034 2651 1060 2675 0
1142 2650 1190 2676 136
1203 2651 1309 2684 hospicii
1324 2651 1346 2676 Ο
1456 2651 1535 2685 [ηιμ]
1549 2652 1589 2678 ed.
1602 2652 1749 2678 Dtaenzmler

101 2686 118 2712 l.
131 2695 152 2712 ο.
160 2696 191 2720 p.
204 2687 239 2714 23
249 2698 286 2721 aq.
367 2688 399 2715 *l
419 2691 475 2716 acia
493 2691 565 2717 lectio
576 2692 676 2718 videmr
693 2701 746 2718 esee
760 2701 812 2725 pro
829 2691 846 2718 2
933 2692 950 2718 3
967 2693 1102 2726 burgarius
1116 2692 1139 2718 0
1153 2702 1219 2718 corr.
1238 2693 1387 2720 Duemmler
1473 2695 1490 2721 5
1507 2696 1583 2721 uultu
1600 2704 1667 2720 corr.
1682 2695 1704 2720 0

206 2756 256 2785 113
273 2756 340 2785 Aen.
358 2756 405 2793 VI,
423 2758 475 2786 638
493 2759 522 2786 et
539 2767 657 2786 amoena
676 2759 789 2786 virecta.
861 2760 912 2787 128
926 2767 968 2793 ps.
983 2760 1040 2793 117,
1060 2760 1092 2786 16
1197 2760 1277 2795 [ηιμ]
1296 2761 1313 2787 6
1333 2762 1387 2795 Csr.
1402 2763 1458 2796 XI,
1478 2763 1510 2789 17
1530 2764 1554 2789 et
1566 2762 1619 2795 IV,
1637 2762 1671 2789 42
1689 2771 1751 2796 sqq..
