2040 2996
0 2203 12 2283 *xe

569 45 589 65 ‚h

449 124 658 153 PASSlONUM
682 125 736 152 BB.
755 125 898 152 IULIANI
915 125 961 152 ET
981 125 1166 153 SOCIORUM
1183 126 1266 154 ElUs
1285 127 1394 154 LIBER
1412 128 1461 154 ΙΙΙ.
1719 129 1779 159 103

496 212 592 249 Quali
613 222 665 244 me
687 211 812 251 docuit,
836 212 942 244 felicis
965 212 1105 244 nominis
1128 212 1253 245 artem'.

130 270 154 291 c.
170 269 219 290 un.
496 263 659 295 Adfirmat
680 263 813 305 praesul
836 264 986 302 stultum,
1009 264 1064 306 qui
1087 267 1204 306 sponte
1229 264 1287 296 sub
1311 265 1375 297 ista

413 321 440 340 ⁷⁰
495 315 620 347 Iniuria
641 315 727 347 vitae
750 315 912 358 presentis
935 315 1055 358 gaudia
1078 319 1200 349 curvat.

497 366 637 399 Sanctus
660 367 715 405 ait,
739 367 865 399 eunctis
881 367 1047 399 dominum
1063 368 1145 400 haec
1168 371 1336 411 praestare
1360 372 1520 412 paratum,

496 418 590 450 Istud
614 418 673 451 sed
695 428 817 461 paucos
840 419 969 451 culmen
992 419 1211 452 conscendere
1235 421 1362 462 dignos.

496 470 578 502 ‘Non
603 469 676 512 ego’
698 480 835 513 praeses
859 471 906 502 ait
929 473 1048 503 ‘tecum
1072 472 1276 504 sermonibus
1299 473 1384 505 ultra

496 521 553 554 Uti
575 522 736 562 delector,
760 522 912 565 princeps
935 522 1062 554 Iuliane
1084 533 1266 566 magorum:

414 579 439 599 ⁷⁵
483 573 580 606 ,Nam
603 573 702 606 statui
722 573 822 606 finem
844 576 952 605 tecum
976 573 1040 605 iam
1064 574 1194 617 iamque
1218 575 1394 617 loquendi.'

495 625 636 668 ‘Optavi'
659 626 739 659 dicit
761 629 894 658 sanctus
916 625 1064 658 Iulianus
1088 628 1132 658 ‘et
1155 631 1248 670 opto:

495 677 572 709 Vox
593 678 784 721 blasphema
806 689 898 710 meas
920 681 1046 710 tantum
1070 689 1111 710 ne
1135 680 1298 722 scalperet
1320 680 1437 713 aures)

132 734 157 756 C·
172 733 200 755 V·
496 729 660 762 Turbidus
684 730 758 762 hinc
780 740 915 773 praeses
938 730 1055 762 faeiem
1078 731 1267 773 tranquillat
1290 734 1324 764 et
1347 733 1466 764 almum

495 780 686 824 Alloquitur
707 781 854 823 genitum
878 782 984 813 virosa
1008 792 1087 814 voce
1111 786 1279 815 cruentus:

414 840 440 858 ⁸⁰
497 832 558 865 ‘En
580 836 651 873 tua,
675 844 772 876 quam
794 833 917 873 triduo,
939 833 1091 876 genetrix
1112 834 1254 875 indulta,
1278 837 1430 878 petebas:

496 884 631 918 Tractet
653 885 716 917 hoc
730 886 849 928 *spacio
873 889 995 925 tecum,
1020 897 1104 928 quae
1127 888 1244 919 semita
1267 888 1352 920 vitae

497 936 649 978 Congrua
671 937 713 970 sit
735 937 842 974 vobis;
866 938 1022 980 posthaec
1046 938 1197 981 pendetis
1221 943 1255 972 et
1277 940 1358 972 illud

494 988 582 1020 Ante
605 999 696 1021 meos
719 989 799 1022 laeti
822 990 948 1029 vultus,
973 990 1155 1022 clarissima
1177 992 1299 1034 proles:

496 1040 636 1073 Pectore
659 1051 752 1080 nam,
775 1041 837 1081 fili,
861 1045 930 1074 toto
956 1046 1083 1074 certare
1107 1046 1222 1085 parata
1245 1046 1306 1082 est,

416 1099 440 1118 ⁸⁵
498 1092 603 1125 Unica
626 1103 667 1124 ne
691 1093 794 1125 virtus
817 1103 934 1136 pereas
957 1094 1126 1136 utriusque
1150 1094 1317 1137 parentis’.

498 1144 676 1177 Subiunxit
699 1147 848 1176 sanctus:
873 1144 1017 1177 ‘Nullum
1041 1146 1195 1188 permitte
1218 1150 1348 1178 tuorum

498 1196 570 1228 Hoc
593 1199 723 1228 nostras
746 1196 852 1229 triduo
875 1196 974 1228 facies
997 1196 1192 1238 decernere,
1216 1198 1336 1241 poseo'.

132 1251 156 1272 ⁰·
171 1250 212 1273 Vl·
540 1247 699 1281 Concedit
721 1249 852 1292 praesul
874 1249 1063 1292 pariterque
1087 1250 1254 1282 includere
1278 1251 1412 1283 mandat

497 1299 580 1332 Cum
603 1300 724 1332 sanetis
745 1303 882 1332 matrem
904 1301 1011 1343 pueri:
1035 1301 1230 1333 clauduntur
1253 1305 1286 1334 et
1310 1302 1353 1334 hii
1376 1313 1462 1335 mox.

415 1359 441 1378 ⁹⁰
497 1352 643 1394 Ingressi
665 1352 764 1384 talem
787 1351 919 1384 domino
942 1352 1054 1384 fudere
1079 1356 1260 1396 precatum:

497 1403 537 1436 ‘O
561 1423 602 1428 ——
625 1403 680 1446 qui
703 1406 822 1436 cuneta
846 1403 938 1436 vides
962 1407 996 1436 et
1018 1405 1125 1436 noscis
1148 1406 1315 1447 praescius
1338 1416 1444 1446 omne,

499 1456 545 1488 Ut
567 1455 691 1488 factum
713 1465 887 1498 praesens,
911 1466 1016 1498 aeque
1039 1459 1175 1488 ventura
1199 1457 1384 1499 probasque

497 1507 576 1540 Plus
598 1510 726 1539 mentes
749 1506 914 1549 placidas,
941 1508 1033 1539 senio
1057 1518 1154 1550 quam
1178 1519 1312 1552 corpora
1334 1509 1437 1552 pigra,

498 1559 561 1592 His
585 1559 668 1591 votis
691 1569 804 1591 aurem
829 1558 1008 1602 praebens,
1031 1559 1214 1602 largissime
1239 1560 1367 1593 Christe
1377 1561 1386 1592 :'

416 1619 441 1638 ⁹⁵
498 1611 624 1650 Huius,
648 1621 734 1643 nune
757 1613 906 1654 praesta,
931 1614 1067 1653 pateant
1089 1602 1132 1643 ut'
1148 1611 1270 1644 lumina
1291 1612 1408 1652 cordis,

498 1663 744 1706 Acceptamque
766 1661 825 1694 tibi
848 1662 967 1699 facias,
991 1673 1075 1704 quae
1099 1662 1235 1705 gignere
1259 1664 1398 1696 fructum

499 1714 600 1747 Terra
622 1712 685 1747 deo
707 1714 828 1757 potuit,
851 1714 907 1756 qui
930 1725 1014 1746 nunc
1037 1714 1171 1746 laetaris
1194 1715 1227 1746 in
1250 1714 1326 1748 illo'.

132 1767 157 1788 c.
171 1767 222 1790 vu.
497 1766 541 1799 Et
563 1765 671 1798 subito
694 1765 754 1798 has
777 1776 876 1798 voces
901 1766 1048 1808 sequitur
1071 1767 1244 1798 commotio
1269 1770 1386 1807 terrae,

501 1818 630 1851 Emicat
651 1821 686 1850 et
705 1817 814 1859 fulgor
834 1817 1032 1860 septimplex
1055 1817 1128 1850 luce
1151 1819 1276 1850 metalli

133 1919 247 1945 omnium
265 1919 406 1945 bonomm'.
443 1919 586 1944 Muti-nus
604 1925 706 1951 praeses
723 1917 799 1942 dixit:
824 1916 865 1942 ‘Et
882 1918 940 1950 quis
957 1922 1008 1942 tam
1027 1917 1150 1950 insipiens
1167 1922 1214 1949 est,
1232 1919 1276 1950 qui
1295 1919 1372 1944 huius
1390 1920 1457 1946 vitae
1470 1921 1589 1946 laetitiam
1607 1921 1690 1954 fugiat
1708 1924 1734 1946 et
1749 1920 1782 1945 ad

133 1962 208 1988 istam
225 1966 322 1988 unum
339 1962 458 1988 iniuriam
476 1965 557 1987 semet
574 1961 657 1994 ipsum
679 1959 809 1986 inclinet?
845 1960 871 1985 S.
890 1961 907 1985 1.
927 1960 1005 1986 dixit:
1035 1960 1101 1986 ‘Hoc
1118 1961 1181 1986 deus
1200 1960 1329 1992 (dominus
1347 1962 1382 1994 B)
1401 1964 1519 1989 omnibus
1536 1967 1640 1997 paratus
1657 1967 1697 1989 est
1713 1964 1780 1995 dare,

133 2005 179 2031 sod
199 2005 276 2038 ponci
296 2009 358 2031 sunt
379 2005 451 2039 digni
473 2003 605 2038 moipere'.
640 2004 783 2030 Martianus
804 2011 905 2036 praeses
926 2003 1000 2028 dixit:
1037 2003 1085 2028 ‘Ad
1107 2008 1132 2029 te
1157 2002 1284 2036 (Julianus,
1303 2004 1340 2038 B)
1365 2014 1437 2031 meus
1461 2014 1543 2032 sermo
1561 2007 1637 2032 finem
1656 2006 1779 2039 accipiat'.

136 2046 258 2082 (Sancum
278 2047 311 2081 Β)
331 2048 448 2074 Iuli-nus
465 2048 542 2073 dixit:
561 2047 626 2073 ‘Hoc
643 2051 670 2072 et
686 2055 735 2080 ego
752 2054 852 2079 semper
869 2046 972 2079 opnvi'.

237 2094 262 2128 9,
270 2094 304 2121 47
321 2096 397 2121 Tune
414 2103 515 2129 pneses
532 2095 564 2120 sd
581 2095 662 2120 filium
680 2102 756 2119 suum
773 2094 820 2119 ait:
847 2093 921 2119 ‘Eece
939 2098 1020 2119 mater
1037 2098 1093 2124 tua;
1118 2098 1147 2119 ut
1165 2095 1310 2126 postulasti,
1332 2095 1422 2121 triduo
1442 2103 1500 2121 cum
1524 2104 1554 2121 eo
1573 2095 1614 2128 (ea
1631 2097 1657 2128 β)
1676 2096 1781 2121 habebis

134 2138 258 2164 inducias.
294 2139 366 2164 Haeo
386 2142 473 2164 autom
495 2138 528 2163 ad
549 2138 636 2163 omnia
657 2137 704 2162 tibi
727 2137 846 2162 oboedire
869 2140 955 2169 parata
976 2141 1026 2167 est,
1051 2145 1083 2162 ne
1106 2141 1131 2162 te
1149 2138 1253 2162 unicum
1272 2138 1409 2163 multorum
1427 2147 1532 2164 suorum
1550 2139 1665 2164 dolorum
1682 2139 1782 2164 amittat

135 2181 313 2208 dulcissimum
338 2181 438 2207 filinm'.
478 2182 503 2207 S.
526 2181 627 2207 Celsius
649 2181 725 2206 dixit:
761 2179 826 2205 ‘Hoc
847 2180 932 2205 triduo
955 2185 1034 2205 matre
1058 2180 1119 2205 mihi
1141 2188 1262 2206 concessa
1286 2181 1351 2206 nulli
1372 2181 1446 2206 liceat
1470 2181 1567 2212 (licebit
1588 2181 1613 2206 Β
1620 2181 1655 2213 E)
1679 2185 1782 2206 tuorum

134 2224 273 2251 intem-en

239 2268 346 2293 Praese·
368 2267 444 2293 dixit:
475 2266 554 2293 ‘Sicut
572 2267 625 2299 vis,
649 2266 834 2292 in'eoucedo'.
871 2267 902 2292 Et
925 2266 1030 2292 adiecit:
1060 2265 1242 2292 ‘Recludantur
1266 2267 1342 2292 simul
1366 2267 1481 2292 custodia
1505 2267 1619 2300 privata'.
1659 2267 1782 2300 Impletur

135 2311 214 2336 iussio
241 2310 370 2344 praesidis.
411 2311 487 2336 Tune
500 2306 595 2335 'moti
619 2313 743 2343 martyres
773 2307 953 2342 (recluduntur
978 2308 1013 2342 B)
1043 2309 1112 2334 civili
1139 2309 1254 2335 custodis
1281 2318 1335 2335 una
1360 2318 1419 2335 cum
1445 2314 1525 2335 matre
1548 2310 1627 2343 pueri.
1670 2309 1782 2342 Ingressi

135 2354 203 2380 hano
219 2354 360 2380 ontionem
377 2353 500 2379 fuderunt
516 2353 549 2378 nd
565 2353 696 2378 dominum
714 2353 839 2378 dieentes:
867 2352 958 2384 ¹Deus,
982 2353 1026 2385 qui
1046 2353 1174 2385 praescius
1191 2361 1218 2378 es
1236 2354 1388 2385 futurorum,
1408 2353 1452 2385 qui
1469 2355 1596 2378 transacta
1613 2352 1695 2377 veluti
1712 2360 1781 2384 prse-

135 2397 217 2423 sentia
233 2396 372 2430 conspicis,
393 2396 438 2429 qui
457 2400 555 2422 montes
572 2395 677 2429 probas,
700 2405 751 2421 nou
767 2400 876 2421 set-tes:
903 2400 944 2428 tu,
969 2396 1083 2427 domiue,
1108 2396 1196 2420 oculos
1215 2396 1297 2421 cordis
1316 2396 1393 2421 huius
1411 2396 1508 2428 aperire
1526 2396 1633 2428 dignare
1651 2398 1676 2420 et
1693 2402 1781 2428 aecep-

135 2439 240 2467 nabilem
257 2439 304 2465 tibi
322 2440 362 2465 fan
379 2442 482 2471 terram,
499 2447 531 2464 ex
549 2447 600 2472 qun
616 2439 747 2472 sumpsisti
766 2440 885 2470 fructum,
904 2439 930 2464 in
949 2447 1000 2471 quo
1018 2438 1106 2463 laetari
1123 2438 1299 2471 cognoscet-id⁴

238 2485 274 2512 48
291 2486 380 2512 Statim
397 2490 540 2512 commotus
557 2490 596 2512 est
612 2486 698 2518 locus,
716 2486 743 2512 in
763 2494 814 2519 quo
832 2490 906 2512 eraut
923 2486 1005 2511 saneti
1023 2489 1137 2517 orantes,
1155 2489 1180 2511 et
1200 2484 1298 2518 (fulgor
1317 2485 1342 2510 B
1347 2484 1374 2518 β)
1395 2489 1500 2518 argento
1518 2485 1611 2518 septies
1628 2484 1783 2517 splendidior

239 2632 274 2658 68
291 2632 374 2659 *felini
391 2632 418 2658 P
432 2633 482 2664 cfr.
495 2641 568 2666 paca.
585 2632 606 2658 Ι
610 2632 637 2665 V,
651 2632 686 2659 53
731 2608 736 2614 ¹
784 2631 816 2658 ’Π
834 2631 968 2666 scalperet]
987 2642 1017 2658 ca
1033 2633 1134 2658 admei:
1151 2631 1176 2656 P
1272 2630 1306 2656 86
1324 2631 1441 2656 subiuxit
1458 2639 1525 2656 corr.
1543 2630 1568 2655 P
1661 2628 1695 2654 92
1713 2637 1782 2662 prae-

136 2684 178 2702 ses
194 2684 262 2702 eor-r.
274 2675 301 2701 P

240 2764 273 2792 75
289 2772 310 2791 ε.
326 2773 352 2799 9.
370 2763 436 2791 Met.
456 2764 479 2798 L
497 2765 549 2792 535
566 2763 623 2791 iam
641 2765 752 2798 iamque
772 2764 875 2790 tenere.
980 2764 1011 2789 81
1022 2771 1074 2796 sqq.
1093 2762 1138 2795 dr.
1152 2769 1224 2794 pass.
1245 2761 1283 2794 II,
1301 2761 1352 2788 266
1370 2769 1421 2794 sqq.
