2138 3106
855 220 904 246 AD
921 219 1166 247 WELPHONFIM.
1770 223 1831 253 357

552 306 604 338 Ad
627 306 738 348 gregis
763 308 922 346 ornatum,
946 305 1086 342 domine,
1110 317 1303 349 semperque
1327 308 1435 339 valeto

485 370 512 390 ιο
590 357 634 389 Et
656 358 751 390 simul
775 358 942 400 egregium
966 358 1007 390 ad
1030 358 1139 398 decus,
1164 369 1229 399 oro,
1253 362 1354 392 tuum.
1371 379 1411 382 —

551 410 604 442 Ad
626 410 724 442 finem
748 414 861 442 tensus
883 411 1011 442 veniam
1034 411 1178 453 deposco
1203 415 1361 451 verenter,

594 462 691 502 Olim,
713 473 771 505 pro
794 462 922 497 11801110,
947 462 1001 504 qui
1024 463 1088 494 ruit
1112 473 1130 494 e
1154 473 1266 495 ceraso

552 514 643 546 Illius
667 525 709 546 ex
735 514 844 557 culpa,
866 514 974 546 fuerat
997 515 1051 556 qui
1076 526 1173 557 supra
1197 516 1331 553 10081118,

593 565 698 603 Quem
721 566 871 598 manibus
894 566 1015 597 frustra
1038 566 1069 597 in
1093 566 1231 608 geminis
1256 567 1369 599 tenuit.

485 631 510 650 45
548 617 654 654 Quam
678 618 739 649 fuit
761 618 818 649 illa
841 617 921 657 dies,
945 618 1044 655 crevi,
1068 618 1147 649 mihi
1171 622 1287 657 mesta,
1311 630 1460 651 cruorem

594 669 713 702 Vestro
736 670 768 701 in
792 680 856 712 qua
878 670 980 702 fluere
1003 680 1203 712 purpureum
1228 671 1344 713 eapite.

970 1015 1054 1049 CLI.

861 1089 926 1125 AD
954 1088 1158 1126 EVNDEM.

557 1179 666 1220 Sume,
691 1184 795 1224 pater,
819 1181 968 1213 manibus
992 1192 1133 1221 carmen,
1157 1180 1242 1224 quod
1264 1180 1372 1212 fistula
1395 1179 1514 1222 promit

553 1232 683 1273 Nostra,
707 1244 804 1266 manu
829 1233 938 1266 studui
963 1234 1060 1266 celeri
1083 1244 1146 1277 quo
1171 1234 1306 1277 pingere
1330 1232 1432 1269 vobis,

555 1284 627 1321 Quo
650 1285 746 1317 modo
770 1289 880 1318 vestra
903 1285 985 1318 fides
1008 1289 1153 1318 vestrum
1178 1285 1320 1317 servavit
1343 1285 1514 1317 homonem

554 1335 661 1369 Marte
685 1338 775 1380 gravi
800 1338 963 1380 quendam
987 1341 1099 1370 contra
1122 1338 1272 1380 nequiter
1296 1337 1491 1380 cupientem.

501 1400 513 1419 5
552 1388 618 1420 Sed
642 1388 803 1430 dominus,
827 1390 918 1422 caelo
942 1390 1047 1422 iustus
1070 1390 1124 1432 qui
1149 1389 1313 1432 praesidet
1336 1389 1414 1423 alto,

551 1439 725 1480 Iustitiam,
750 1441 860 1481 iudex,
884 1442 1093 1474 cernentibus
1115 1441 1258 1484 undique
1281 1441 1396 1473 vestris

553 1492 700 1525 Caelitus
724 1493 904 1525 exhibitam
928 1493 1048 1526 frustra
1072 1494 1264 1526 monstravit
1286 1496 1409 1536 aperte.

552 1544 622 1576 Iam
647 1545 723 1587 quia
746 1545 801 1577 lex
824 1548 928 1578 restat
950 1546 1085 1578 nimium
1109 1545 1272 1578 mundalis
1297 1544 1408 1584 inulta,

552 1596 621 1628 Vos
645 1596 798 1629 adhibete
822 1600 931 1630 tamen
956 1598 1150 1639 consultum,
1174 1597 1250 1642 quid
1273 1596 1368 1628 modo
1392 1595 1486 1628 vobis

488 1662 513 1680 ιο
552 1649 602 1682 Sit
625 1650 810 1683 faciendum
835 1661 877 1684 ex
901 1651 974 1690 1100,
998 1654 1129 1683 maneat
1151 1647 1191 1682 110
1215 1650 1263 1681 810
1286 1658 1415 1692 quoque
1439 1650 1548 1679 vestra

552 1701 615 1734 Pro
638 1702 740 1735 nihilo
764 1703 942 1736 dominatio
965 1714 1026 1735 nee
1049 1714 1114 1735 non
1138 1713 1257 1734 nomen
1281 1705 1313 1734 et
1337 1701 1441 1743 ipsum

551 1753 707 1786 Vestrum
730 1755 878 1795 vilescat,
901 1756 1033 1788 minime
1057 1754 1144 1798 quod
1168 1753 1326 1786 condecet
1348 1762 1520 1794 umquam:

554 1806 619 1838 Sed
643 1807 747 1849 magis
771 1807 941 1839 adcrescat
965 1807 1068 1839 virtus
1092 1807 1191 1839 animi
1215 1806 1402 1850 pariterque

553 1857 760 1891 Adel-escant
783 1859 882 1891 etiam
907 1863 1017 1891 vestra
1040 1859 1200 1891 solamina
1223 1857 1340 1890 vestris

488 1922 512 1941 15
553 1909 611 1942 Sat
634 1910 733 1942 laesis
755 1911 898 1951 famulis,
922 1911 1026 1943 080818
1051 1911 1193 1953 dirisque
1217 1909 1367 1952 flagellis.

0 1946 13 1994 ,ἶ
553 1960 614 1993 Ε81
636 1961 754 2004 quibus
777 1963 887 1995 ablata
910 1963 1046 1995 nimium
1070 1973 1146 2005 spes
1170 1965 1260 1994 certa
1282 1959 1435 1992 manendi

551 2012 589 2044 In
612 2013 694 2046 fines
716 2015 878 2057 proprios,
901 2015 1008 2057 potius
1033 2014 1091 2046 sed
1115 2024 1204 2046 mors
1227 2013 1358 2045 inimica

553 2065 625 2098 Stat
648 2066 767 2108 iugiter
790 2070 943 2110 suspecta
966 2066 1030 2098 illis
1053 2069 1212 2108 nocteque
1237 2064 1364 2107 dieque.

553 2116 647 2150 Nunc
671 2118 786 2150 iterum
809 2118 931 2150 facient
954 2128 1016 2160 quo
1040 2117 1239 2159 confugium,
1263 2116 1326 2148 nisi
1349 2118 1475 2147 tantum

487 2182 514 2201 ’.ιο
551 2170 602 2202 Ad
626 2181 695 2211 vos,
718 2181 737 2202 o
760 2174 894 2214 pastor?
918 2171 970 2203 eui
994 2173 1060 2202 stat
1082 2170 1255 2202 commissa
1278 2171 1424 2212 potestas

554 2222 584 2254 A
608 2221 739 2254 domino
763 2223 846 2255 caeli
870 2233 1007 2265 regnum
1031 2223 1101 2254 sine
1124 2222 1189 2254 fine
1211 2223 1357 2263 regente,

553 2273 645 2316 Rege
669 2275 765 2316 simul
788 2274 911 2306 Karolo
935 2285 1036 2317 regna
1059 2273 1245 2306 dominante
1269 2271 1402 2304 caduca.

554 2326 646 2363 Quae
668 2326 760 2358 vobis
782 2331 914 2359 maneat
936 2327 1097 2369 longaevo
1121 2329 1278 2367 tempore,
1302 2334 1410 2367 posco,

554 2377 606 2410 Ad
630 2382 775 2410 vestrum
798 2378 898 2411 decus
922 2379 1090 2421 egregium
1114 2380 1324 2418 nostramque
1348 2375 1498 2406 salutem.

488 2443 514 2462 2⁵
551 2430 748 2473 Improbitas
771 2434 881 2463 nostra
905 2431 968 2462 iam
991 2430 1108 2462 limitat
1131 2429 1184 2461 1110
1208 2438 1336 2471 quoque
1360 2427 1473 2458 finem:

555 2481 614 2514 Est
637 2483 769 2514 minime
792 2486 917 2514 vestras
941 2492 1022 2514 ausa
1043 2481 1174 2524 pulsare
1198 2480 1357 2521 benignas

554 2534 662 2566 Aures
686 2545 742 2577 pro
766 2534 882 2566 vestris
905 2534 989 2566 ultra
1012 2533 1152 2571 famulis,
1176 2535 1270 2574 pater
1292 2530 1387 2562 alme.

553 2586 622 2618 Vos
646 2586 737 2618 scitis
761 2586 840 2618 dare
864 2586 996 2618 conlisis
1021 2585 1176 2627 suffragia
1198 2583 1316 2616 vestris

555 2637 598 2669 Et
620 2637 754 2670 referire
778 2638 874 2670 simul
898 2637 1071 2680 typhorum
1094 2637 1178 2668 eolla
1202 2639 1329 2669 torosa:

490 2702 516 2722 ω
553 2689 715 2722 Carminis
738 2689 859 2722 ideirco
882 2690 979 2722 finem
1002 2699 1087 2721 nune
1112 2688 1221 2720 fistula
1243 2688 1339 2719 sistit.

293 2861 376 2896 [CLL]
394 2862 411 2888 2
428 2863 542 2889 *studuit
561 2863 586 2889 B
691 2862 723 2887 1⁴2
741 2870 855 2894 unquam
874 2871 940 2887 corr.
961 2862 985 2886 B
1087 2861 1122 2886 22
1140 2859 1228 2893 regnu]
1248 2860 1378 2893 regnando
1395 2869 1463 2886 corr.
1482 2860 1506 2884 B
