<?xml version="1.0" encoding="UTF-8"?>
<!DOCTYPE html PUBLIC "-//W3C//DTD XHTML 1.0 Transitional//EN"
    "http://www.w3.org/TR/xhtml1/DTD/xhtml1-transitional.dtd">
<html xmlns="http://www.w3.org/1999/xhtml" xml:lang="en" lang="en">
 <head>
  <title>
</title>
<meta http-equiv="Content-Type" content="text/html;charset=utf-8" />
  <meta name='ocr-system' content='tesseract 3.04.00' />
  <meta name='ocr-capabilities' content='ocr_page ocr_carea ocr_par ocr_line ocrx_word'/>
</head>
<body>
  <div class='ocr_page' id='page_1' title='image "./monumentagerma03geseuoft_0670.png"; bbox 0 0 2060 3074; ppageno 0'>
   <div class='ocr_carea' id='block_1_1' title="bbox 287 165 1288 199">
    <p class='ocr_par' dir='ltr' id='par_1_1' title="bbox 287 165 1288 199">
     <span class='ocr_line' id='line_1_1' title="bbox 287 165 1288 199; baseline -0.008 0"><span class='ocrx_word' id='word_1_1' title='bbox 287 169 349 199; x_wconf 80' lang='lat'>654</span> <span class='ocrx_word' id='word_1_2' title='bbox 940 165 1092 193; x_wconf 85' lang='lat' dir='ltr'>MILONIS</span> <span class='ocrx_word' id='word_1_3' title='bbox 1111 165 1288 192; x_wconf 83' lang='lat' dir='ltr'>CARMINA.</span> 
     </span>
    </p>
   </div>
   <div class='ocr_carea' id='block_1_2' title="bbox 655 252 1571 346">
    <p class='ocr_par' dir='ltr' id='par_1_2' title="bbox 655 252 1571 346">
     <span class='ocr_line' id='line_1_2' title="bbox 656 252 1571 294; baseline 0.001 -11"><span class='ocrx_word' id='word_1_4' title='bbox 656 254 727 289; x_wconf 88' lang='lat' dir='ltr'>Quo</span> <span class='ocrx_word' id='word_1_5' title='bbox 752 255 873 284; x_wconf 86' lang='lat' dir='ltr'>stamus</span> <span class='ocrx_word' id='word_1_6' title='bbox 897 252 1081 292; x_wconf 78' lang='lat' dir='ltr'><strong>miserante,</strong></span> <span class='ocrx_word' id='word_1_7' title='bbox 1106 252 1196 294; x_wconf 91' lang='lat' dir='ltr'>gravi</span> <span class='ocrx_word' id='word_1_8' title='bbox 1220 263 1283 294; x_wconf 94' lang='lat' dir='ltr'>quo</span> <span class='ocrx_word' id='word_1_9' title='bbox 1306 253 1394 284; x_wconf 88' lang='lat' dir='ltr'>fasce</span> <span class='ocrx_word' id='word_1_10' title='bbox 1416 253 1571 293; x_wconf 82' lang='lat' dir='ltr'>levamur,</span> 
     </span>
     <span class='ocr_line' id='line_1_3' title="bbox 655 305 1542 346; baseline 0.001 -11"><span class='ocrx_word' id='word_1_11' title='bbox 655 306 725 341; x_wconf 84' lang='lat' dir='ltr'>Quo</span> <span class='ocrx_word' id='word_1_12' title='bbox 750 305 916 346; x_wconf 81' lang='lat' dir='ltr'>linquente</span> <span class='ocrx_word' id='word_1_13' title='bbox 940 305 1033 335; x_wconf 91' lang='lat' dir='ltr'>nimis</span> <span class='ocrx_word' id='word_1_14' title='bbox 1055 305 1177 335; x_wconf 79' lang='lat' dir='ltr'>ruimus</span> <span class='ocrx_word' id='word_1_15' title='bbox 1198 305 1367 346; x_wconf 81' lang='lat' dir='ltr'>pressique</span> <span class='ocrx_word' id='word_1_16' title='bbox 1390 305 1542 336; x_wconf 85' lang='lat' dir='ltr'>iacemus.</span> 
     </span>
    </p>
   </div>
   <div class='ocr_carea' id='block_1_3' title="bbox 571 363 1643 2069">
    <p class='ocr_par' dir='ltr' id='par_1_3' title="bbox 571 363 1618 614">
     <span class='ocr_line' id='line_1_4' title="bbox 571 363 1555 397; baseline -0.001 0"><span class='ocrx_word' id='word_1_17' title='bbox 571 379 609 397; x_wconf 83' lang='lat'>300</span> <span class='ocrx_word' id='word_1_18' title='bbox 697 365 772 396; x_wconf 90' lang='lat' dir='ltr'><strong>VII.</strong></span> <span class='ocrx_word' id='word_1_19' title='bbox 796 364 932 395; x_wconf 87' lang='lat' dir='ltr'>Hostilis</span> <span class='ocrx_word' id='word_1_20' title='bbox 955 364 1048 396; x_wconf 88' lang='lat' dir='ltr'>cunei</span> <span class='ocrx_word' id='word_1_21' title='bbox 1072 363 1271 395; x_wconf 89' lang='lat' dir='ltr'>dominatum</span> <span class='ocrx_word' id='word_1_22' title='bbox 1294 363 1392 396; x_wconf 89' lang='lat' dir='ltr'>foeda</span> <span class='ocrx_word' id='word_1_23' title='bbox 1414 367 1555 396; x_wconf 88' lang='lat' dir='ltr'>retentat</span> 
     </span>
     <span class='ocr_line' id='line_1_5' title="bbox 657 415 1618 459; baseline 0 -12"><span class='ocrx_word' id='word_1_24' title='bbox 657 417 832 459; x_wconf 81' lang='lat' dir='ltr'>Ing-luvies,</span> <span class='ocrx_word' id='word_1_25' title='bbox 855 415 1009 447; x_wconf 90' lang='lat' dir='ltr'>mundum</span> <span class='ocrx_word' id='word_1_26' title='bbox 1033 426 1116 458; x_wconf 87' lang='lat' dir='ltr'>quae</span> <span class='ocrx_word' id='word_1_27' title='bbox 1139 416 1204 447; x_wconf 90' lang='lat' dir='ltr'>iam</span> <span class='ocrx_word' id='word_1_28' title='bbox 1227 415 1288 447; x_wconf 90' lang='lat' dir='ltr'>sibi</span> <span class='ocrx_word' id='word_1_29' title='bbox 1309 416 1451 448; x_wconf 86' lang='lat' dir='ltr'>vindicat</span> <span class='ocrx_word' id='word_1_30' title='bbox 1474 427 1618 453; x_wconf 88' lang='lat' dir='ltr'>omnem;</span> 
     </span>
     <span class='ocr_line' id='line_1_6' title="bbox 655 468 1598 510; baseline -0.001 -10"><span class='ocrx_word' id='word_1_31' title='bbox 655 469 760 500; x_wconf 86' lang='lat' dir='ltr'>Rarus</span> <span class='ocrx_word' id='word_1_32' title='bbox 783 469 816 500; x_wconf 88' lang='lat' dir='ltr'>in</span> <span class='ocrx_word' id='word_1_33' title='bbox 840 468 918 500; x_wconf 84' lang='lat' dir='ltr'>orbe</span> <span class='ocrx_word' id='word_1_34' title='bbox 942 471 1039 508; x_wconf 89' lang='lat' dir='ltr'>satus,</span> <span class='ocrx_word' id='word_1_35' title='bbox 1064 479 1160 510; x_wconf 88' lang='lat' dir='ltr'>quem</span> <span class='ocrx_word' id='word_1_36' title='bbox 1183 468 1266 500; x_wconf 88' lang='lat' dir='ltr'>haec</span> <span class='ocrx_word' id='word_1_37' title='bbox 1287 478 1352 500; x_wconf 93' lang='lat' dir='ltr'>non</span> <span class='ocrx_word' id='word_1_38' title='bbox 1374 468 1466 500; x_wconf 80' lang='lat' dir='ltr'>illicit</span> <span class='ocrx_word' id='word_1_39' title='bbox 1487 468 1598 500; x_wconf 91' lang='lat' dir='ltr'>hostis.</span> 
     </span>
     <span class='ocr_line' id='line_1_7' title="bbox 654 520 1491 562; baseline 0 -10"><span class='ocrx_word' id='word_1_40' title='bbox 654 520 809 562; x_wconf 82' lang='lat' dir='ltr'>Perspice</span> <span class='ocrx_word' id='word_1_41' title='bbox 834 520 996 554; x_wconf 86' lang='lat' dir='ltr'>fumantes</span> <span class='ocrx_word' id='word_1_42' title='bbox 1020 521 1085 552; x_wconf 91' lang='lat' dir='ltr'>iam</span> <span class='ocrx_word' id='word_1_43' title='bbox 1108 523 1203 552; x_wconf 86' lang='lat' dir='ltr'>nocte</span> <span class='ocrx_word' id='word_1_44' title='bbox 1229 520 1346 562; x_wconf 89' lang='lat' dir='ltr'>dieque</span> <span class='ocrx_word' id='word_1_45' title='bbox 1370 520 1491 552; x_wconf 86' lang='lat' dir='ltr'>culinas</span> 
     </span>
     <span class='ocr_line' id='line_1_8' title="bbox 655 572 1434 614; baseline 0.001 -11"><span class='ocrx_word' id='word_1_46' title='bbox 655 572 881 614; x_wconf 85' lang='lat' dir='ltr'>Sudantesque</span> <span class='ocrx_word' id='word_1_47' title='bbox 905 582 1026 614; x_wconf 89' lang='lat' dir='ltr'>coquos</span> <span class='ocrx_word' id='word_1_48' title='bbox 1051 575 1135 604; x_wconf 89' lang='lat' dir='ltr'>tetra</span> <span class='ocrx_word' id='word_1_49' title='bbox 1158 572 1291 614; x_wconf 85' lang='lat' dir='ltr'>fuligine</span> <span class='ocrx_word' id='word_1_50' title='bbox 1315 573 1434 614; x_wconf 85' lang='lat' dir='ltr'>nigros,</span> 
     </span>
    </p>

    <p class='ocr_par' dir='ltr' id='par_1_4' title="bbox 571 624 1482 667">
     <span class='ocr_line' id='line_1_9' title="bbox 571 624 1482 667; baseline 0 -12"><span class='ocrx_word' id='word_1_51' title='bbox 571 637 608 656; x_wconf 82' lang='lat'>305</span> <span class='ocrx_word' id='word_1_52' title='bbox 652 624 793 656; x_wconf 83' lang='lat' dir='ltr'>Fercula</span> <span class='ocrx_word' id='word_1_53' title='bbox 816 627 992 666; x_wconf 89' lang='lat' dir='ltr'>portantes,</span> <span class='ocrx_word' id='word_1_54' title='bbox 1016 625 1177 667; x_wconf 88' lang='lat' dir='ltr'>pallentes</span> <span class='ocrx_word' id='word_1_55' title='bbox 1201 624 1288 656; x_wconf 89' lang='lat' dir='ltr'>fasce</span> <span class='ocrx_word' id='word_1_56' title='bbox 1312 624 1482 656; x_wconf 89' lang='lat' dir='ltr'>ministros.</span> 
     </span>
    </p>

    <p class='ocr_par' dir='ltr' id='par_1_5' title="bbox 654 676 1588 875">
     <span class='ocr_line' id='line_1_10' title="bbox 657 676 1578 719; baseline 0 -12"><span class='ocrx_word' id='word_1_57' title='bbox 657 676 729 707; x_wconf 87' lang='lat' dir='ltr'>Stat</span> <span class='ocrx_word' id='word_1_58' title='bbox 751 677 905 719; x_wconf 85' lang='lat' dir='ltr'>pincerna</span> <span class='ocrx_word' id='word_1_59' title='bbox 928 679 1044 719; x_wconf 91' lang='lat' dir='ltr'>potens</span> <span class='ocrx_word' id='word_1_60' title='bbox 1066 677 1131 708; x_wconf 90' lang='lat' dir='ltr'>iam</span> <span class='ocrx_word' id='word_1_61' title='bbox 1154 677 1257 708; x_wconf 86' lang='lat' dir='ltr'>lassus</span> <span class='ocrx_word' id='word_1_62' title='bbox 1280 677 1311 707; x_wconf 90' lang='lat' dir='ltr'>in</span> <span class='ocrx_word' id='word_1_63' title='bbox 1334 676 1417 708; x_wconf 86' lang='lat' dir='ltr'>aede</span> <span class='ocrx_word' id='word_1_64' title='bbox 1441 676 1578 715; x_wconf 84' lang='lat' dir='ltr'>reclinis,</span> 
     </span>
     <span class='ocr_line' id='line_1_11' title="bbox 655 728 1385 770; baseline 0 -11"><span class='ocrx_word' id='word_1_65' title='bbox 655 728 798 759; x_wconf 88' lang='lat' dir='ltr'>Alternis</span> <span class='ocrx_word' id='word_1_66' title='bbox 821 729 945 760; x_wconf 89' lang='lat' dir='ltr'>vicibus</span> <span class='ocrx_word' id='word_1_67' title='bbox 968 729 1096 760; x_wconf 86' lang='lat' dir='ltr'>varians</span> <span class='ocrx_word' id='word_1_68' title='bbox 1118 728 1257 770; x_wconf 87' lang='lat' dir='ltr'>vestigia</span> <span class='ocrx_word' id='word_1_69' title='bbox 1279 728 1385 759; x_wconf 90' lang='lat' dir='ltr'>stertit</span> 
     </span>
     <span class='ocr_line' id='line_1_12' title="bbox 654 780 1398 822; baseline 0 -10"><span class='ocrx_word' id='word_1_70' title='bbox 654 780 697 811; x_wconf 85' lang='lat' dir='ltr'>Et</span> <span class='ocrx_word' id='word_1_71' title='bbox 720 781 819 812; x_wconf 89' lang='lat' dir='ltr'>tacita</span> <span class='ocrx_word' id='word_1_72' title='bbox 841 781 946 812; x_wconf 89' lang='lat' dir='ltr'>ventri</span> <span class='ocrx_word' id='word_1_73' title='bbox 968 780 1134 812; x_wconf 83' lang='lat' dir='ltr'>maledicit</span> <span class='ocrx_word' id='word_1_74' title='bbox 1156 781 1250 812; x_wconf 86' lang='lat' dir='ltr'>fauce</span> <span class='ocrx_word' id='word_1_75' title='bbox 1274 780 1398 822; x_wconf 81' lang='lat' dir='ltr'>capaci:</span> 
     </span>
     <span class='ocr_line' id='line_1_13' title="bbox 656 831 1588 875; baseline -0.001 -11"><span class='ocrx_word' id='word_1_76' title='bbox 656 831 748 864; x_wconf 76' lang='lat' dir='ltr'>‘Vae’</span> <span class='ocrx_word' id='word_1_77' title='bbox 774 832 889 874; x_wconf 89' lang='lat' dir='ltr'>quibus</span> <span class='ocrx_word' id='word_1_78' title='bbox 912 832 1026 864; x_wconf 82' lang='lat' dir='ltr'>Esaias</span> <span class='ocrx_word' id='word_1_79' title='bbox 1050 832 1247 875; x_wconf 86' lang='lat' dir='ltr'>duplicatum</span> <span class='ocrx_word' id='word_1_80' title='bbox 1270 833 1414 874; x_wconf 83' lang='lat' dir='ltr'>assignat</span> <span class='ocrx_word' id='word_1_81' title='bbox 1434 832 1588 874; x_wconf 74' lang='lat' dir='ltr'>utrisque.</span> 
     </span>
    </p>

    <p class='ocr_par' dir='ltr' id='par_1_6' title="bbox 572 884 1545 978">
     <span class='ocr_line' id='line_1_14' title="bbox 572 884 1545 916; baseline -0.001 0"><span class='ocrx_word' id='word_1_82' title='bbox 572 897 610 916; x_wconf 80' lang='lat'>310</span> <span class='ocrx_word' id='word_1_83' title='bbox 655 884 731 915; x_wconf 90' lang='lat' dir='ltr'>Heu</span> <span class='ocrx_word' id='word_1_84' title='bbox 753 884 848 916; x_wconf 91' lang='lat' dir='ltr'>nimis</span> <span class='ocrx_word' id='word_1_85' title='bbox 873 884 1042 916; x_wconf 86' lang='lat' dir='ltr'>obstrusae</span> <span class='ocrx_word' id='word_1_86' title='bbox 1066 885 1196 916; x_wconf 90' lang='lat' dir='ltr'>monitis</span> <span class='ocrx_word' id='word_1_87' title='bbox 1219 884 1414 916; x_wconf 89' lang='lat' dir='ltr'>caelestibus</span> <span class='ocrx_word' id='word_1_88' title='bbox 1437 894 1545 915; x_wconf 88' lang='lat' dir='ltr'>aures:</span> 
     </span>
     <span class='ocr_line' id='line_1_15' title="bbox 652 935 1388 978; baseline 0 -11"><span class='ocrx_word' id='word_1_89' title='bbox 652 936 746 967; x_wconf 82' lang='lat' dir='ltr'>Dixit</span> <span class='ocrx_word' id='word_1_90' title='bbox 770 936 861 967; x_wconf 88' lang='lat' dir='ltr'>Iesus</span> <span class='ocrx_word' id='word_1_91' title='bbox 886 935 1067 978; x_wconf 77' lang='lat' dir='ltr'>discipulis:</span> <span class='ocrx_word' id='word_1_92' title='bbox 1093 935 1262 967; x_wconf 88' lang='lat' dir='ltr'>‘attendite</span> <span class='ocrx_word' id='word_1_93' title='bbox 1286 935 1388 975; x_wconf 89' lang='lat' dir='ltr'>vobis,</span> 
     </span>
    </p>

    <p class='ocr_par' dir='ltr' id='par_1_7' title="bbox 654 987 1483 1134">
     <span class='ocr_line' id='line_1_16' title="bbox 654 987 1483 1030; baseline 0 -11"><span class='ocrx_word' id='word_1_94' title='bbox 654 987 805 1019; x_wconf 85' lang='lat' dir='ltr'>Ebrietas</span> <span class='ocrx_word' id='word_1_95' title='bbox 828 998 869 1019; x_wconf 92' lang='lat' dir='ltr'>ne</span> <span class='ocrx_word' id='word_1_96' title='bbox 894 987 993 1019; x_wconf 88' lang='lat' dir='ltr'>corda</span> <span class='ocrx_word' id='word_1_97' title='bbox 1015 990 1139 1030; x_wconf 82' lang='lat' dir='ltr'>gravet,</span> <span class='ocrx_word' id='word_1_98' title='bbox 1162 998 1203 1019; x_wconf 89' lang='lat' dir='ltr'>ne</span> <span class='ocrx_word' id='word_1_99' title='bbox 1226 990 1340 1019; x_wconf 87' lang='lat' dir='ltr'>ventre</span> <span class='ocrx_word' id='word_1_100' title='bbox 1363 987 1483 1019; x_wconf 86' lang='lat' dir='ltr'>referto</span> 
     </span>
     <span class='ocr_line' id='line_1_17' title="bbox 655 1039 1384 1082; baseline 0 -11"><span class='ocrx_word' id='word_1_101' title='bbox 655 1039 794 1071; x_wconf 89' lang='lat' dir='ltr'>Incoctis</span> <span class='ocrx_word' id='word_1_102' title='bbox 818 1039 900 1071; x_wconf 86' lang='lat' dir='ltr'>escis</span> <span class='ocrx_word' id='word_1_103' title='bbox 924 1039 1107 1071; x_wconf 83' lang='lat' dir='ltr'>dominetur</span> <span class='ocrx_word' id='word_1_104' title='bbox 1129 1040 1261 1082; x_wconf 84' lang='lat' dir='ltr'>crapula</span> <span class='ocrx_word' id='word_1_105' title='bbox 1284 1040 1384 1082; x_wconf 88' lang='lat' dir='ltr'>turpis</span> 
     </span>
     <span class='ocr_line' id='line_1_18' title="bbox 657 1091 1476 1134; baseline 0 -11"><span class='ocrx_word' id='word_1_106' title='bbox 657 1092 775 1134; x_wconf 86' lang='lat' dir='ltr'>Sicque</span> <span class='ocrx_word' id='word_1_107' title='bbox 799 1092 990 1134; x_wconf 85' lang='lat' dir='ltr'>repentinae</span> <span class='ocrx_word' id='word_1_108' title='bbox 1014 1092 1085 1123; x_wconf 89' lang='lat' dir='ltr'>finis</span> <span class='ocrx_word' id='word_1_109' title='bbox 1107 1095 1180 1123; x_wconf 88' lang='lat' dir='ltr'>ruat</span> <span class='ocrx_word' id='word_1_110' title='bbox 1202 1092 1333 1123; x_wconf 89' lang='lat' dir='ltr'>ultimus</span> <span class='ocrx_word' id='word_1_111' title='bbox 1355 1091 1476 1123; x_wconf 89' lang='lat' dir='ltr'>horae.&#39;</span> 
     </span>
    </p>

    <p class='ocr_par' dir='ltr' id='par_1_8' title="bbox 571 1141 1575 1393">
     <span class='ocr_line' id='line_1_19' title="bbox 571 1141 1537 1185; baseline -0.001 -11"><span class='ocrx_word' id='word_1_112' title='bbox 571 1155 610 1174; x_wconf 74' lang='lat'>315</span> <span class='ocrx_word' id='word_1_113' title='bbox 655 1143 764 1185; x_wconf 86' lang='lat' dir='ltr'>Turpe</span> <span class='ocrx_word' id='word_1_114' title='bbox 789 1146 838 1175; x_wconf 91' lang='lat' dir='ltr'>est</span> <span class='ocrx_word' id='word_1_115' title='bbox 861 1143 1012 1183; x_wconf 86' lang='lat' dir='ltr'>ebrietas,</span> <span class='ocrx_word' id='word_1_116' title='bbox 1037 1143 1063 1174; x_wconf 90' lang='lat' dir='ltr'>si</span> <span class='ocrx_word' id='word_1_117' title='bbox 1086 1145 1119 1174; x_wconf 88' lang='lat' dir='ltr'>te</span> <span class='ocrx_word' id='word_1_118' title='bbox 1143 1141 1201 1174; x_wconf 88' lang='lat' dir='ltr'>tibi</span> <span class='ocrx_word' id='word_1_119' title='bbox 1225 1142 1395 1174; x_wconf 83' lang='lat' dir='ltr'>subtrahat</span> <span class='ocrx_word' id='word_1_120' title='bbox 1417 1142 1537 1184; x_wconf 87' lang='lat' dir='ltr'>ipsum:</span> 
     </span>
     <span class='ocr_line' id='line_1_20' title="bbox 655 1194 1501 1236; baseline 0 -10"><span class='ocrx_word' id='word_1_121' title='bbox 655 1195 717 1226; x_wconf 89' lang='lat' dir='ltr'>Illa</span> <span class='ocrx_word' id='word_1_122' title='bbox 740 1206 863 1226; x_wconf 90' lang='lat' dir='ltr'>nocens</span> <span class='ocrx_word' id='word_1_123' title='bbox 886 1195 1012 1226; x_wconf 88' lang='lat' dir='ltr'>animae</span> <span class='ocrx_word' id='word_1_124' title='bbox 1037 1197 1231 1236; x_wconf 86' lang='lat' dir='ltr'>nostraeque</span> <span class='ocrx_word' id='word_1_125' title='bbox 1255 1194 1384 1226; x_wconf 84' lang='lat' dir='ltr'>inimica</span> <span class='ocrx_word' id='word_1_126' title='bbox 1407 1195 1501 1226; x_wconf 76' lang='lat' dir='ltr'>saluti</span> 
     </span>
     <span class='ocr_line' id='line_1_21' title="bbox 657 1246 1575 1289; baseline -0.001 -11"><span class='ocrx_word' id='word_1_127' title='bbox 657 1247 884 1279; x_wconf 84' lang='lat' dir='ltr'>Commaculat</span> <span class='ocrx_word' id='word_1_128' title='bbox 908 1257 1034 1289; x_wconf 87' lang='lat' dir='ltr'>corpus,</span> <span class='ocrx_word' id='word_1_129' title='bbox 1058 1249 1199 1278; x_wconf 83' lang='lat' dir='ltr'>mentem</span> <span class='ocrx_word' id='word_1_130' title='bbox 1224 1246 1381 1278; x_wconf 88' lang='lat' dir='ltr'>subvertit</span> <span class='ocrx_word' id='word_1_131' title='bbox 1405 1249 1437 1277; x_wconf 89' lang='lat' dir='ltr'>et</span> <span class='ocrx_word' id='word_1_132' title='bbox 1459 1246 1575 1286; x_wconf 85' lang='lat' dir='ltr'>aufert,</span> 
     </span>
     <span class='ocr_line' id='line_1_22' title="bbox 656 1298 1501 1341; baseline -0.001 -11"><span class='ocrx_word' id='word_1_133' title='bbox 656 1299 833 1331; x_wconf 82' lang='lat' dir='ltr'>Consilium</span> <span class='ocrx_word' id='word_1_134' title='bbox 856 1299 1001 1341; x_wconf 87' lang='lat' dir='ltr'>perimit;</span> <span class='ocrx_word' id='word_1_135' title='bbox 1026 1302 1123 1341; x_wconf 87' lang='lat' dir='ltr'>caput</span> <span class='ocrx_word' id='word_1_136' title='bbox 1145 1298 1208 1330; x_wconf 92' lang='lat' dir='ltr'>huc</span> <span class='ocrx_word' id='word_1_137' title='bbox 1230 1299 1369 1340; x_wconf 91' lang='lat' dir='ltr'>illucque</span> <span class='ocrx_word' id='word_1_138' title='bbox 1394 1300 1501 1329; x_wconf 85' lang='lat' dir='ltr'>rotatu</span> 
     </span>
     <span class='ocr_line' id='line_1_23' title="bbox 655 1350 1408 1393; baseline -0.001 -11"><span class='ocrx_word' id='word_1_139' title='bbox 655 1351 797 1383; x_wconf 87' lang='lat' dir='ltr'>Assiduo</span> <span class='ocrx_word' id='word_1_140' title='bbox 821 1351 937 1393; x_wconf 83' lang='lat' dir='ltr'>vergit,</span> <span class='ocrx_word' id='word_1_141' title='bbox 961 1351 1102 1382; x_wconf 89' lang='lat' dir='ltr'>titubant</span> <span class='ocrx_word' id='word_1_142' title='bbox 1125 1350 1263 1392; x_wconf 81' lang='lat' dir='ltr'>vestigia</span> <span class='ocrx_word' id='word_1_143' title='bbox 1285 1360 1408 1392; x_wconf 87' lang='lat' dir='ltr'>gressu,</span> 
     </span>
    </p>

    <p class='ocr_par' dir='ltr' id='par_1_9' title="bbox 571 1395 1643 1652">
     <span class='ocr_line' id='line_1_24' title="bbox 571 1395 1516 1445; baseline -0.001 -10"><span class='ocrx_word' id='word_1_144' title='bbox 571 1416 609 1435; x_wconf 83' lang='lat'>320</span> <span class='ocrx_word' id='word_1_145' title='bbox 653 1403 784 1435; x_wconf 88' lang='lat' dir='ltr'>Pallent</span> <span class='ocrx_word' id='word_1_146' title='bbox 808 1414 864 1434; x_wconf 90' lang='lat' dir='ltr'>ora</span> <span class='ocrx_word' id='word_1_147' title='bbox 887 1406 920 1434; x_wconf 88' lang='lat' dir='ltr'>et</span> <span class='ocrx_word' id='word_1_148' title='bbox 942 1403 1054 1445; x_wconf 85' lang='lat' dir='ltr'>lingua</span> <span class='ocrx_word' id='word_1_149' title='bbox 1075 1395 1172 1434; x_wconf 86' lang='lat' dir='ltr'>latrat</span> <span class='ocrx_word' id='word_1_150' title='bbox 1194 1402 1345 1445; x_wconf 83' lang='lat' dir='ltr'>visusque</span> <span class='ocrx_word' id='word_1_151' title='bbox 1368 1405 1516 1444; x_wconf 86' lang='lat' dir='ltr'>negatur,</span> 
     </span>
     <span class='ocr_line' id='line_1_25' title="bbox 655 1454 1496 1498; baseline -0.001 -11"><span class='ocrx_word' id='word_1_152' title='bbox 655 1456 786 1498; x_wconf 84' lang='lat' dir='ltr'>Vixque</span> <span class='ocrx_word' id='word_1_153' title='bbox 811 1455 881 1487; x_wconf 90' lang='lat' dir='ltr'>dies</span> <span class='ocrx_word' id='word_1_154' title='bbox 904 1456 988 1487; x_wconf 85' lang='lat' dir='ltr'>alter</span> <span class='ocrx_word' id='word_1_155' title='bbox 1010 1466 1140 1487; x_wconf 88' lang='lat' dir='ltr'>sensum</span> <span class='ocrx_word' id='word_1_156' title='bbox 1162 1458 1324 1487; x_wconf 83' lang='lat' dir='ltr'>restaurat</span> <span class='ocrx_word' id='word_1_157' title='bbox 1347 1454 1496 1486; x_wconf 89' lang='lat' dir='ltr'>eundem.</span> 
     </span>
     <span class='ocr_line' id='line_1_26' title="bbox 655 1508 1539 1547; baseline 0 -8"><span class='ocrx_word' id='word_1_158' title='bbox 655 1508 776 1540; x_wconf 91' lang='lat' dir='ltr'>Vinum</span> <span class='ocrx_word' id='word_1_159' title='bbox 801 1508 920 1540; x_wconf 89' lang='lat' dir='ltr'>etenim</span> <span class='ocrx_word' id='word_1_160' title='bbox 943 1508 1075 1540; x_wconf 90' lang='lat' dir='ltr'>nimium</span> <span class='ocrx_word' id='word_1_161' title='bbox 1098 1508 1143 1539; x_wconf 91' lang='lat' dir='ltr'>sic</span> <span class='ocrx_word' id='word_1_162' title='bbox 1165 1508 1201 1539; x_wconf 91' lang='lat' dir='ltr'>fit</span> <span class='ocrx_word' id='word_1_163' title='bbox 1224 1508 1343 1539; x_wconf 90' lang='lat' dir='ltr'>loetale</span> <span class='ocrx_word' id='word_1_164' title='bbox 1366 1517 1539 1547; x_wconf 88' lang='lat' dir='ltr'>venenum,</span> 
     </span>
     <span class='ocr_line' id='line_1_27' title="bbox 655 1559 1643 1603; baseline -0.002 -11"><span class='ocrx_word' id='word_1_165' title='bbox 655 1560 816 1592; x_wconf 89' lang='lat' dir='ltr'>Debilitas</span> <span class='ocrx_word' id='word_1_166' title='bbox 841 1561 961 1603; x_wconf 92' lang='lat' dir='ltr'>quippe</span> <span class='ocrx_word' id='word_1_167' title='bbox 984 1561 1046 1592; x_wconf 89' lang='lat' dir='ltr'>hoc</span> <span class='ocrx_word' id='word_1_168' title='bbox 1071 1563 1199 1603; x_wconf 90' lang='lat' dir='ltr'>sumpto</span> <span class='ocrx_word' id='word_1_169' title='bbox 1223 1560 1293 1591; x_wconf 85' lang='lat' dir='ltr'>fera</span> <span class='ocrx_word' id='word_1_170' title='bbox 1315 1559 1460 1602; x_wconf 91' lang='lat' dir='ltr'>pluribus</span> <span class='ocrx_word' id='word_1_171' title='bbox 1483 1562 1554 1591; x_wconf 89' lang='lat' dir='ltr'>orta</span> <span class='ocrx_word' id='word_1_172' title='bbox 1577 1563 1643 1596; x_wconf 88' lang='lat' dir='ltr'>est;</span> 
     </span>
     <span class='ocr_line' id='line_1_28' title="bbox 655 1611 1522 1652; baseline -0.001 -8"><span class='ocrx_word' id='word_1_173' title='bbox 655 1612 730 1644; x_wconf 88' lang='lat' dir='ltr'>Hoc</span> <span class='ocrx_word' id='word_1_174' title='bbox 754 1612 844 1644; x_wconf 86' lang='lat' dir='ltr'>furor</span> <span class='ocrx_word' id='word_1_175' title='bbox 865 1612 993 1652; x_wconf 85' lang='lat' dir='ltr'>insanit,</span> <span class='ocrx_word' id='word_1_176' title='bbox 1016 1613 1079 1644; x_wconf 90' lang='lat' dir='ltr'>hoc</span> <span class='ocrx_word' id='word_1_177' title='bbox 1101 1611 1232 1644; x_wconf 79' lang='lat' dir='ltr'>flamma</span> <span class='ocrx_word' id='word_1_178' title='bbox 1255 1612 1396 1643; x_wconf 83' lang='lat' dir='ltr'>libidinis</span> <span class='ocrx_word' id='word_1_179' title='bbox 1419 1611 1522 1643; x_wconf 86' lang='lat' dir='ltr'>ardet.</span> 
     </span>
    </p>

    <p class='ocr_par' dir='ltr' id='par_1_10' title="bbox 573 1664 1510 1759">
     <span class='ocr_line' id='line_1_29' title="bbox 573 1664 1479 1707; baseline -0.001 -11"><span class='ocrx_word' id='word_1_180' title='bbox 573 1677 611 1696; x_wconf 80' lang='lat'>³25</span> <span class='ocrx_word' id='word_1_181' title='bbox 655 1664 757 1696; x_wconf 86' lang='lat' dir='ltr'>Piscis</span> <span class='ocrx_word' id='word_1_182' title='bbox 781 1665 867 1696; x_wconf 91' lang='lat' dir='ltr'>enim</span> <span class='ocrx_word' id='word_1_183' title='bbox 890 1665 987 1696; x_wconf 88' lang='lat' dir='ltr'>hamo</span> <span class='ocrx_word' id='word_1_184' title='bbox 1011 1664 1125 1707; x_wconf 86' lang='lat' dir='ltr'>pandit</span> <span class='ocrx_word' id='word_1_185' title='bbox 1147 1665 1237 1696; x_wconf 91' lang='lat' dir='ltr'>velut</span> <span class='ocrx_word' id='word_1_186' title='bbox 1261 1664 1324 1695; x_wconf 91' lang='lat' dir='ltr'>oris</span> <span class='ocrx_word' id='word_1_187' title='bbox 1346 1664 1479 1704; x_wconf 86' lang='lat' dir='ltr'>hiatum,</span> 
     </span>
     <span class='ocr_line' id='line_1_30' title="bbox 655 1716 1510 1759; baseline 0 -12"><span class='ocrx_word' id='word_1_188' title='bbox 655 1716 784 1747; x_wconf 88' lang='lat' dir='ltr'>Ardens</span> <span class='ocrx_word' id='word_1_189' title='bbox 806 1716 861 1747; x_wconf 93' lang='lat' dir='ltr'>ille</span> <span class='ocrx_word' id='word_1_190' title='bbox 886 1716 972 1758; x_wconf 84' lang='lat' dir='ltr'>gula,</span> <span class='ocrx_word' id='word_1_191' title='bbox 997 1727 1059 1758; x_wconf 93' lang='lat' dir='ltr'>quo</span> <span class='ocrx_word' id='word_1_192' title='bbox 1084 1719 1214 1759; x_wconf 88' lang='lat' dir='ltr'>captam</span> <span class='ocrx_word' id='word_1_193' title='bbox 1238 1716 1368 1758; x_wconf 85' lang='lat' dir='ltr'>gluttiat</span> <span class='ocrx_word' id='word_1_194' title='bbox 1392 1726 1510 1756; x_wconf 85' lang='lat' dir='ltr'>escam,</span> 
     </span>
    </p>

    <p class='ocr_par' dir='ltr' id='par_1_11' title="bbox 655 1767 1599 1914">
     <span class='ocr_line' id='line_1_31' title="bbox 660 1767 1448 1811; baseline 0 -12"><span class='ocrx_word' id='word_1_195' title='bbox 660 1767 713 1799; x_wconf 88' lang='lat' dir='ltr'>Sic</span> <span class='ocrx_word' id='word_1_196' title='bbox 739 1767 851 1799; x_wconf 86' lang='lat' dir='ltr'>avidas</span> <span class='ocrx_word' id='word_1_197' title='bbox 874 1768 958 1799; x_wconf 87' lang='lat' dir='ltr'>intra</span> <span class='ocrx_word' id='word_1_198' title='bbox 981 1768 1091 1800; x_wconf 88' lang='lat' dir='ltr'>fauces</span> <span class='ocrx_word' id='word_1_199' title='bbox 1116 1769 1170 1810; x_wconf 92' lang='lat' dir='ltr'>qui</span> <span class='ocrx_word' id='word_1_200' title='bbox 1194 1768 1326 1811; x_wconf 89' lang='lat' dir='ltr'>suscipit</span> <span class='ocrx_word' id='word_1_201' title='bbox 1347 1767 1448 1808; x_wconf 71' lang='lat' dir='ltr'>illud,</span> 
     </span>
     <span class='ocr_line' id='line_1_32' title="bbox 658 1820 1465 1862; baseline 0 -11"><span class='ocrx_word' id='word_1_202' title='bbox 658 1820 784 1851; x_wconf 83' lang='lat' dir='ltr'>Sentiet</span> <span class='ocrx_word' id='word_1_203' title='bbox 808 1820 943 1851; x_wconf 89' lang='lat' dir='ltr'>hostiles</span> <span class='ocrx_word' id='word_1_204' title='bbox 966 1820 1112 1852; x_wconf 84' lang='lat' dir='ltr'>fervente</span> <span class='ocrx_word' id='word_1_205' title='bbox 1135 1821 1168 1851; x_wconf 89' lang='lat' dir='ltr'>in</span> <span class='ocrx_word' id='word_1_206' title='bbox 1192 1827 1326 1862; x_wconf 83' lang='lat' dir='ltr'>corpore</span> <span class='ocrx_word' id='word_1_207' title='bbox 1349 1823 1465 1851; x_wconf 88' lang='lat' dir='ltr'>motus.</span> 
     </span>
     <span class='ocr_line' id='line_1_33' title="bbox 655 1871 1599 1914; baseline 0 -11"><span class='ocrx_word' id='word_1_208' title='bbox 655 1872 742 1904; x_wconf 88' lang='lat' dir='ltr'>Hinc</span> <span class='ocrx_word' id='word_1_209' title='bbox 766 1871 929 1912; x_wconf 86' lang='lat' dir='ltr'>Salomon,</span> <span class='ocrx_word' id='word_1_210' title='bbox 954 1872 1064 1904; x_wconf 89' lang='lat' dir='ltr'>docuit</span> <span class='ocrx_word' id='word_1_211' title='bbox 1086 1883 1144 1904; x_wconf 89' lang='lat' dir='ltr'>sua</span> <span class='ocrx_word' id='word_1_212' title='bbox 1167 1882 1264 1914; x_wconf 90' lang='lat' dir='ltr'>quem</span> <span class='ocrx_word' id='word_1_213' title='bbox 1289 1871 1457 1914; x_wconf 79' lang='lat' dir='ltr'>Sapientia</span> <span class='ocrx_word' id='word_1_214' title='bbox 1480 1874 1599 1903; x_wconf 85' lang='lat' dir='ltr'>mater:</span> 
     </span>
    </p>

    <p class='ocr_par' dir='ltr' id='par_1_12' title="bbox 575 1923 1637 2069">
     <span class='ocr_line' id='line_1_34' title="bbox 575 1923 1493 1966; baseline -0.001 -10"><span class='ocrx_word' id='word_1_215' title='bbox 575 1938 612 1956; x_wconf 74' lang='lat'>330</span> <span class='ocrx_word' id='word_1_216' title='bbox 657 1924 717 1955; x_wconf 86' lang='lat' dir='ltr'>‘Ne</span> <span class='ocrx_word' id='word_1_217' title='bbox 742 1923 902 1966; x_wconf 84' lang='lat' dir='ltr'>capiaris‚’</span> <span class='ocrx_word' id='word_1_218' title='bbox 927 1924 972 1955; x_wconf 88' lang='lat' dir='ltr'>ait</span> <span class='ocrx_word' id='word_1_219' title='bbox 996 1925 1124 1956; x_wconf 84' lang='lat' dir='ltr'>‘flavum</span> <span class='ocrx_word' id='word_1_220' title='bbox 1149 1934 1221 1956; x_wconf 91' lang='lat' dir='ltr'>cum</span> <span class='ocrx_word' id='word_1_221' title='bbox 1243 1924 1327 1955; x_wconf 87' lang='lat' dir='ltr'>vitra</span> <span class='ocrx_word' id='word_1_222' title='bbox 1351 1924 1493 1955; x_wconf 89' lang='lat' dir='ltr'>colorem</span> 
     </span>
     <span class='ocr_line' id='line_1_35' title="bbox 659 1975 1498 2018; baseline -0.001 -11"><span class='ocrx_word' id='word_1_223' title='bbox 659 1975 861 2007; x_wconf 83' lang='lat' dir='ltr'>Sointillante</span> <span class='ocrx_word' id='word_1_224' title='bbox 884 1979 1004 2018; x_wconf 82' lang='lat' dir='ltr'>gerunt</span> <span class='ocrx_word' id='word_1_225' title='bbox 1025 1987 1085 2018; x_wconf 88' lang='lat' dir='ltr'>per</span> <span class='ocrx_word' id='word_1_226' title='bbox 1107 1976 1239 2008; x_wconf 87' lang='lat' dir='ltr'>vascula</span> <span class='ocrx_word' id='word_1_227' title='bbox 1262 1976 1348 2007; x_wconf 85' lang='lat' dir='ltr'>clara</span> <span class='ocrx_word' id='word_1_228' title='bbox 1370 1975 1498 2018; x_wconf 84' lang='lat' dir='ltr'>Lyaeo:</span> 
     </span>
     <span class='ocr_line' id='line_1_36' title="bbox 657 2026 1637 2069; baseline -0.001 -10"><span class='ocrx_word' id='word_1_229' title='bbox 657 2027 754 2063; x_wconf 86' lang='lat' dir='ltr'>Quod</span> <span class='ocrx_word' id='word_1_230' title='bbox 778 2027 898 2059; x_wconf 86' lang='lat' dir='ltr'>blande</span> <span class='ocrx_word' id='word_1_231' title='bbox 921 2027 1111 2069; x_wconf 82' lang='lat' dir='ltr'>ingreditur,</span> <span class='ocrx_word' id='word_1_232' title='bbox 1136 2027 1270 2059; x_wconf 87' lang='lat' dir='ltr'>coluber</span> <span class='ocrx_word' id='word_1_233' title='bbox 1290 2026 1453 2058; x_wconf 84' lang='lat' dir='ltr'>mordebit</span> <span class='ocrx_word' id='word_1_234' title='bbox 1475 2030 1511 2058; x_wconf 89' lang='lat' dir='ltr'>ut</span> <span class='ocrx_word' id='word_1_235' title='bbox 1532 2037 1637 2069; x_wconf 84' lang='lat' dir='ltr'>asper,</span> 
     </span>
    </p>
   </div>
   <div class='ocr_carea' id='block_1_4' title="bbox 436 2097 1838 2101">
    <p class='ocr_par' dir='ltr' id='par_1_13' title="bbox 436 2097 1838 2101">
     <span class='ocr_line' id='line_1_37' title="bbox 436 2097 1838 2101; baseline 0 0"><span class='ocrx_word' id='word_1_236' title='bbox 436 2097 1838 2101; x_wconf 95' lang='lat' dir='ltr'> </span> 
     </span>
    </p>
   </div>
   <div class='ocr_carea' id='block_1_5' title="bbox 289 2139 1948 2219">
    <p class='ocr_par' dir='ltr' id='par_1_14' title="bbox 289 2139 1948 2219">
     <span class='ocr_line' id='line_1_38' title="bbox 392 2139 1948 2173; baseline -0.002 -5"><span class='ocrx_word' id='word_1_237' title='bbox 392 2142 444 2168; x_wconf 77' lang='lat'>298</span> <span class='ocrx_word' id='word_1_238' title='bbox 470 2143 593 2167; x_wconf 79' lang='lat' dir='ltr'>leuantur</span> <span class='ocrx_word' id='word_1_239' title='bbox 615 2150 681 2166; x_wconf 81' lang='lat' dir='ltr'>corr.</span> <span class='ocrx_word' id='word_1_240' title='bbox 699 2141 723 2165; x_wconf 89' lang='lat' dir='ltr'><em>L</em></span> <span class='ocrx_word' id='word_1_241' title='bbox 816 2139 866 2165; x_wconf 91' lang='lat'>301</span> <span class='ocrx_word' id='word_1_242' title='bbox 889 2141 1010 2166; x_wconf 81' lang='lat' dir='ltr'>uendicat</span> <span class='ocrx_word' id='word_1_243' title='bbox 1027 2141 1052 2166; x_wconf 85' lang='lat' dir='ltr'><em>L</em></span> <span class='ocrx_word' id='word_1_244' title='bbox 1142 2139 1194 2166; x_wconf 79' lang='lat'>302</span> <span class='ocrx_word' id='word_1_245' title='bbox 1220 2139 1300 2166; x_wconf 70' lang='lat' dir='ltr'>*satis</span> <span class='ocrx_word' id='word_1_246' title='bbox 1318 2140 1383 2164; x_wconf 82' lang='lat' dir='ltr'>AL:</span> <span class='ocrx_word' id='word_1_247' title='bbox 1410 2141 1444 2172; x_wconf 87' lang='lat' dir='ltr'>cs.</span> <span class='ocrx_word' id='word_1_248' title='bbox 1471 2140 1546 2173; x_wconf 75' lang='lat' dir='ltr'>infra</span> <span class='ocrx_word' id='word_1_249' title='bbox 1572 2149 1594 2166; x_wconf 81' lang='lat' dir='ltr'>v.</span> <span class='ocrx_word' id='word_1_250' title='bbox 1612 2140 1661 2166; x_wconf 81' lang='lat'>611</span> <span class='ocrx_word' id='word_1_251' title='bbox 1750 2140 1802 2167; x_wconf 84' lang='grc'>309</span> <span class='ocrx_word' id='word_1_252' title='bbox 1829 2141 1907 2166; x_wconf 68' lang='lat' dir='ltr'>isaias</span> <span class='ocrx_word' id='word_1_253' title='bbox 1923 2140 1948 2165; x_wconf 87' lang='lat' dir='ltr'><em>L</em></span> 
     </span>
     <span class='ocr_line' id='line_1_39' title="bbox 289 2184 1262 2219; baseline -0.003 -7"><span class='ocrx_word' id='word_1_254' title='bbox 289 2186 340 2212; x_wconf 79' lang='lat'>326</span> <span class='ocrx_word' id='word_1_255' title='bbox 358 2187 470 2219; x_wconf 81' lang='lat' dir='ltr'>glutinat</span> <span class='ocrx_word' id='word_1_256' title='bbox 483 2185 506 2210; x_wconf 91' lang='lat' dir='ltr'><em>L</em></span> <span class='ocrx_word' id='word_1_257' title='bbox 593 2184 643 2210; x_wconf 88' lang='lat'>331</span> <span class='ocrx_word' id='word_1_258' title='bbox 662 2185 711 2210; x_wconf 87' lang='lat' dir='ltr'>lieo</span> <span class='ocrx_word' id='word_1_259' title='bbox 730 2189 752 2209; x_wconf 80' lang='lat' dir='ltr'>et</span> <span class='ocrx_word' id='word_1_260' title='bbox 770 2185 806 2209; x_wconf 77' lang='lat' dir='ltr'>sic</span> <span class='ocrx_word' id='word_1_261' title='bbox 825 2192 924 2216; x_wconf 72' lang='lat' dir='ltr'>semper</span> <span class='ocrx_word' id='word_1_262' title='bbox 936 2184 961 2209; x_wconf 78' lang='lat' dir='ltr'><strong><em>A</em></strong></span> <span class='ocrx_word' id='word_1_263' title='bbox 1049 2184 1101 2210; x_wconf 80' lang='lat'>332</span> <span class='ocrx_word' id='word_1_264' title='bbox 1119 2185 1225 2210; x_wconf 75' lang='lat' dir='ltr'>blandet</span> <span class='ocrx_word' id='word_1_265' title='bbox 1238 2184 1262 2208; x_wconf 81' lang='lat' dir='ltr'><strong><em>A</em></strong></span> 
     </span>
    </p>
   </div>
   <div class='ocr_carea' id='block_1_6' title="bbox 290 2251 1950 2875">
    <p class='ocr_par' dir='ltr' id='par_1_15' title="bbox 290 2251 1950 2864">
     <span class='ocr_line' id='line_1_40' title="bbox 394 2251 1949 2287; baseline -0.001 -6"><span class='ocrx_word' id='word_1_266' title='bbox 394 2254 532 2281; x_wconf 80' lang='lat'>300-365</span> <span class='ocrx_word' id='word_1_267' title='bbox 552 2254 644 2279; x_wconf 82' lang='lat' dir='ltr'>Multa</span> <span class='ocrx_word' id='word_1_268' title='bbox 661 2255 813 2286; x_wconf 68' lang='lat' dir='ltr'>conyruumt</span> <span class='ocrx_word' id='word_1_269' title='bbox 830 2260 891 2279; x_wconf 76' lang='lat' dir='ltr'>cum</span> <span class='ocrx_word' id='word_1_270' title='bbox 909 2252 1061 2286; x_wconf 69' lang='lat' dir='ltr'>Auqustini</span> <span class='ocrx_word' id='word_1_271' title='bbox 1078 2251 1218 2286; x_wconf 71' lang='lat' dir='ltr'>personati</span> <span class='ocrx_word' id='word_1_272' title='bbox 1242 2251 1407 2278; x_wconf 60' lang='lat' dir='ltr'>sermonibus</span> <span class='ocrx_word' id='word_1_273' title='bbox 1426 2251 1495 2285; x_wconf 79' lang='lat'>(293.</span> <span class='ocrx_word' id='word_1_274' title='bbox 1508 2251 1570 2285; x_wconf 82' lang='grc'>294)</span> <span class='ocrx_word' id='word_1_275' title='bbox 1592 2251 1624 2278; x_wconf 80' lang='lat' dir='ltr'>de</span> <span class='ocrx_word' id='word_1_276' title='bbox 1641 2251 1763 2279; x_wconf 67' lang='lat' dir='ltr'>ebrietate</span> <span class='ocrx_word' id='word_1_277' title='bbox 1781 2252 1833 2286; x_wconf 75' lang='lat' dir='ltr'>(cd.</span> <span class='ocrx_word' id='word_1_278' title='bbox 1852 2253 1949 2287; x_wconf 64' lang='lat' dir='ltr'>Migm</span> 
     </span>
     <span class='ocr_line' id='line_1_41' title="bbox 295 2303 1949 2339; baseline -0.001 -7"><span class='ocrx_word' id='word_1_279' title='bbox 295 2306 318 2332; x_wconf 90' lang='lat' dir='ltr'><em>V</em></span> <span class='ocrx_word' id='word_1_280' title='bbox 329 2306 420 2339; x_wconf 84' lang='lat'>2303),</span> <span class='ocrx_word' id='word_1_281' title='bbox 440 2306 497 2332; x_wconf 74' lang='lat' dir='ltr'>alia</span> <span class='ocrx_word' id='word_1_282' title='bbox 517 2314 578 2332; x_wconf 80' lang='lat' dir='ltr'>cum</span> <span class='ocrx_word' id='word_1_283' title='bbox 598 2304 732 2331; x_wconf 79' lang='lat' dir='ltr'>Ambrosii</span> <span class='ocrx_word' id='word_1_284' title='bbox 751 2304 836 2331; x_wconf 74' lang='lat' dir='ltr'>verbis</span> <span class='ocrx_word' id='word_1_285' title='bbox 853 2304 886 2331; x_wconf 85' lang='lat' dir='ltr'>de</span> <span class='ocrx_word' id='word_1_286' title='bbox 904 2304 975 2331; x_wconf 84' lang='lat' dir='ltr'>Elia</span> <span class='ocrx_word' id='word_1_287' title='bbox 993 2306 1018 2330; x_wconf 82' lang='lat' dir='ltr'>et</span> <span class='ocrx_word' id='word_1_288' title='bbox 1035 2303 1138 2330; x_wconf 59' lang='lat' dir='ltr'>ieiunio</span> <span class='ocrx_word' id='word_1_289' title='bbox 1156 2311 1212 2336; x_wconf 73' lang='lat' dir='ltr'>cap.</span> <span class='ocrx_word' id='word_1_290' title='bbox 1227 2303 1260 2330; x_wconf 96' lang='grc'>12</span> <span class='ocrx_word' id='word_1_291' title='bbox 1271 2311 1322 2336; x_wconf 80' lang='lat' dir='ltr'>seq.</span> <span class='ocrx_word' id='word_1_292' title='bbox 1398 2303 1449 2329; x_wconf 86' lang='lat'>309</span> <span class='ocrx_word' id='word_1_293' title='bbox 1468 2303 1535 2330; x_wconf 72' lang='lat' dir='ltr'>Isai.</span> <span class='ocrx_word' id='word_1_294' title='bbox 1554 2304 1578 2335; x_wconf 84' lang='lat'>5,</span> <span class='ocrx_word' id='word_1_295' title='bbox 1593 2303 1624 2329; x_wconf 93' lang='lat'>11</span> <span class='ocrx_word' id='word_1_296' title='bbox 1643 2312 1696 2330; x_wconf 79' lang='lat' dir='ltr'>vae</span> <span class='ocrx_word' id='word_1_297' title='bbox 1713 2304 1763 2338; x_wconf 88' lang='lat' dir='ltr'>qui</span> <span class='ocrx_word' id='word_1_298' title='bbox 1781 2304 1949 2339; x_wconf 81' lang='lat' dir='ltr'>consurgitis</span> 
     </span>
     <span class='ocr_line' id='line_1_42' title="bbox 290 2355 1949 2390; baseline 0 -7"><span class='ocrx_word' id='word_1_299' title='bbox 290 2365 372 2383; x_wconf 86' lang='lat' dir='ltr'>mane</span> <span class='ocrx_word' id='word_1_300' title='bbox 391 2357 427 2383; x_wconf 87' lang='lat' dir='ltr'>ad</span> <span class='ocrx_word' id='word_1_301' title='bbox 446 2357 614 2384; x_wconf 87' lang='lat' dir='ltr'>ebrietatem</span> <span class='ocrx_word' id='word_1_302' title='bbox 634 2356 796 2383; x_wconf 83' lang='lat' dir='ltr'>sectandam</span> <span class='ocrx_word' id='word_1_303' title='bbox 817 2357 846 2382; x_wconf 86' lang='lat' dir='ltr'>et</span> <span class='ocrx_word' id='word_1_304' title='bbox 865 2356 1020 2390; x_wconf 84' lang='lat' dir='ltr'>potandum</span> <span class='ocrx_word' id='word_1_305' title='bbox 1039 2364 1128 2390; x_wconf 88' lang='lat' dir='ltr'>usque</span> <span class='ocrx_word' id='word_1_306' title='bbox 1146 2355 1181 2382; x_wconf 88' lang='lat' dir='ltr'>ad</span> <span class='ocrx_word' id='word_1_307' title='bbox 1195 2363 1348 2389; x_wconf 83' lang='lat' dir='ltr'>vesperam,</span> <span class='ocrx_word' id='word_1_308' title='bbox 1366 2356 1399 2382; x_wconf 86' lang='lat' dir='ltr'>ut</span> <span class='ocrx_word' id='word_1_309' title='bbox 1411 2355 1478 2382; x_wconf 84' lang='lat' dir='ltr'>vino</span> <span class='ocrx_word' id='word_1_310' title='bbox 1497 2355 1644 2387; x_wconf 86' lang='lat' dir='ltr'>aestuetis;</span> <span class='ocrx_word' id='word_1_311' title='bbox 1662 2355 1727 2383; x_wconf 58' lang='lat' dir='ltr'>aad.</span> <span class='ocrx_word' id='word_1_312' title='bbox 1740 2356 1764 2388; x_wconf 85' lang='grc'>5,</span> <span class='ocrx_word' id='word_1_313' title='bbox 1778 2356 1813 2383; x_wconf 85' lang='grc'>22</span> <span class='ocrx_word' id='word_1_314' title='bbox 1829 2365 1882 2383; x_wconf 80' lang='lat' dir='ltr'>vae</span> <span class='ocrx_word' id='word_1_315' title='bbox 1899 2356 1949 2390; x_wconf 87' lang='lat' dir='ltr'>qui</span> 
     </span>
     <span class='ocr_line' id='line_1_43' title="bbox 290 2406 1948 2443; baseline -0.001 -8"><span class='ocrx_word' id='word_1_316' title='bbox 290 2410 419 2443; x_wconf 88' lang='lat' dir='ltr'>potentes</span> <span class='ocrx_word' id='word_1_317' title='bbox 439 2409 506 2436; x_wconf 88' lang='lat' dir='ltr'>estis</span> <span class='ocrx_word' id='word_1_318' title='bbox 524 2408 560 2435; x_wconf 87' lang='lat' dir='ltr'>ad</span> <span class='ocrx_word' id='word_1_319' title='bbox 579 2408 733 2435; x_wconf 89' lang='lat' dir='ltr'>bibendum</span> <span class='ocrx_word' id='word_1_320' title='bbox 752 2408 849 2434; x_wconf 89' lang='lat' dir='ltr'>vinum</span> <span class='ocrx_word' id='word_1_321' title='bbox 870 2409 898 2434; x_wconf 87' lang='lat' dir='ltr'>et</span> <span class='ocrx_word' id='word_1_322' title='bbox 916 2407 971 2435; x_wconf 90' lang='lat' dir='ltr'>viri</span> <span class='ocrx_word' id='word_1_323' title='bbox 989 2407 1075 2434; x_wconf 86' lang='lat' dir='ltr'>fortes</span> <span class='ocrx_word' id='word_1_324' title='bbox 1099 2407 1134 2433; x_wconf 85' lang='lat' dir='ltr'>ad</span> <span class='ocrx_word' id='word_1_325' title='bbox 1159 2406 1331 2434; x_wconf 80' lang='lat' dir='ltr'>miscendam</span> <span class='ocrx_word' id='word_1_326' title='bbox 1355 2406 1527 2434; x_wconf 84' lang='lat' dir='ltr'>ebrietatem.</span> <span class='ocrx_word' id='word_1_327' title='bbox 1615 2407 1754 2434; x_wconf 84' lang='lat'><strong>311—314</strong></span> <span class='ocrx_word' id='word_1_328' title='bbox 1772 2407 1841 2435; x_wconf 77' lang='lat' dir='ltr'>Luc.</span> <span class='ocrx_word' id='word_1_329' title='bbox 1859 2408 1902 2438; x_wconf 85' lang='grc'>21,</span> <span class='ocrx_word' id='word_1_330' title='bbox 1914 2408 1948 2434; x_wconf 80' lang='lat'>34</span> 
     </span>
     <span class='ocr_line' id='line_1_44' title="bbox 290 2458 1948 2494; baseline 0 -8"><span class='ocrx_word' id='word_1_331' title='bbox 290 2460 430 2487; x_wconf 84' lang='lat' dir='ltr'>attendite</span> <span class='ocrx_word' id='word_1_332' title='bbox 450 2460 537 2491; x_wconf 86' lang='lat' dir='ltr'>vobis,</span> <span class='ocrx_word' id='word_1_333' title='bbox 558 2469 591 2486; x_wconf 87' lang='lat' dir='ltr'>ne</span> <span class='ocrx_word' id='word_1_334' title='bbox 613 2461 685 2486; x_wconf 81' lang='lat' dir='ltr'>forte</span> <span class='ocrx_word' id='word_1_335' title='bbox 704 2461 857 2494; x_wconf 77' lang='lat' dir='ltr'>graventur</span> <span class='ocrx_word' id='word_1_336' title='bbox 876 2460 959 2487; x_wconf 86' lang='lat' dir='ltr'>corda</span> <span class='ocrx_word' id='word_1_337' title='bbox 978 2461 1070 2486; x_wconf 85' lang='lat' dir='ltr'>vestra</span> <span class='ocrx_word' id='word_1_338' title='bbox 1088 2459 1117 2485; x_wconf 90' lang='lat' dir='ltr'>in</span> <span class='ocrx_word' id='word_1_339' title='bbox 1136 2459 1252 2494; x_wconf 81' lang='lat' dir='ltr'>crapula</span> <span class='ocrx_word' id='word_1_340' title='bbox 1271 2460 1298 2485; x_wconf 77' lang='lat' dir='ltr'>et</span> <span class='ocrx_word' id='word_1_341' title='bbox 1317 2458 1454 2485; x_wconf 85' lang='lat' dir='ltr'>ebrietate</span> <span class='ocrx_word' id='word_1_342' title='bbox 1473 2460 1503 2485; x_wconf 86' lang='lat' dir='ltr'>et</span> <span class='ocrx_word' id='word_1_343' title='bbox 1520 2459 1592 2486; x_wconf 88' lang='lat' dir='ltr'>curis</span> <span class='ocrx_word' id='word_1_344' title='bbox 1611 2459 1694 2486; x_wconf 87' lang='lat' dir='ltr'>huius</span> <span class='ocrx_word' id='word_1_345' title='bbox 1711 2459 1788 2486; x_wconf 87' lang='lat' dir='ltr'>vitae</span> <span class='ocrx_word' id='word_1_346' title='bbox 1806 2461 1836 2486; x_wconf 86' lang='lat' dir='ltr'>et</span> <span class='ocrx_word' id='word_1_347' title='bbox 1853 2467 1948 2494; x_wconf 84' lang='lat' dir='ltr'>super-</span> 
     </span>
     <span class='ocr_line' id='line_1_45' title="bbox 291 2510 1947 2546; baseline 0 -8"><span class='ocrx_word' id='word_1_348' title='bbox 291 2512 386 2538; x_wconf 86' lang='lat' dir='ltr'>veniat</span> <span class='ocrx_word' id='word_1_349' title='bbox 410 2512 440 2538; x_wconf 90' lang='lat' dir='ltr'>in</span> <span class='ocrx_word' id='word_1_350' title='bbox 463 2521 511 2538; x_wconf 86' lang='lat' dir='ltr'>vos</span> <span class='ocrx_word' id='word_1_351' title='bbox 534 2512 682 2546; x_wconf 83' lang='lat' dir='ltr'>repentina</span> <span class='ocrx_word' id='word_1_352' title='bbox 706 2512 765 2539; x_wconf 89' lang='lat' dir='ltr'>dies</span> <span class='ocrx_word' id='word_1_353' title='bbox 794 2512 853 2539; x_wconf 85' lang='lat' dir='ltr'>illa.</span> <span class='ocrx_word' id='word_1_354' title='bbox 940 2512 991 2538; x_wconf 85' lang='grc'>325</span> <span class='ocrx_word' id='word_1_355' title='bbox 1014 2511 1041 2538; x_wconf 84' lang='lat' dir='ltr'>S.</span> <span class='ocrx_word' id='word_1_356' title='bbox 1061 2510 1164 2537; x_wconf 75' lang='lat' dir='ltr'>Basilii</span> <span class='ocrx_word' id='word_1_357' title='bbox 1193 2510 1326 2537; x_wconf 65' lang='lat' dir='ltr'>Admana.</span> <span class='ocrx_word' id='word_1_358' title='bbox 1345 2511 1377 2537; x_wconf 88' lang='lat'>14</span> <span class='ocrx_word' id='word_1_359' title='bbox 1399 2510 1506 2544; x_wconf 72' lang='lat' dir='ltr'>(Miyne</span> <span class='ocrx_word' id='word_1_360' title='bbox 1528 2511 1586 2543; x_wconf 84' lang='lat'>103,</span> <span class='ocrx_word' id='word_1_361' title='bbox 1599 2512 1663 2546; x_wconf 85' lang='lat'>695)</span> <span class='ocrx_word' id='word_1_362' title='bbox 1685 2511 1758 2538; x_wconf 79' lang='lat' dir='ltr'>sicut</span> <span class='ocrx_word' id='word_1_363' title='bbox 1779 2511 1864 2546; x_wconf 83' lang='lat' dir='ltr'>piscis</span> <span class='ocrx_word' id='word_1_364' title='bbox 1885 2520 1947 2538; x_wconf 89' lang='lat' dir='ltr'>cum</span> 
     </span>
     <span class='ocr_line' id='line_1_46' title="bbox 291 2550 1949 2598; baseline 0 -9"><span class='ocrx_word' id='word_1_365' title='bbox 291 2563 380 2589; x_wconf 86' lang='lat' dir='ltr'>avidis</span> <span class='ocrx_word' id='word_1_366' title='bbox 398 2563 526 2590; x_wconf 83' lang='lat' dir='ltr'>faucibus</span> <span class='ocrx_word' id='word_1_367' title='bbox 544 2564 684 2598; x_wconf 79' lang='lat' dir='ltr'>properat,</span> <span class='ocrx_word' id='word_1_368' title='bbox 704 2565 736 2589; x_wconf 93' lang='lat' dir='ltr'>ut</span> <span class='ocrx_word' id='word_1_369' title='bbox 754 2563 860 2597; x_wconf 82' lang='lat' dir='ltr'>glutiat</span> <span class='ocrx_word' id='word_1_370' title='bbox 880 2571 978 2595; x_wconf 80' lang='lat' dir='ltr'>escam,</span> <span class='ocrx_word' id='word_1_371' title='bbox 998 2550 1163 2597; x_wconf 39' lang='lat' dir='ltr'>et&#39;repente</span> <span class='ocrx_word' id='word_1_372' title='bbox 1181 2563 1294 2589; x_wconf 84' lang='lat' dir='ltr'>hamum</span> <span class='ocrx_word' id='word_1_373' title='bbox 1309 2562 1384 2589; x_wconf 83' lang='lat' dir='ltr'>inter</span> <span class='ocrx_word' id='word_1_374' title='bbox 1401 2563 1495 2589; x_wconf 83' lang='lat' dir='ltr'>fauces</span> <span class='ocrx_word' id='word_1_375' title='bbox 1507 2555 1613 2597; x_wconf 78' lang='lat' dir='ltr'>reperit</span> <span class='ocrx_word' id='word_1_376' title='bbox 1630 2563 1747 2595; x_wconf 83' lang='lat' dir='ltr'>hostem,</span> <span class='ocrx_word' id='word_1_377' title='bbox 1766 2562 1808 2589; x_wconf 82' lang='lat' dir='ltr'>ita</span> <span class='ocrx_word' id='word_1_378' title='bbox 1826 2562 1949 2590; x_wconf 88' lang='lat' dir='ltr'>ebriosus</span> 
     </span>
     <span class='ocr_line' id='line_1_47' title="bbox 290 2614 1948 2649; baseline 0 -8"><span class='ocrx_word' id='word_1_379' title='bbox 290 2615 365 2641; x_wconf 85' lang='lat' dir='ltr'>intra</span> <span class='ocrx_word' id='word_1_380' title='bbox 390 2623 418 2641; x_wconf 86' lang='lat' dir='ltr'>se</span> <span class='ocrx_word' id='word_1_381' title='bbox 441 2615 538 2641; x_wconf 89' lang='lat' dir='ltr'>vinum</span> <span class='ocrx_word' id='word_1_382' title='bbox 566 2615 684 2649; x_wconf 82' lang='lat' dir='ltr'>suscipit</span> <span class='ocrx_word' id='word_1_383' title='bbox 711 2614 870 2648; x_wconf 89' lang='lat' dir='ltr'>inimicum,</span> <span class='ocrx_word' id='word_1_384' title='bbox 898 2614 973 2648; x_wconf 88' lang='lat' dir='ltr'>quod</span> <span class='ocrx_word' id='word_1_385' title='bbox 999 2614 1076 2641; x_wconf 81' lang='lat' dir='ltr'>intra</span> <span class='ocrx_word' id='word_1_386' title='bbox 1103 2623 1166 2641; x_wconf 88' lang='lat' dir='ltr'>eum</span> <span class='ocrx_word' id='word_1_387' title='bbox 1194 2623 1306 2641; x_wconf 86' lang='lat' dir='ltr'>morans</span> <span class='ocrx_word' id='word_1_388' title='bbox 1336 2614 1459 2648; x_wconf 79' lang='lat' dir='ltr'>impellit</span> <span class='ocrx_word' id='word_1_389' title='bbox 1481 2614 1518 2641; x_wconf 85' lang='lat' dir='ltr'>ad</span> <span class='ocrx_word' id='word_1_390' title='bbox 1546 2623 1628 2641; x_wconf 89' lang='lat' dir='ltr'>omne</span> <span class='ocrx_word' id='word_1_391' title='bbox 1655 2623 1724 2649; x_wconf 87' lang='lat' dir='ltr'>opus</span> <span class='ocrx_word' id='word_1_392' title='bbox 1751 2614 1948 2642; x_wconf 84' lang='lat' dir='ltr'>foedissimum.</span> 
     </span>
     <span class='ocr_line' id='line_1_48' title="bbox 291 2665 1948 2700; baseline 0 -7"><span class='ocrx_word' id='word_1_393' title='bbox 291 2667 429 2694; x_wconf 78' lang='lat'><strong>329-338</strong></span> <span class='ocrx_word' id='word_1_394' title='bbox 453 2667 532 2694; x_wconf 88' lang='lat' dir='ltr'>Prov.</span> <span class='ocrx_word' id='word_1_395' title='bbox 557 2668 599 2699; x_wconf 76' lang='lat'>23,</span> <span class='ocrx_word' id='word_1_396' title='bbox 613 2668 645 2694; x_wconf 89' lang='lat'>31</span> <span class='ocrx_word' id='word_1_397' title='bbox 672 2676 707 2694; x_wconf 91' lang='lat' dir='ltr'>ne</span> <span class='ocrx_word' id='word_1_398' title='bbox 733 2667 869 2694; x_wconf 78' lang='lat' dir='ltr'>intuearis</span> <span class='ocrx_word' id='word_1_399' title='bbox 893 2667 1003 2698; x_wconf 79' lang='lat' dir='ltr'>vinum,</span> <span class='ocrx_word' id='word_1_400' title='bbox 1033 2665 1145 2700; x_wconf 73' lang='lat' dir='ltr'>quando</span> <span class='ocrx_word' id='word_1_401' title='bbox 1168 2666 1306 2698; x_wconf 87' lang='lat' dir='ltr'>flavescit,</span> <span class='ocrx_word' id='word_1_402' title='bbox 1333 2674 1396 2692; x_wconf 87' lang='lat' dir='ltr'>cum</span> <span class='ocrx_word' id='word_1_403' title='bbox 1424 2665 1598 2700; x_wconf 82' lang='lat' dir='ltr'>splenduerit</span> <span class='ocrx_word' id='word_1_404' title='bbox 1625 2666 1655 2692; x_wconf 87' lang='lat' dir='ltr'>in</span> <span class='ocrx_word' id='word_1_405' title='bbox 1678 2666 1751 2693; x_wconf 87' lang='lat' dir='ltr'>vitro</span> <span class='ocrx_word' id='word_1_406' title='bbox 1775 2666 1850 2693; x_wconf 88' lang='lat' dir='ltr'>color</span> <span class='ocrx_word' id='word_1_407' title='bbox 1876 2665 1948 2693; x_wconf 75' lang='lat' dir='ltr'>eius:</span> 
     </span>
     <span class='ocr_line' id='line_1_49' title="bbox 291 2717 1950 2752; baseline 0 -8"><span class='ocrx_word' id='word_1_408' title='bbox 291 2718 450 2752; x_wconf 85' lang='lat' dir='ltr'>ingreditur</span> <span class='ocrx_word' id='word_1_409' title='bbox 473 2718 587 2750; x_wconf 73' lang='lat' dir='ltr'>blande3</span> <span class='ocrx_word' id='word_1_410' title='bbox 612 2719 658 2745; x_wconf 86' lang='lat' dir='ltr'>sed</span> <span class='ocrx_word' id='word_1_411' title='bbox 683 2719 712 2745; x_wconf 90' lang='lat' dir='ltr'>in</span> <span class='ocrx_word' id='word_1_412' title='bbox 736 2719 886 2746; x_wconf 82' lang='lat' dir='ltr'>novissimo</span> <span class='ocrx_word' id='word_1_413' title='bbox 909 2718 1049 2746; x_wconf 83' lang='lat' dir='ltr'>mordebit</span> <span class='ocrx_word' id='word_1_414' title='bbox 1066 2719 1099 2744; x_wconf 91' lang='lat' dir='ltr'>ut</span> <span class='ocrx_word' id='word_1_415' title='bbox 1117 2717 1231 2744; x_wconf 87' lang='lat' dir='ltr'>coluber</span> <span class='ocrx_word' id='word_1_416' title='bbox 1249 2719 1278 2744; x_wconf 89' lang='lat' dir='ltr'>et</span> <span class='ocrx_word' id='word_1_417' title='bbox 1299 2717 1373 2744; x_wconf 82' lang='lat' dir='ltr'>sieut</span> <span class='ocrx_word' id='word_1_418' title='bbox 1392 2717 1506 2752; x_wconf 85' lang='lat' dir='ltr'>regulus</span> <span class='ocrx_word' id='word_1_419' title='bbox 1525 2726 1634 2745; x_wconf 86' lang='lat' dir='ltr'>venena</span> <span class='ocrx_word' id='word_1_420' title='bbox 1651 2717 1790 2745; x_wconf 86' lang='lat' dir='ltr'>diffundet</span> <span class='ocrx_word' id='word_1_421' title='bbox 1867 2717 1903 2744; x_wconf 76' lang='lat'>34</span> <span class='ocrx_word' id='word_1_422' title='bbox 1920 2719 1950 2744; x_wconf 82' lang='lat' dir='ltr'>et</span> 
     </span>
     <span class='ocr_line' id='line_1_50' title="bbox 292 2769 1950 2805; baseline 0 -9"><span class='ocrx_word' id='word_1_423' title='bbox 292 2769 345 2796; x_wconf 84' lang='lat' dir='ltr'>eris</span> <span class='ocrx_word' id='word_1_424' title='bbox 371 2769 443 2796; x_wconf 84' lang='lat' dir='ltr'>sicut</span> <span class='ocrx_word' id='word_1_425' title='bbox 465 2769 604 2795; x_wconf 78' lang='lat' dir='ltr'>dormiens</span> <span class='ocrx_word' id='word_1_426' title='bbox 629 2770 658 2796; x_wconf 90' lang='lat' dir='ltr'>in</span> <span class='ocrx_word' id='word_1_427' title='bbox 680 2770 772 2797; x_wconf 84' lang='lat' dir='ltr'>medio</span> <span class='ocrx_word' id='word_1_428' title='bbox 796 2771 866 2797; x_wconf 77' lang='lat' dir='ltr'>mari</span> <span class='ocrx_word' id='word_1_429' title='bbox 891 2772 920 2797; x_wconf 89' lang='lat' dir='ltr'>et</span> <span class='ocrx_word' id='word_1_430' title='bbox 943 2770 1023 2805; x_wconf 86' lang='lat' dir='ltr'>quasi</span> <span class='ocrx_word' id='word_1_431' title='bbox 1048 2769 1156 2804; x_wconf 85' lang='lat' dir='ltr'>sopitus</span> <span class='ocrx_word' id='word_1_432' title='bbox 1175 2770 1347 2804; x_wconf 84' lang='lat' dir='ltr'>gubernator</span> <span class='ocrx_word' id='word_1_433' title='bbox 1366 2770 1467 2797; x_wconf 87' lang='lat' dir='ltr'>amisso</span> <span class='ocrx_word' id='word_1_434' title='bbox 1486 2770 1574 2797; x_wconf 85' lang='lat' dir='ltr'>clavo.</span> <span class='ocrx_word' id='word_1_435' title='bbox 1611 2770 1646 2796; x_wconf 87' lang='grc'>35</span> <span class='ocrx_word' id='word_1_436' title='bbox 1669 2771 1698 2796; x_wconf 88' lang='lat' dir='ltr'>et</span> <span class='ocrx_word' id='word_1_437' title='bbox 1721 2769 1796 2796; x_wconf 82' lang='lat' dir='ltr'>dices</span> <span class='ocrx_word' id='word_1_438' title='bbox 1814 2769 1950 2796; x_wconf 80' lang='lat' dir='ltr'>‘verbera-</span> 
     </span>
     <span class='ocr_line' id='line_1_51' title="bbox 292 2821 1950 2864; baseline 0.001 -17"><span class='ocrx_word' id='word_1_439' title='bbox 292 2823 392 2847; x_wconf 84' lang='lat' dir='ltr'>verunt</span> <span class='ocrx_word' id='word_1_440' title='bbox 410 2830 462 2853; x_wconf 84' lang='lat' dir='ltr'>me,</span> <span class='ocrx_word' id='word_1_441' title='bbox 482 2821 528 2847; x_wconf 88' lang='lat' dir='ltr'>sed</span> <span class='ocrx_word' id='word_1_442' title='bbox 548 2830 603 2847; x_wconf 90' lang='lat' dir='ltr'>non</span> <span class='ocrx_word' id='word_1_443' title='bbox 622 2821 714 2854; x_wconf 79' lang='lat' dir='ltr'>dolui;</span> <span class='ocrx_word' id='word_1_444' title='bbox 734 2824 881 2848; x_wconf 83' lang='lat' dir='ltr'>traxerunt</span> <span class='ocrx_word' id='word_1_445' title='bbox 899 2831 943 2849; x_wconf 88' lang='lat' dir='ltr'>me</span> <span class='ocrx_word' id='word_1_446' title='bbox 962 2824 991 2849; x_wconf 89' lang='lat' dir='ltr'>et</span> <span class='ocrx_word' id='word_1_447' title='bbox 1010 2831 1061 2857; x_wconf 85' lang='lat' dir='ltr'>ego</span> <span class='ocrx_word' id='word_1_448' title='bbox 1077 2830 1134 2849; x_wconf 89' lang='lat' dir='ltr'>non</span> <span class='ocrx_word' id='word_1_449' title='bbox 1152 2822 1239 2849; x_wconf 84' lang='lat' dir='ltr'>sensi:</span> <span class='ocrx_word' id='word_1_450' title='bbox 1259 2822 1372 2856; x_wconf 87' lang='lat' dir='ltr'>quando</span> <span class='ocrx_word' id='word_1_451' title='bbox 1391 2822 1532 2857; x_wconf 80' lang='lat' dir='ltr'>evigilabo</span> <span class='ocrx_word' id='word_1_452' title='bbox 1551 2824 1580 2849; x_wconf 88' lang='lat' dir='ltr'>et</span> <span class='ocrx_word' id='word_1_453' title='bbox 1597 2831 1690 2849; x_wconf 86' lang='lat' dir='ltr'>rursus</span> <span class='ocrx_word' id='word_1_454' title='bbox 1708 2821 1775 2849; x_wconf 86' lang='lat' dir='ltr'>vina</span> <span class='ocrx_word' id='word_1_455' title='bbox 1787 2821 1950 2864; x_wconf 54' lang='lat' dir='ltr'>reperiam?</span> 
     </span>
    </p>

    <p class='ocr_par' dir='ltr' id='par_1_16' title="bbox 1890 2862 1902 2875">
     <span class='ocr_line' id='line_1_52' title="bbox 1890 2862 1902 2875; baseline 0 0"><span class='ocrx_word' id='word_1_456' title='bbox 1890 2862 1902 2875; x_wconf 63' lang='grc' dir='ltr'><em>Ὀ</em></span> 
     </span>
    </p>
   </div>
   <div class='ocr_carea' id='block_1_7' title="bbox 2027 2517 2060 3074">
    <p class='ocr_par' dir='ltr' id='par_1_17' title="bbox 2027 2517 2060 3074">
     <span class='ocr_line' id='line_1_53' title="bbox 2027 2517 2060 3074; baseline 0 0"><span class='ocrx_word' id='word_1_457' title='bbox 2027 2517 2060 3074; x_wconf 95' lang='lat' dir='ltr'> </span> 
     </span>
    </p>
   </div>
  </div>
 </body>
</html>
