2060 3074
274 154 336 183 666
929 151 1082 178 MILONIS
1100 151 1277 178 CARMINA.

636 237 831 279 Ereptisque
855 237 931 279 iugo
958 237 1070 268 tribuit
1092 237 1240 268 mirabile
1264 248 1391 278 manna,

555 301 593 320 '110
638 288 780 320 Caelitus
802 292 840 320 ut
862 289 992 331 capiant
1015 288 1141 320 delatas
1164 289 1320 321 imbribus
1345 300 1437 321 escas

636 340 679 371 Et
703 340 743 372 de
768 344 861 372 caute
885 341 999 372 bibant
1021 351 1174 383 percussa
1197 341 1305 372 militis
1328 341 1432 382 hasta,

639 391 710 428 Qua
732 395 841 423 nostro
864 393 897 423 in
920 393 1024 435 pretio
1048 393 1148 424 stillat
1171 403 1265 424 cruor
1287 393 1374 424 unda
1396 394 1537 425 lavaero.

681 453 791 484 XVII.
816 453 887 484 Iam
912 454 986 495 quia
1009 453 1161 485 laudatae
1184 454 1359 496 praeconia
1382 454 1567 486 sobrietatis

637 504 802 546 Deseripsi
827 507 859 536 et
883 505 978 536 tactis
1002 505 1086 537 vitiis
1109 515 1258 537 sermone
1283 505 1476 548 quibusdam

556 568 592 587 ⁷1⁵
636 556 812 598 Florigeris
836 559 964 598 patrum
988 552 1135 599 decerpsi
1158 558 1305 599 gramina
1329 558 1439 600 pratis,

637 608 747 639 Pauca
770 607 944 650 pudicitiae
969 607 1009 639 de
1033 608 1130 640 laude
1154 609 1277 640 referre
1301 609 1430 641 salubre
1455 612 1513 641 est.

639 660 823 702 Virginitas,
848 660 997 702 specialis
1021 670 1120 701 amor,
1145 661 1224 701 laus,
1249 661 1352 703 gloria
1376 662 1468 702 caeli,

636 711 817 753 Angelicae
840 712 966 743 virtutis
990 712 1102 752 honos,
1125 713 1194 752 flos,
1217 723 1360 755 purpura
1382 713 1476 755 regni

638 763 742 795 Omne
767 763 864 795 decus
889 775 1053 806 superans,
1076 764 1213 796 Phoebo
1237 765 1407 796 formosior
1429 765 1517 808 ipso;

555 828 593 847 τρο
636 815 706 847 Νο0
730 815 774 846 810
796 815 931 857 pulchra
953 816 1035 847 nitet
1057 816 1204 858 perfecto
1229 816 1359 848 cinthia
1382 817 1463 859 giro,

637 867 769 899 Lucifer
791 867 865 899 huic
887 868 1002 910 impar,
1025 868 1136 900 rutilat
1158 878 1231 900 cum
1254 879 1349 900 mane
1373 879 1500 909 sereno,

637 919 690 958 Et,
715 919 802 961 quod
824 920 857 951 in
881 919 959 951 orbe
983 920 1083 962 viget,
1106 920 1211 962 pretio
1236 921 1409 963 pretiosior
1431 921 1527 952 omni.

636 970 723 1002 Nata
747 970 809 1002 deo
833 971 1034 1014 gignensque
1059 971 1156 1003 deum
1180 972 1248 1003 sine
1273 973 1396 1004 semine
1421 983 1534 1004 verum

636 1022 723 1054 Dum
747 1027 884 1065 generat
906 1024 1048 1066 genitrix
1071 1024 1191 1056 virtute
1214 1024 1384 1056 umbrante
1409 1035 1557 1068 superna,

554 1087 591 1107 ⁷25
635 1075 739 1117 Virgo
762 1078 883 1116 manet,
908 1076 983 1118 quia
1005 1079 1110 1107 matre
1134 1076 1231 1118 prior,
1256 1077 1309 1119 qui
1332 1077 1482 1118 nascitur,
1508 1080 1608 1108 extat.

638 1127 690 1158 Sic
713 1130 807 1159 natus
832 1127 872 1159 de
896 1131 990 1170 patre
1015 1128 1076 1159 deo
1101 1128 1181 1160 deus
1205 1131 1238 1159 et
1261 1139 1335 1160 caro
1359 1140 1467 1170 carne,

635 1179 710 1210 Non
732 1180 890 1221 geminus,
915 1180 1066 1222 quoniam
1089 1180 1229 1222 simplex
1251 1180 1455 1223 hominisque
1481 1181 1599 1224 deique

637 1231 691 1263 Sic
713 1241 854 1273 persona
876 1232 968 1272 nitet,
993 1242 1056 1274 quo
1081 1232 1121 1264 sit
1143 1235 1260 1264 natura
1282 1233 1441 1275 gemella;

636 1283 695 1315 Est
718 1286 827 1315 tamen
851 1284 903 1315 hic
926 1283 1033 1323 homo,
1058 1284 1112 1326 qui
1137 1284 1216 1316 deus
1240 1288 1299 1325 est,
1323 1295 1398 1317 caro
1423 1285 1563 1328 denique
1586 1285 1740 1317 verbum:

555 1348 594 1368 ⁷³0
638 1335 671 1367 Si
695 1338 824 1368 terrena
846 1336 923 1367 licet
945 1336 1046 1368 verbo
1071 1337 1218 1368 conferre
1243 1338 1406 1380 supernis:

639 1388 807 1420 Secretum
831 1399 903 1420 cum
927 1389 1010 1420 forte
1034 1389 1167 1432 aliquod
1190 1393 1281 1422 tenet
1304 1391 1414 1422 arcula
1437 1390 1552 1430 cordis,

638 1440 791 1482 Ignotum
814 1441 946 1483 reliquis
970 1443 1106 1482 constat,
1130 1441 1207 1484 quid
1229 1445 1338 1474 mente
1363 1452 1529 1484 geramum

640 1492 685 1524 Ut
708 1496 818 1525 tamen
841 1493 1000 1525 humanos
1024 1493 1153 1525 auditus
1177 1497 1313 1536 tangere
1337 1494 1448 1537 possit,

637 1544 807 1577 Formales
831 1545 987 1577 adhibere
1011 1545 1126 1578 modos
1150 1546 1224 1578 huic
1246 1546 1316 1578 iure
1339 1557 1476 1579 necesse
1501 1550 1559 1578 est.

556 1609 594 1628 ⁷35
636 1597 748 1629 Verba
771 1598 866 1630 aliter
888 1608 953 1629 non
977 1608 1049 1630 esse
1074 1602 1206 1641 queunt,
1229 1599 1290 1631 nisi
1313 1599 1491 1630 materialis

637 1648 698 1681 His
722 1653 755 1681 et
778 1650 868 1692 origo
892 1650 979 1681 foras
1002 1650 1111 1682 veniat
1134 1650 1315 1682 substantia
1339 1650 1515 1693 quaedam:

636 1700 762 1733 Dentes
785 1712 858 1733 011111
881 1701 984 1742 labiis,
1009 1712 1081 1733 cum
1104 1705 1234 1744 gutture
1258 1703 1380 1745 pulmo,
1405 1703 1559 1745 palatum.

637 1752 736 1784 Missa
758 1763 817 1795 per
840 1754 1003 1796 angelicas
1027 1754 1153 1796 species
1175 1754 1330 1786 mandata
1353 1754 1541 1797 frequenter

639 1805 768 1847 Perque
791 1805 907 1836 modos
929 1805 1058 1846 multos,
1082 1815 1142 1848 per
1162 1817 1299 1848 corpora
1321 1806 1362 1838 ab
1387 1817 1463 1838 aere
1487 1809 1616 1849 sumpta

556 1869 594 1888 πο
638 1856 804 1888 Audivere
827 1860 937 1899 patres
960 1857 1057 1900 prisci
1080 1858 1247 1900 sanctique
1270 1858 1470 1901 prophetae;

640 1907 747 1940 Corde
770 1909 871 1951 patris
895 1909 1041 1951 genitum
1063 1910 1144 1941 miro
1168 1910 1347 1942 ructamine
1370 1910 1507 1942 verbum

636 1959 738 1992 Venit
760 1961 793 1992 in
815 1960 900 1995 1111110
921 1960 1078 1993 mundum
1101 1962 1206 1993 carnis
1227 1962 1373 1994 mortalis
1396 1962 1518 1994 amictu

637 2012 811 2054 Vestitum,
837 2013 988 2055 quoniam
1011 2013 1135 2055 fragilis
1157 2017 1273 2046 natura
1295 2014 1420 2055 videre,

638 2064 677 2096 In
700 2064 833 2106 deitate,
858 2065 966 2106 deum,
990 2066 1079 2097 velut
1102 2069 1161 2107 est,
1186 2069 1220 2098 et
1242 2066 1327 2098 ferre
1350 2066 1503 2109 nequivit.

558 2129 596 2148 ’145
641 2117 832 2159 Virgineam
855 2118 959 2149 carnis
981 2118 1139 2160 genitrice
1164 2128 1207 2150 ex
1229 2119 1353 2161 virgine
1376 2122 1502 2150 vestem

639 2169 749 2201 Induit
771 2172 805 2201 et
827 2170 914 2201 nullo
938 2170 1040 2202 voluit
1063 2173 1202 2203 coeunte
1226 2171 1338 2211 creari,

639 2221 710 2253 Nec
733 2222 819 2253 coitu
842 2231 1003 2264 generans
1026 2223 1167 2254 intactae
1192 2223 1295 2255 carnis
1318 2223 1440 2255 honore

640 2273 829 2315 Virginibus
851 2274 946 2316 liquit
969 2273 1164 2318 documenta
1187 2274 1329 2306 salubria
1351 2275 1449 2315 vitae,

638 2325 754 2357 Frater
777 2328 811 2357 et
831 2325 881 2357 his
904 2335 1040 2369 sponsus
1061 2327 1207 2368 pulcher,
1231 2326 1359 2358 socialis
1382 2326 1512 2358 amicus.

557 2389 594 2409 750
640 2376 745 2414 Quam
769 2378 810 2408 sit
833 2388 908 2409 cara
931 2378 1002 2419 sibi,
1027 2379 1115 2420 quali
1137 2381 1288 2410 teneatur
1311 2388 1433 2418 amore,

376 2523 426 2548 709
452 2525 609 2557 Ereptosque
622 2524 647 2549 L
734 2523 784 2550 716
810 2525 927 2558 pudiciac
940 2525 964 2550 L
1052 2525 1103 2551 718
1129 2534 1242 2559 porpura
1256 2525 1306 2550 AL
1393 2524 1445 2551 720
1470 2525 1576 2559 pulchre
1595 2525 1619 2550 L
1707 2525 1758 2551 735
1785 2525 1930 2552 Uen-balim

273 2574 324 2591 non
339 2566 361 2590 L
449 2566 499 2592 738
517 2567 610 2600 speties
629 2567 669 2592 hic
682 2567 707 2592 A
796 2567 846 2594 746
865 2569 949 2595 uoluit
967 2570 1039 2595 nullo
1053 2569 1077 2595 L

378 2642 514 2669 709—712
537 2643 632 2670 Isidooz
655 2644 759 2678 Quae-st.
781 2644 817 2670 ad
841 2645 928 2671 Emod.
947 2645 981 2672 24
1004 2644 1057 2679 (M.
1078 2653 1140 2679 pay.
1163 2646 1226 2680 299)
1249 2647 1313 2680 post
1335 2654 1439 2672 manna
1462 2645 1590 2680 queritur
1613 2645 1732 2680 populus
1756 2645 1808 2671 sub
1830 2645 1929 2672 ardore

275 2693 336 2719 sitis
355 2695 383 2719 et
402 2694 462 2719 fons
487 2694 521 2720 de
545 2696 625 2729 petra
649 2695 750 2730 erupit.
787 2696 885 2722 eadem
909 2698 1004 2723 autem
1028 2698 1121 2731 petra,
1145 2705 1218 2731 quae
1242 2705 1373 2731 percussa
1395 2705 1498 2732 aquam
1521 2697 1658 2730 evomuit,
1681 2697 1785 2724 Christi
1812 2697 1929 2731 figuram

275 2745 382 2772 habuit.
412 2767 436 2773 ..
455 2754 584 2780 percussa
606 2748 687 2781 petra
705 2748 767 2774 sons
789 2749 924 2775 manavit.
961 2757 1106 2783 percussus
1130 2749 1159 2775 in
1185 2757 1264 2776 cruce
1290 2748 1416 2776 Christus
1438 2738 1600 2776 sitientibus
1625 2749 1728 2776 lavacri
1755 2749 1877 2783 gratiam
1901 2750 1932 2776 et

275 2797 378 2823 donum
400 2797 514 2831 spiritus
534 2799 622 2824 saneti
643 2799 750 2826 effudit.
840 2800 889 2828 724
908 2800 962 2834 Gfr.
983 2809 1069 2835 supra
1087 2801 1123 2827 ad
1142 2801 1212 2828 140.

1865 2855 1912 2886 '⁹2
