2060 3074
236 193 297 223 392
868 188 1068 215 BERTHARII
1088 187 1266 215 CARMIMA.

598 277 722 308 Postea
747 286 844 318 quem
869 275 955 306 abba
979 275 1121 306 servavit
1144 277 1290 316 tempore
1315 275 1414 316 longo

642 328 685 359 Et
706 328 856 369 relegens
882 336 1012 368 semper
1035 325 1151 357 doctus
1175 326 1216 357 ab
1240 329 1309 357 arte
1334 326 1405 358 fuit.

599 380 649 411 Tu
674 389 812 421 quoque,
837 377 1010 420 discipule,
1035 377 1161 409 sollerti
1184 380 1294 409 mente
1319 388 1450 409 recurre

542 445 566 463 ιο
646 431 738 462 Illius
763 430 803 462 ad
829 429 965 462 scaedas
989 429 1116 461 discere
1142 432 1241 462 recta.
1288 429 1383 461 Vale.

237 484 281 516 At
303 484 375 523 quis
404 493 543 523 unquam
571 483 754 514 existimare
777 483 904 521 poterat
932 481 1010 512 tales
1038 490 1145 512 versus
1168 490 1232 512 esse
1255 482 1386 520 scriptos
1415 483 1443 512 ct
1465 481 1504 512 ab
1530 481 1595 520 ipso
1616 480 1789 512 Berthario
1811 481 1841 511 et
1862 481 1898 518 ut

236 546 267 567 sc
290 535 405 566 librum
428 534 631 574 composuisse
651 533 877 573 profiteretur?
921 532 1006 564 Nam
1020 534 1154 572 propter
1179 533 1319 572 primum
1347 542 1472 564 versum
1501 542 1568 564 non
1595 532 1696 564 solum
1723 522 1898 563 necessario

231 588 304 627 post
325 588 451 618 mortem
474 586 541 617 cius
563 587 637 616 sunt
660 585 780 624 scripti,
810 585 864 615 sed
892 585 986 615 ctiam
1007 586 1077 624 post
1101 585 1396 624 sanctificationem,
1429 585 1582 616 nimirum
1609 586 1645 615 ut
1670 583 1749 615 mihi
1775 583 1899 615 videtur

235 648 300 670 non
322 640 395 670 ante
417 639 550 670 aetatem
573 637 689 668 Leonis
703 638 722 669 ¹.
770 636 877 677 Neque
899 637 962 676 ipsi
989 636 1179 668 Casinenses
1204 636 1360 674 monachi,
1389 646 1458 668 cum
1486 636 1607 668 viritim
1629 637 1813 677 puynarent
1834 644 1896 675 pro

235 690 358 722 abbatis
385 689 435 720 sui
456 689 572 729 ylowe,
601 689 802 720 dissimulare
825 688 988 720 volebant²
1018 698 1126 720 versus
1153 698 1217 720 esse
1242 689 1378 720 adiectos
1409 689 1506 720 codici
1534 687 1653 720 saeculi
1676 687 1755 719 noni
1776 687 1898 719 saeculo

235 741 404 774 undecimo.
447 741 546 772 Immo
569 740 692 772 addunt
714 741 769 772 sub
792 741 916 771 novicia
939 740 1098 780 scriptura
1121 740 1195 772 haec
1218 740 1310 772 verba
1330 741 1425 781 prius
1447 740 1567 779 scripta
1589 749 1621 771 se
1643 738 1899 779 deprehendisse:

236 793 379 825 Utilibus
404 793 535 824 monitis
560 792 702 834 prudens
727 803 765 823 ac
783 818 790 824 .
810 818 814 823 .
836 817 842 824 .
868 792 1002 834 egregie
1018 791 1180 824 Landolfe
1205 792 1394 834 dignissime
1417 795 1526 824 custos
1538 792 1560 824 ³.
1600 791 1706 832 Iyitur
1728 791 1773 823 sic
1791 790 1899 830 potius

235 844 458 885 explicandum
480 844 610 882 videtur,
634 854 693 884 quo
715 844 803 875 modo
827 844 862 874 in
886 843 1011 875 Iuliani
1031 853 1109 885 opus
1124 843 1291 875 Bertharii
1307 844 1469 883 irrepserit
1485 844 1650 875 memoria:
1676 843 1811 874 iusserat
1826 842 1900 874 olim

235 896 428 928 Bcrtharius
443 896 568 928 Iuliani
583 905 660 935 opus
682 895 878 934 transscribi,
903 895 985 935 quod
1007 894 1133 933 offerret
1148 894 1324 937 Landulfo,
1345 894 1503 935 yastaldio
1526 896 1561 926 ut
1585 894 1708 926 videt-ur
1727 894 1899 934 capuano,-

237 949 326 981 euius
354 948 401 979 rei
432 948 466 979 in
492 948 600 988 prima
635 947 749 978 codicis
770 946 894 987 payina
926 946 1083 986 leyebatur
1111 947 1333 983 testimonium,
1368 946 1463 978 donec
1491 946 1612 978 saeculo
1643 946 1705 978 XI.
1730 944 1900 977 Berthario

238 1001 362 1032 interim
385 999 428 1031 ad
449 1009 596 1040 maynam
615 999 742 1041 famam
759 1000 904 1039 provecto
925 998 1067 1030 monachi
1085 999 1272 1031 Casinenses
1288 1001 1417 1030 veterem
1434 998 1667 1038 inscriptionem
1684 998 1901 1030 oblitterarent

238 1052 494 1094 superscribendo
517 1062 629 1083 novam
653 1052 689 1083 de
712 1054 821 1083 sancto
846 1051 911 1083 viro
934 1051 1175 1084 adnotationem.
1401 1059 1403 1061 '

342 1107 371 1137 6.
406 1103 481 1136 Duo
503 1106 579 1135 sunt
601 1104 637 1135 de
661 1103 694 1136 S.
720 1103 913 1135 Scholastica
936 1103 1095 1141 carmina,
1124 1104 1258 1135 aller-um
1283 1122 1321 1126 —
1349 1103 1478 1146 Sponsa
1506 1103 1627 1135 decora
1647 1101 1702 1134 dei
1725 1102 1809 1144 petit
1832 1101 1900 1133 alta

240 1157 444 1190 Scholastica
473 1157 554 1188 caeli
578 1175 620 1180 —
643 1167 664 1187 a
686 1156 793 1195 primo
823 1155 931 1187 Wione
961 1155 1145 1195 impressum
1172 1166 1202 1187 a.
1229 1156 1312 1186 1590
1341 1155 1375 1186 in
1403 1154 1617 1195 Mart-inenqii
1646 1153 1815 1186 voluminis
1838 1151 1902 1184 III

239 1212 281 1250 (v.
295 1219 370 1249 paq.
387 1209 475 1250 391),
498 1208 633 1239 alterum
655 1226 695 1230 —
719 1207 746 1239 O
764 1207 938 1239 benedicta
957 1218 1048 1238 soror
1064 1207 1234 1239 Benedicti
1251 1208 1382 1239 numine
1400 1207 1521 1239 Christi
1546 1226 1587 1230 -
1610 1207 1650 1239 ab
1666 1206 1770 1238 eodem
1791 1205 1902 1239 Wicme

239 1262 274 1292 in
296 1260 394 1301 Liyni
415 1260 498 1291 vitae
515 1260 623 1299 partis
638 1260 686 1292 II.
705 1269 781 1299 pay.
797 1261 841 1290 47
862 1270 892 1292 a.
917 1259 1011 1292 1595.
1048 1259 1171 1290 Horum
1191 1259 1284 1298 prius
1301 1258 1544 1291 Duemmleras4
1565 1259 1650 1290 discit
1670 1268 1735 1291 esse
1750 1257 1900 1296 Alberiei,

237 1313 372 1344 alterurn
394 1311 561 1343 Bertharii
583 1311 750 1343 Baronius
758 1312 780 1345 ⁵.
826 1311 968 1343 Aetatem
991 1311 1132 1342 tulerunt
1154 1311 1190 1342 in
1213 1311 1312 1342 codice
1339 1310 1491 1343 Vaticano
1514 1312 1600 1343 1202
1620 1311 1694 1352 (cfr.
1711 1320 1788 1351 pay.
1813 1309 1903 1347 391),

238 1364 292 1396 secl
310 1374 407 1404 neque
429 1363 536 1395 addito
552 1366 663 1404 poetae
686 1363 810 1395 nominc
833 1365 862 1394 et
878 1363 975 1403 longo,
998 1363 1081 1403 quod
1102 1363 1178 1395 aliis
1201 1363 1344 1403 operibus
1366 1363 1517 1403 expletur,
1540 1363 1696 1402 dirempta
1718 1361 1898 1395 intervallo.

243 1416 414 1450 Cohaerent
425 1418 529 1447 tamen
546 1416 629 1447 inter
643 1425 675 1447 se
691 1417 720 1446 et
732 1415 898 1456 composita
914 1417 989 1446 sunt
1004 1415 1043 1447 ab
1061 1424 1124 1446 uno
1134 1416 1154 1446 ⁶.
1184 1414 1270 1446 Nam
1286 1415 1321 1446 in
1336 1415 1436 1446 altero
1451 1414 1534 1455 quod
1547 1414 1665 1446 dicitur
1682 1424 1708 1447 υ.
1723 1415 1860 1454 2osqq.:

658 1466 817 1499 Versibus
842 1467 984 1498 heroicis
1010 1467 1101 1507 alias,
1126 1467 1322 1507 castissima,
1347 1467 1460 1498 laudes

659 1519 856 1562 Scripsimus
880 1529 957 1551 ecce
981 1519 1041 1550 tibi
1064 1519 1216 1551 versibus
1241 1519 1381 1551 heroicis

661 1606 813 1638 Scribere
837 1616 923 1637 nunc
948 1609 1099 1648 superest
1122 1606 1268 1638 natalem
1291 1606 1422 1638 volucre
1446 1615 1565 1648 penna,

242 1660 285 1691 ad
310 1659 402 1698 prius
429 1659 464 1690 id
491 1660 608 1698 spectat
635 1660 728 1698 atqu-e
758 1658 792 1689 in
821 1660 951 1698 utroque
975 1658 1168 1690 Scholastica
1197 1668 1293 1699 aeque
1321 1657 1412 1690 audit
1436 1657 1563 1700 Sponsa
1593 1657 1712 1688 decora
1735 1655 1789 1688 dei
1813 1655 1902 1696 (11,-

242 1711 286 1742 ΙΙ
298 1712 343 1749 7).
389 1710 538 1742 Imitatus
559 1712 663 1741 autem
685 1711 730 1741 est
746 1711 858 1749 poeta,
889 1710 1033 1750 quisquis
1057 1709 1139 1751 fait,
1170 1709 1269 1741 Pauli
1291 1709 1430 1741 Diaconi
1452 1709 1489 1742 de
1512 1708 1682 1740 Benedieto
1705 1717 1813 1740 versus
1835 1717 1903 1739 ser-

241 1763 399 1803 pentinos,
427 1762 509 1802 quod
530 1762 653 1802 quidem
681 1771 826 1793 versuum
846 1762 967 1802 qenus⁷
990 1762 1151 1802 proposito
1175 1761 1274 1793 Pauli
1295 1762 1433 1802 cacemplo
1455 1762 1491 1796 in
1513 1760 1635 1792 deliciis
1657 1762 1725 1792 erat
1751 1760 1904 1793 Casmen-

244 1815 330 1847 sibus
339 1815 362 1847 ⁸.
389 1814 560 1854 Deficiente
572 1814 669 1854 iyitur
682 1813 855 1845 testimonio
870 1823 968 1853 neque
983 1814 1117 1845 alterum
1127 1823 1225 1854 neque
1240 1815 1405 1854 utrumque
1421 1823 1546 1846 carmen
1559 1815 1668 1845 temere
1680 1811 1903 1852 adscripserim

244 1866 426 1899 Berthario.

349 1921 377 1950 7.
415 1918 504 1949 Inter
532 1919 645 1958 spuria
667 1918 837 1950 Bertharii
865 1928 958 1958 opera
987 1918 1081 1950 habeo
1107 1918 1201 1949 etiam
1229 1927 1354 1949 carmen
1381 1918 1418 1949 de
1441 1917 1612 1950 Benedieto
1638 1916 1786 1957 sapphico
1810 1916 1906 1947 metro

244 1972 393 2011 scriptum
416 1972 444 2002 et
462 1980 522 2010 per
544 1969 641 2009 officii
663 1969 758 2002 horas
780 1969 987 2011 dispertitum,
1010 1970 1100 2001 cuius
1120 1970 1227 2009 prima
1249 1970 1378 2010 stropha
1401 1970 1599 2011 adponatur:

888 2030 951 2061 AD
975 2029 1258 2063 NOGTVRNAS.

714 2074 836 2106 Sancta
859 2074 926 2113 lux,
951 2073 1078 2113 fratres,
1103 2073 1260 2106 hodierna
1283 2074 1389 2116 poscit

714 2126 856 2158 Guttura
879 2126 912 2157 in
934 2136 1044 2158 sacros
1069 2126 1279 2158 reseremus⁹
1302 2126 1451 2168 hymnOS,

715 2178 770 2210 Sic
794 2181 830 2210 ut
853 2178 969 2210 illisam
995 2178 1082 2210 bona
1106 2189 1170 2210 vox
1193 2189 1254 2221 per
1276 2177 1392 2210 aedem

935 2230 1040 2262 Laeta
1063 2230 1211 2263 resultet.

352 2334 376 2365 1)
402 2333 457 2366 Gfr.
476 2341 561 2366 supra
575 2341 638 2367 pay.
657 2337 707 2360 390
725 2333 788 2359 adn.
808 2337 846 2360 12.
950 2333 976 2366 2)
998 2332 1120 2359 Balaam.
1141 2332 1370 2360 Gasi›iens.1Vl.
1390 2342 1412 2360 c.
1519 2333 1547 2365 3)
1570 2332 1668 2359 Versus
1688 2331 1776 2358 nescio
1794 2339 1833 2357 an
1850 2330 1906 2356 sint

247 2394 266 2411 a
285 2384 424 2411 Remum-io
441 2384 534 2418 scripti
551 2387 573 2411 et
591 2385 630 2411 sic
646 2385 702 2417 fere
719 2384 872 2418 supplendi:

716 2436 838 2464 Utilibus
856 2436 971 2464 monitis
990 2437 1111 2471 prudens
1129 2435 1290 2472 ac(cing·ere
1309 2436 1443 2471 nienhem)

716 2479 833 2515 Egregie
851 2479 975 2507 Landolf
990 2479 1092 2515 c(erta)
1112 2479 1275 2515 dignissime
1294 2481 1394 2507 custos.

249 2533 276 2565 4)
302 2533 374 2559 Poct.
395 2531 480 2558 Garol.
505 2531 566 2558 130
584 2531 650 2558 adn.
672 2535 691 2558 7.
796 2533 823 2566 5)
849 2531 904 2564 Gfr.
924 2531 1079 2558 Bethmann
1100 2531 1134 2557 >in
1152 2531 1262 2558 Archivi
1285 2532 1371 2558 nostri
1390 2532 1420 2558 X
1432 2535 1488 2559 323.
1594 2532 1621 2563 6)
1647 2530 1735 2558 Sensit
1759 2530 1806 2557 hoc
1828 2530 1907 2557 etiam

252 2585 363 2611 Mabilio
381 2585 415 2611 A.
435 2584 479 2611 SS.
498 2592 564 2610 saec.
585 2584 645 2610 144
663 2584 725 2610 adu.
746 2584 768 2610 b.
875 2585 901 2615 7)
924 2583 1010 2610 Varia
1028 2584 1064 2610 eis
1082 2583 1194 2610 nomina
1212 2583 1370 2610 indiderunt
1385 2583 1543 2617 wne-sertim
1556 2582 1717 2616 posteriores
1734 2580 1907 2617 peracteriiS,

250 2636 445 2670 repercussivis
464 2637 605 2671 (Aneeiyer
621 2637 668 2669 fur
688 2637 789 2663 Kunde
806 2637 832 2663 d.
851 2636 988 2663 teutschen
1011 2636 1113 2663 Vorzeit
1132 2639 1195 2663 1838
1220 2636 1279 2662 VII
1289 2644 1352 2670 pay.
1372 2637 1439 2669 586),
1460 2635 1598 2662 catenatis
1614 2634 1738 2668 (Noticcs
1754 2636 1779 2660 ct
1797 2633 1908 2660 &truite

251 2688 297 2714 (les
314 2697 361 2714 ms.
379 2688 404 2715 cl.
423 2689 439 2714 I.
459 2688 571 2715 biblioth.
597 2689 686 2722 imper.
712 2692 772 2715 1869
798 2689 895 2715 XXII
905 2693 928 2722 2,
942 2689 1015 2722 452),
1041 2687 1222 2723 paractericis
1244 2687 1387 2722 (Anzeiyer
1412 2690 1457 2714 etc.
1485 2687 1563 2714 Neue
1583 2686 1664 2721 Folye
1683 2689 1747 2714 1872
1767 2685 1850 2712 XIX
1861 2688 1909 2711 120

252 2743 276 2766 ct
296 2739 416 2766 Berichte
438 2740 501 2766 iiber
523 2740 566 2766 die
590 2740 814 2774 Verharullunyen
836 2741 861 2768 d.
882 2741 942 2774 qu.
962 2740 1131 2767 Sachsisclwn
1153 2739 1292 2766 Gesellseh.
1319 2739 1345 2766 d.
1370 2739 1598 2772 lVissenschaften
1616 2739 1708 2772 philol.
1731 2738 1791 2764 hist.
1817 2736 1908 2763 Classe

252 2795 312 2818 1871
333 2791 448 2818 XXIII
459 2794 511 2826 83),
530 2792 558 2818 id
574 2801 660 2826 yenus
677 2793 754 2823 aliis:
774 2793 820 2825 cfr.
842 2792 941 2827 Mayor
958 2795 981 2819 ct
1001 2792 1107 2827 Isamby
1129 2792 1159 2818 in
1177 2792 1271 2818 Bedae
1292 2791 1414 2818 editionis
1435 2791 1665 2827 Gantabriyiensis
1683 2794 1746 2818 1881
1763 2798 1828 2824 pay.
1848 2791 1907 2816 353.

251 2843 279 2878 8)
300 2843 358 2878 Cfr.
377 2843 531 2871 Bibliothec.
552 2843 689 2871 Gasincns.
711 2845 747 2870 11
757 2845 869 2879 floriley.
884 2853 948 2879 pay.
970 2849 1023 2872 194.
1128 2845 1156 2878 9)
1177 2843 1294 2877 ΟοΠ-εεεὶ,
1314 2852 1493 2879 personemus
1517 2843 1606 2871 Won.
