2040 2996
229 102 287 131 100
798 94 962 122 AUDRADI
980 93 1107 121 MODICI
1126 92 1301 121 CARMINA.

590 183 750 215 Certatim
771 182 944 224 inpingunt
967 180 1109 213 confusis
1133 180 1301 222 gressibus
1326 183 1359 212 et
1382 191 1429 220 se⁷

591 235 663 272 Quo
686 235 814 276 fugiant
837 237 985 273 mortem⁷
1008 232 1119 264 miseri
1142 233 1267 264 nescire
1291 232 1449 268 fatentur;

591 286 662 318 Nec
687 296 763 328 spes
787 289 877 317 certa
899 285 1007 326 fugae,
1032 284 1107 315 dum
1132 294 1167 315 se
1191 284 1407 315 subcumbere
1431 283 1568 315 flammis

592 338 739 370 Hetherc
764 338 908 380 depulsis
932 336 1116 368 madefacto
1141 335 1265 367 lumine
1290 338 1435 367 cernunt.

225 402 248 422 o.
266 400 341 420 xxv.
498 398 536 417 ³1⁰
592 391 637 422 At
660 391 765 422 sancti
788 388 905 422 mediis
930 389 1080 420 exultant
1102 387 1232 430 ignibus
1257 398 1369 419 omnes

592 443 701 484 Atque
726 453 820 474 suum
842 452 954 484 regem
979 440 1176 472 conlaudant
1199 443 1232 472 et
1254 439 1463 479 benedicunt,

592 494 655 531 Qui
680 504 837 536 superare
861 493 1111 525 facitflammas
1135 494 1365 533 tormentaque
1388 493 1480 523 tanta

590 545 629 577 In
654 556 689 577 se
714 545 888 577 credentes
913 544 1054 576 humiles
1077 543 1284 585 famulosque
1308 542 1439 579 fideles;

592 597 801 638 Auditurque
825 596 939 638 procul
962 596 1109 638 psallens
1134 595 1298 627 exercitus
1320 594 1384 626 illis

496 657 533 676 ³1⁵
592 649 731 681 Militiae
755 649 885 680 iunctus
909 648 1060 680 caelestis
1084 657 1226 679 consona
1247 646 1380 678 laudum

591 701 741 743 Pangere
766 700 906 732 salvanti
930 699 1060 732 domino
1085 710 1145 742 per
1168 699 1302 731 saecula
1325 698 1467 731 Christo.

592 753 680 784 Talis
705 755 775 784 erat
799 752 925 784 sonitus
948 752 1158 794 psallentum,
1182 751 1287 793 qualis
1311 761 1468 793 aquarum

593 805 771 837 Multarum
794 807 927 837 resonat
949 804 1029 847 ripis
1053 803 1092 835 de
1116 803 1246 845 gurgite
1269 813 1399 845 magno.

593 857 727 889 Interea
749 857 899 888 flammae
925 858 1120 887 consumunt
1143 855 1260 894 omnia,
1285 865 1433 897 quaeque

500 916 538 935 ³2⁰
595 909 655 941 Vis
679 910 811 941 inimica
833 909 896 951 piis
921 908 1094 950 congessit,
1118 907 1350 949 deficiuntque;

230 968 254 988 O·
269 967 355 987 XXVI·
595 961 678 993 Cum
701 961 793 993 iubet
815 961 966 992 adsessor
989 960 1168 991 carbonum
1191 959 1314 991 vellere
1337 963 1475 999 montes,

594 1013 788 1044 Sanctorum
813 1013 940 1044 cineres
964 1015 1000 1044 ut
1022 1015 1121 1043 vento
1147 1014 1281 1053 spargat
1304 1011 1337 1042 in
1361 1012 1458 1044 omni.

593 1064 664 1100 Quo
688 1065 775 1096 facto
800 1065 967 1106 insperata
989 1064 1084 1095 malis
1109 1063 1290 1094 clarissima
1312 1063 1428 1105 plebes

594 1117 672 1148 Plus
697 1127 776 1148 auro
799 1116 946 1149 rutilans.
970 1126 1090 1157 magno
1114 1125 1188 1146 cum
1210 1115 1317 1146 fervet
1339 1115 1380 1146 ab
1403 1115 1471 1156 igni

500 1175 537 1194 ³2⁵
595 1168 752 1200 Fornacis
775 1168 911 1209 gremio,
935 1170 1108 1209 argentum
1131 1167 1185 1198 vel
1209 1177 1282 1197 cum
1305 1166 1389 1198 nitet
1411 1185 1452 1189 -
1476 1177 1554 1198 ecce

595 1220 695 1251 Haud
719 1230 814 1251 secus
839 1215 975 1262 apparet
998 1219 1129 1260 fulgens
1152 1218 1343 1260 inlaesaque
1367 1218 1425 1249 tali

595 1272 687 1303 Voce
712 1271 807 1303 deum
832 1271 988 1302 laudans:
1019 1271 1162 1302 ‘Patrem
1186 1270 1399 1312 genitumque
1426 1271 1479 1302 vel
1503 1271 1623 1302 almum

596 1324 736 1363 Flatum,
761 1324 816 1365 qui
840 1323 968 1355 caelum
992 1326 1178 1364 terramque
1201 1323 1323 1354 creavit
1346 1326 1380 1354 et
1401 1323 1516 1363 undas,

595 1375 685 1408 Aera
709 1376 761 1407 vel
785 1375 940 1417 quicquid
964 1375 1044 1406 vivit
1068 1375 1119 1406 vel
1143 1374 1288 1406 cernitur
1311 1385 1397 1414 esse,

501 1434 539 1454 ³30
599 1428 646 1459 Te
670 1428 786 1459 merito
810 1427 903 1470 proni
926 1427 1061 1466 laudant
1084 1437 1183 1469 super
1206 1426 1321 1458 ethera
1345 1426 1451 1458 sancti

597 1479 719 1512 Coetus
743 1479 892 1522 angelici,
917 1490 1008 1521 quos,
1032 1489 1092 1510 rex
1114 1478 1296 1515 benedicte,
1320 1478 1447 1510 creasti.

599 1531 714 1563 Sidera
738 1542 809 1563 cum
834 1532 937 1570 caelo,
963 1531 1021 1570 sol,
1045 1531 1124 1562 luna
1147 1531 1199 1562 vel
1222 1530 1307 1572 ignis
1331 1533 1365 1562 et
1387 1541 1446 1562 aer

599 1583 681 1616 Cum
705 1586 802 1615 cantu
827 1583 1006 1623 volucrum,
1031 1586 1151 1625 pontus
1176 1593 1248 1614 cum
1272 1582 1426 1625 piscibus,
1449 1592 1528 1614 arva

599 1635 681 1667 Cum
705 1635 863 1677 gregibus
888 1634 1050 1677 pecudum
1075 1634 1128 1666 vel
1150 1634 1304 1676 quicquid
1328 1634 1475 1666 continet
1497 1634 1530 1665 in
1554 1644 1620 1673 se„

503 1695 541 1714 3³5
602 1687 660 1727 Te,
685 1686 858 1719 benedicte
882 1686 974 1729 deus,
999 1686 1143 1727 laudent,
1168 1686 1242 1728 quia
1266 1689 1383 1718 cuncta
1406 1686 1534 1717 creasti.

601 1739 760 1772 Conditus
785 1742 883 1782 atque
907 1739 971 1771 tuis
994 1739 1155 1779 manibus,
1179 1739 1314 1770 rationis
1339 1741 1373 1770 et
1395 1738 1513 1770 haeres

600 1792 647 1824 Te
671 1792 852 1834 inspirante
876 1791 972 1823 datus
995 1791 1104 1830 homo,
1128 1801 1198 1831 rex,
1222 1789 1322 1833 super
1346 1790 1454 1822 omnia
1478 1789 1600 1830 laudet,

602 1844 736 1876 “Gloria
759 1843 909 1886 personis
933 1843 1030 1882 trino,
1054 1843 1177 1874 deitate
1202 1841 1261 1874 sed
1283 1841 1361 1874 uni”

602 1896 865 1939 Suppliciterque
890 1898 985 1926 canat
1007 1906 1093 1926 nunc
1118 1898 1216 1936 atque
1239 1905 1297 1936 per
1321 1894 1429 1925 omnia
1452 1893 1582 1927 saecla'.

418 1956 582 1984 AUDRADI
601 1955 729 1983 MODICI
748 1954 958 1982 PASSIONUM
977 1953 1180 1980 BEATORUM
1199 1954 1342 1980 IULIANI
1361 1953 1406 1980 ΕΤ
1426 1953 1611 1982 SOCIORUM
1630 1955 1710 1982 EIUS

809 1997 918 2024 LIBER
937 1997 1124 2024 SECUNDUS
1142 1996 1320 2024 EXPLICIT.

339 2054 405 2080 Acta
423 2054 455 2079 B.
475 2054 527 2079 Iul.

235 2108 266 2133 de
292 2107 375 2132 medio
400 2115 461 2132 vero
487 2105 556 2139 ignis
577 2106 613 2130 ita
635 2105 774 2130 multitudo
800 2104 965 2137 psallentium
989 2103 1123 2129 resonabat
1146 2103 1220 2136 quasi
1241 2111 1293 2128 vox
1316 2112 1441 2136 aquarum
1466 2103 1613 2129 multarum.
1649 2104 1806 2137 consumpto
1828 2113 1889 2130 vero

235 2151 294 2183 igne
314 2150 454 2182 (Confectis
473 2157 533 2174 vero
551 2148 671 2173 omnibus
689 2148 762 2180 cupis
780 2151 805 2172 et
822 2148 838 2172 i.
858 2155 927 2172 cons.
946 2146 982 2178 B)
1007 2147 1093 2172 subito
1110 2151 1235 2179 apparent
1256 2147 1338 2172 sancti
1360 2147 1428 2172 sicut
1452 2155 1544 2172 aurum
1566 2147 1608 2172 vel
1626 2150 1762 2180 argentum
1780 2148 1890 2173 rutilans

236 2195 335 2226 istaque
358 2192 531 2218 modulatione
554 2200 660 2224 ymnum
683 2191 812 2216 canebant
835 2189 939 2225 (psalm.
958 2189 1057 2223 65,12):
1089 2189 1274 2215 ‘Transivimus
1292 2198 1338 2223 per
1355 2191 1441 2223 ignem
1459 2193 1485 2215 et
1501 2199 1594 2223 aquam
1613 2194 1638 2215 et
1655 2190 1780 2215 induxisti
1797 2199 1844 2216 nos
1862 2190 1891 2225 iu

235 2236 411 2270 refrigerium'.
450 2237 482 2260 Et
499 2236 591 2260 iterum
610 2235 678 2267 ignis
696 2235 787 2260 ardens
805 2238 883 2267 atque
902 2242 1039 2259 coruscans
1058 2234 1110 2258 vim
1127 2234 1230 2259 virtutis
1248 2242 1310 2259 suae
1327 2234 1423 2259 oblitus
1441 2237 1488 2259 est.

340 2356 391 2382 309
416 2357 527 2382 Aethere
547 2354 579 2381 P'
703 2359 761 2380 ante
785 2354 837 2380 310
854 2356 930 2380 XXX
948 2364 1015 2380 corr.
1036 2355 1061 2380 P
1179 2354 1231 2389 319
1253 2356 1353 2380 flamme
1373 2353 1398 2378 P
1517 2358 1576 2379 ante
1593 2353 1643 2379 321
1669 2355 1756 2379 XXXI
1779 2362 1847 2380 corr.
1866 2353 1892 2378 P

238 2398 289 2425 328
307 2407 360 2432 que
378 2407 433 2432 sup.
453 2400 497 2425 lin.
516 2399 577 2424 add.
597 2398 622 2423 P
724 2398 774 2423 331
793 2399 888 2424 Coetus
906 2399 934 2423 in
951 2407 1005 2423 ras.
1019 2398 1044 2423 P
1146 2397 1198 2423 338
1216 2396 1271 2430 uni]
1291 2398 1299 2422 i
1316 2398 1345 2422 in
1361 2406 1415 2423 rae.
1428 2396 1454 2421 P

341 2475 392 2501 308
401 2475 469 2501 Aen.
484 2475 540 2508 IX,
552 2475 602 2501 129
622 2475 680 2501 Nec
692 2483 754 2509 spes
767 2475 825 2501 ulla
837 2475 930 2509 fugae.
1036 2475 1087 2504 320
1099 2474 1167 2500 Aen.
1184 2473 1256 2507 XII,
1270 2474 1321 2500 150
1334 2473 1375 2499 vis
1385 2473 1501 2500 inimica
1520 2494 1526 2500 .
1537 2493 1543 2499 .
1553 2493 1559 2499 .
1571 2493 1576 2499 .
1672 2473 1724 2500 322
1738 2472 1787 2505 cfr.
1798 2480 1820 2498 υ.
1830 2472 1890 2499 277.

238 2527 290 2553 324
301 2535 356 2562 sqq.
375 2526 421 2559 cfr.
440 2535 461 2552 r.
481 2527 530 2553 199
548 2535 600 2560 sqq.
705 2527 757 2553 328
769 2534 821 2559 sqq.
839 2526 885 2559 cfr.
903 2526 928 2552 d.
945 2526 966 2558 f.
984 2534 1007 2552 v.
1027 2526 1077 2552 155
1088 2533 1141 2558 sqq.
