2060 3074
290 175 350 206 754

285 270 357 301 paq.

285 1063 360 1093 pay.

286 1608 363 1639 Pay-

294 2459 366 2488 pay.

993 169 1234 197 PRAETERITA.

375 259 438 290 309
460 270 486 290 v.
526 259 567 289 19
590 258 652 298 leye
674 258 798 289 calamo
822 259 857 288 tu
879 267 976 299 parce
999 259 1149 289 commate
1171 256 1303 289 sublato.
1327 274 1367 279 —
1390 257 1454 287 310
1475 266 1502 286 v.
1519 258 1539 286 4
1562 256 1595 287 in
1619 266 1680 298 quo
1705 255 1826 295 Haqen.

375 312 440 342 312
461 321 487 342 v.
548 312 569 341 7
589 310 708 350 eorriyo
732 309 792 349 die,
816 309 927 349 lector,
951 319 1048 340 avere
1073 309 1208 350 (habere
1231 308 1347 348 codex).

375 364 439 394 327
460 373 487 393 v.
526 363 568 393 17
590 361 710 401 corriqo
733 361 888 403 arripiunt
910 359 1206 403 (diripiunt'codex)
1229 359 1338 392 validi.

374 416 439 445 333
460 423 491 445 n.
506 412 647 445 XCVII
675 423 740 444 non
772 422 840 444 una
873 415 919 444 est
949 412 1128 452 inscriptio,
1162 412 1216 443 sed
1251 411 1405 452 epitaphii
1438 411 1604 442 cuiusdam
1637 421 1744 442 versus
1777 410 1858 442 alter
1890 413 1938 442 ter

590 467 767 504 temptatus.

375 519 439 549 334
467 516 527 549 02
594 516 723 559 spiritus
745 516 845 559 ipsius
869 515 927 548 sed
949 518 1041 559 petat
1063 518 1150 547 ast-ra
1171 516 1238 558 poli
1261 514 1345 554 Neff.

375 569 438 600 335
461 579 487 600 v.
527 570 567 599 11
590 568 710 608 corriyo
733 571 782 600 est
805 571 914 600 tamen
938 570 971 599 et
994 568 1020 599 si
1042 577 1115 599 non.

375 621 438 651 340
460 631 487 652 v.
526 621 567 651 10
589 619 650 660 leye
672 619 810 662 plurima
833 619 1000 651 curricula.
1024 619 1241 661 centuplicata
1264 621 1319 651 cet.

376 672 439 702 351
461 682 488 703 v.
549 672 568 702 5
585 682 647 712 pro
670 672 860 712 compendiis
886 671 1069 712 vulgaribus
1090 673 1127 703 ffr
1149 673 1178 702 et
1201 674 1250 709 fir,
1276 671 1295 703 i.
1318 673 1429 702 noster
1451 672 1480 702 et
1501 674 1626 709 uester,
1653 671 1689 702 in
1711 670 1800 702 libris
1821 670 1940 703 saa-uli

592 723 669 755 noni
686 723 763 764 plus
784 723 877 755 semel
897 725 950 755 fiit
971 726 1001 755 et
1022 725 1074 755 ffit
1096 722 1215 761 inveni,
1237 733 1319 762 quae
1340 732 1362 753 a
1383 721 1465 754 male
1487 722 1650 754 intellectis
1671 717 1727 754 ηεξ
1744 725 1773 754 et
1795 716 1847 755 us}
1865 733 1940 763 pro-

593 775 677 815 fecta
699 786 763 807 esse
784 775 948 814 videntum
970 775 1011 816 cf.
1034 785 1134 815 supra
1156 775 1201 806 ad
1214 785 1291 815 pay.
1308 774 1371 805 551
1392 785 1420 806 v.
1436 776 1488 806 34.

376 829 440 859 368
462 828 526 860 ΙΙΙ
542 829 561 859 1
590 827 652 869 leye
675 838 860 871 perparvas.

927 975 1166 1014 DIALOGUS
1194 976 1309 1015 AGII.

377 1054 441 1084 370
590 1052 710 1093 Ayium
732 1054 762 1084 et
777 1054 904 1092 poetam
919 1051 1076 1085 saxonem
1091 1051 1173 1084 male
1193 1052 1230 1084 in
1244 1062 1345 1084 unum
1367 1062 1432 1084 esse
1446 1051 1593 1092 confusos
1609 1050 1735 1083 Paulus
1749 1050 1787 1082 de
1805 1050 1942 1084 Winter-

591 1103 658 1144 feld
679 1104 758 1135 mihi
774 1104 948 1144 persuasit.

378 1157 442 1187 373
463 1166 489 1187 v.
529 1157 570 1186 63
591 1166 656 1187 non
678 1166 763 1198 nego
786 1155 871 1187 hunc
896 1157 992 1197 (nunc
1016 1154 1097 1198 cod.)
1121 1155 1213 1187 vobis
1236 1154 1274 1187 P.
1291 1155 1329 1187 de
1347 1154 1546 1197 Wnterfeld.

378 1209 442 1239 378
463 1218 490 1239 v.
507 1208 570 1239 271
593 1207 753 1240 Ezechiae
777 1208 901 1249 Hayen.
924 1226 965 1231 —
988 1208 1053 1239 379
1075 1208 1119 1240 ad
1139 1218 1166 1239 v.
1183 1208 1247 1239 309
1270 1208 1421 1240 Aratoris
1442 1208 1487 1239 II
1498 1208 1581 1240 1219
1603 1207 1698 1247 affert
1719 1207 1893 1239 Manitius.

378 1261 442 1290 386
464 1270 490 1291 v.
508 1261 570 1290 631
593 1260 716 1292 tradita
737 1259 864 1292 lectione
886 1267 950 1292 non
964 1270 1123 1300 perpensa
1143 1259 1324 1292 hariolatur
1346 1260 1383 1292 de
1403 1260 1538 1292 hocloco
1553 1260 1594 1292 E.
1610 1261 1765 1300 Krueyer,
1787 1258 1944 1291 Deutsehe

592 1311 779 1354 Zeitschrift
797 1311 826 1354 f'.
851 1311 1255 1355 Gesehichtswissensehaft
1270 1312 1329 1344 IX
1341 1313 1458 1354 (1893)
1479 1314 1522 1343 34
1544 1315 1573 1344 et
1595 1313 1668 1351 322,
1691 1313 1744 1344 cui
1767 1312 1946 1353 obloquitur

592 1363 632 1395 E.
650 1363 833 1396 Duemmler
854 1364 895 1396 a.
917 1365 991 1397 320.

856 1522 1124 1560 BERTHARII
1151 1522 1383 1560 CARMINA.

378 1598 441 1629 390
463 1608 494 1630 n.
530 1600 572 1630 17
594 1598 631 1630 de
660 1598 819 1631 codicibus
848 1598 1053 1632 Casinatibus
1076 1599 1117 1630 69
1139 1601 1168 1630 et
1190 1599 1233 1630 97
1259 1598 1301 1641 cf.
1325 1598 1369 1632 H.
1386 1598 1602 1637 Kuehlewein,
1631 1598 1947 1640 Philoloyus-XLII

379 1703 442 1733 391
464 1713 496 1734 n.
552 1704 573 1734 7
594 1650 892 1744 salsfflzrlclapoeta
923 1702 966 1746 cf.
999 1702 1137 1742 Traube,
1173 1703 1328 1744 Amaci·
1357 1702 1385 1745 f.
1415 1703 1576 1735 deutsches
1608 1702 1789 1735 Alternum
1820 1703 1948 1737 XVIII

593 1755 709 1796 (1892)
731 1757 805 1788 211.

379 1807 445 1838 392
466 1817 497 1838 n.
556 1808 577 1837 3
598 1817 706 1839 versus
727 1819 791 1840 non
814 1811 893 1840 recte
915 1807 1075 1848 supplevi;
1102 1817 1178 1840 nam
1194 1807 1297 1847 prior,
1327 1807 1411 1848 quod
1432 1818 1480 1839 me
1501 1807 1541 1839 E.
1558 1806 1740 1839 Ducmmler
1768 1808 1903 1847 monuit,
1930 1819 1946 1840 e

593 1861 855 1893 monostichorum
884 1860 1059 1892 collectione
1088 1859 1190 1900 (Poet.
1214 1859 1269 1892 lat.
1292 1860 1369 1893 min.
1391 1860 1438 1891 ed.
1461 1859 1627 1891 Baehrens
1648 1859 1712 1892 ΙΙΙ
1728 1860 1794 1891 236
1814 1860 1946 1892 utilibus

594 1913 722 1944 monitis
750 1912 892 1956 prudens
915 1912 1140 1945 accommodet
1162 1913 1289 1954 aurem)
1317 1914 1464 1952 sumptus
1492 1914 1553 1950 est‚·
1579 1912 1616 1943 in
1645 1911 1743 1943 altero
1769 1912 1869 1952 icitur
1883 1923 1946 1952 pro

595 1965 710 2007 c<erta)
736 1965 877 2007 fortasse
908 1965 1044 2008 O(apue)
1079 1967 1148 1997 erat
1177 1965 1386 1997 scribendum.
1411 1983 1450 1988 -—
1474 1975 1506 1996 n.
1528 1966 1549 1996 7
1576 1964 1614 1996 de
1644 1975 1790 1996 versuum
1818 1963 1946 1996 illorum

595 2017 721 2048 nomine
743 2017 784 2060 cf.
807 2018 903 2050 ctiam
924 2017 1082 2050 Analecta
1104 2016 1325 2049 Bollandiana
1347 2016 1503 2058 V(1886)
1526 2017 1577 2048 54.

379 2067 442 2097 395
466 2067 484 2099 l.
551 2070 572 2098 4
595 2068 634 2099 ab
657 2069 719 2100 imo
741 2068 803 2110 lcye
826 2069 955 2112 gaudio.

380 2121 442 2150 401
465 2130 490 2150 υ.
510 2121 571 2151 126
594 2120 726 2152 fratrem
743 2132 806 2161 pro
827 2124 955 2164 patrem
978 2121 1120 2154 voluerat
1141 2121 1293 2163 Iosephus
1313 2120 1520 2153 Oozza-Luei
1537 2120 1701 2162 (Greyorii
1723 2123 1752 2152 et
1767 2120 1946 2152 Zachariae

595 2172 702 2204 histor.
720 2173 753 2205 S.
770 2173 945 2212 Benedicti,
964 2173 1142 2205 Tusculani
1157 2174 1250 2212 1880,
1268 2183 1344 2214 pay.
1363 2174 1457 2212 163);
1478 2173 1545 2205 iam
1559 2173 1700 2204 videmus
1715 2172 1793 2204 tales
1807 2173 1946 2212 ineptias

593 2224 813 2265 interpolatori
836 2226 1045 2266 imputandas
1066 2236 1139 2257 esse.
1667 2222 1671 2224 ’

800 2374 1018 2412 CARMINA
1046 2374 1107 2411 DE
1134 2373 1375 2411 LUDOVICO
1402 2374 1446 2411 ΙΙ.

382 2450 446 2479 403
599 2449 730 2481 Horatii
758 2450 853 2482 codecc
881 2450 1056 2482 Parisinus
1089 2449 1142 2482 lat.
1168 2450 1266 2488 7972,
1300 2450 1394 2482 cuius
1426 2451 1557 2491 ectypon
1588 2451 1634 2480 est
1661 2449 1751 2489 apud
1781 2448 1948 2481 Chatelain

596 2501 838 2542 (Pale'oyraphie
860 2502 914 2534 des
936 2501 1107 2542 classiques
1128 2501 1227 2533 latins
1248 2501 1310 2533 tab.
1331 2502 1512 2543 LXXIX),
1535 2501 1652 2533 decimo
1673 2500 1797 2532 saeculo
1819 2501 1948 2532 inetmte

597 2553 777 2585 Mediolani
791 2554 930 2594 scriptus
945 2556 990 2586 est
1004 2556 1072 2592 aut,
1095 2564 1157 2594 quo
1171 2563 1242 2585 mea
1255 2554 1412 2586 sententia
1426 2554 1534 2585 minus
1547 2552 1692 2591 inclinat,
1715 2552 1760 2584 ad
1773 2551 1947 2592 exemplum

596 2615 633 2635 ea
656 2607 757 2636 aetate
778 2606 823 2637 ibi
843 2605 970 2643 factum
992 2605 1176 2645 descriptus
1217 2605 1348 2645 praebet
1369 2606 1452 2638 enim
1473 2605 1610 2646 sylloyen
1630 2606 1745 2646 septem
1767 2605 1948 2636 carminum

592 2659 720 2695 praeter
741 2667 842 2688 unum
864 2657 966 2689 medio
988 2667 1062 2688 aevo
1082 2656 1246 2698 factorum
1268 2656 1327 2697 (N.
1343 2657 1385 2689 A.
1409 2657 1432 2689 Ι
1447 2657 1641 2697 414-415)
1656 2655 1789 2688 Horatii
1803 2656 1948 2695 operibus

596 2718 616 2737 a
635 2707 716 2749 folio
731 2708 772 2738 85
795 2709 839 2740 ad
860 2710 902 2739 89
924 2709 1154 2748 interpositam,
1184 2718 1249 2748 qua
1275 2711 1397 2748 tempus
1422 2711 1452 2740 et
1481 2709 1565 2749 oriyo
1586 2719 1635 2746 eo,
1661 2718 1723 2748 quo
1745 2708 1829 2746 disci,
1857 2708 1948 2740 modo

596 2759 801 2798 definiantur.
838 2761 903 2792 III
919 2763 964 2792 est
986 2762 1164 2801 excemitum
1186 2771 1202 2792 e
1219 2760 1384 2792 Tiberiani
1405 2761 1546 2792 carmine
1561 2760 1663 2800 (Poet.
1686 2759 1742 2791 lat.
1764 2760 1876 2792 minor.
1898 2760 1945 2792 ed.

597 2810 761 2843 Baehrens
772 2813 835 2844 ΙΙΙ
841 2814 930 2852 265),
945 2813 1029 2852 quod
1043 2823 1170 2844 carmen
1181 2822 1374 2853 quamquam
1388 2813 1425 2844 in
1438 2823 1503 2844 uno
1518 2813 1621 2844 codioe
1633 2822 1726 2852 eoque
1741 2822 1756 2843 e
1772 2811 1947 2846 Germania
