2060 3074
274 153 336 183 650
923 143 1074 171 MILONIS
1093 142 1271 170 CARMINA.

639 232 702 268 Qui
723 232 756 262 in
779 231 888 262 natale
912 241 969 262 suo
994 230 1141 262 convivia
1164 230 1273 272 opima
1294 229 1421 271 paravit

638 283 839 326 Principibus
863 283 995 323 cunctis,
1020 282 1154 314 ducibus
1177 281 1353 324 populique
1378 280 1527 312 tribunis:

558 349 594 368 145
639 335 829 367 Convenere
852 335 959 366 locum
981 334 1103 378 pariter
1124 335 1339 376 properanter
1361 332 1404 364 ad
1425 342 1533 364 unum.

638 387 714 419 Rex
736 387 860 427 aderat,
884 396 1042 429 pomposa
1065 386 1142 416 satis
1166 395 1262 427 quem
1285 394 1398 416 mensa
1420 387 1582 426 receptat;

639 439 792 470 Mollibus
807 439 847 469 'in
870 438 979 469 fulcris
1003 437 1175 479 stratisque
1199 436 1354 468 sedilibus
1379 439 1475 476 ostro,

639 490 750 522 Mente
774 494 902 522 tumens
926 492 960 521 et
982 492 1075 520 veste
1098 489 1214 529 nitens,
1239 487 1424 520 diademate
1448 488 1576 529 fulgens

639 542 805 584 Praecipit
828 544 957 573 auratos
980 541 1041 572 sibi
1064 539 1229 572 deservire
1251 540 1423 572 ministros.

557 607 596 626 150
640 593 727 630 Quot
749 594 838 636 gazis
861 593 973 636 pollet,
996 593 1081 624 vitiis
1104 594 1154 624 tot
1177 595 1210 624 et
1232 593 1302 635 ipse
1325 590 1503 624 redundat:

640 647 762 679 Fervet
784 645 936 678 avarities
959 644 1139 687 gremiique
1164 644 1312 676 extendit
1334 644 1470 684 hiatum,

640 699 785 731 Luxuria
809 699 943 730 enervat
967 696 1138 728 discinctos
1162 696 1264 728 fetida
1286 697 1423 739 lumbos,

640 751 780 783 Adsidet
804 754 838 782 et
859 749 954 781 lateri
977 751 1113 780 ventosa
1136 748 1289 790 superbia
1313 748 1439 780 dextro.

643 803 778 835 Miratur
800 801 946 844 stupidus
969 800 1128 842 fulgentia
1149 810 1229 832 vasa
1252 801 1384 832 satelles

558 868 595 887 ηε»
638 855 748 897 Atque
771 863 896 886 merum
919 852 1002 884 bibit
1023 852 1057 883 in
1079 852 1201 894 pateris
1223 852 1422 895 rutilansque
1444 852 1629 884 Falernum.

643 907 715 944 Quo
738 906 844 950 pudor
866 905 969 937 omnis
993 904 1096 945 abest,
1121 903 1318 935 verecundia
1339 904 1467 946 longius
1490 907 1563 936 acta
1586 907 1646 943 est,

642 959 715 991 Non
737 959 783 990 ibi
804 959 870 999 lex,
893 967 958 989 non
980 957 1041 998 fas,
1063 967 1128 988 non
1150 957 1209 997 ius,
1232 967 1298 988 non
1321 956 1474 1000 quicquid
1494 957 1668 989 honestum
1692 958 1752 988 est.

642 1011 745 1043 Plena
769 1010 883 1042 domus
905 1010 990 1043 vitiis
1015 1012 1048 1041 et
1070 1009 1298 1051 gastrimargia
1319 1009 1352 1040 in
1376 1019 1488 1041 omnes

643 1063 834 1095 Discurrens
857 1072 986 1094 mensas
1010 1062 1166 1104 pinguem
1190 1060 1392 1093 distenderat
1414 1062 1532 1102 alvum,

561 1128 598 1147 16⁰
642 1114 797 1146 Exudans
821 1114 939 1145 satiare
962 1113 1074 1155 nequit
1097 1123 1194 1155 quam
1217 1113 1313 1144 turba
1336 1123 1522 1155 coquorum,

642 1167 793 1198 Ebrietas
815 1166 911 1197 luxus
932 1165 1123 1208 petulantia,
1147 1165 1235 1196 lusus
1257 1165 1371 1206 inanis,

643 1219 758 1261 Harpa
780 1218 860 1249 lirae
879 1217 1038 1259 cytharae
1062 1216 1220 1259 psalteria
1239 1216 1346 1248 fistula
1369 1226 1481 1248 musae

645 1269 793 1302 Cimbala
815 1269 990 1300 sambucae
1013 1268 1195 1310 simphonia
1217 1268 1363 1310 timpana
1385 1268 1487 1299 sistra.

645 1322 905 1364 Organicumque
928 1320 1031 1352 melos
1054 1319 1191 1362 aptabat
1212 1319 1279 1350 filia
1301 1319 1424 1360 mortis,

561 1386 598 1406 1⁶⁵
642 1374 766 1416 Vipera
787 1373 920 1415 vipereo
945 1372 1094 1403 saltatrix
1116 1371 1261 1413 germine
1285 1374 1384 1403 creta.

645 1425 761 1457 Sibilat
783 1427 820 1456 ut
842 1422 987 1466 serpens,
1010 1426 1056 1464 ut,
1080 1423 1222 1465 regulus,
1246 1433 1302 1455 ore
1324 1423 1489 1455 volucrem

645 1477 795 1517 Sorbeat,
819 1476 862 1507 ad
885 1478 983 1518 caput
1004 1475 1087 1507 haec
1110 1474 1215 1507 tendit
1237 1475 1307 1507 fera
1328 1475 1436 1507 bestia
1457 1475 1554 1511 vatis:

647 1528 778 1560 Fraude
802 1527 894 1559 dolos
917 1537 1060 1567 versans,
1083 1529 1303 1569 praestructus
1327 1529 1360 1558 et
1384 1529 1454 1558 arte
1477 1526 1620 1568 maligna

645 1580 797 1612 Herodes
819 1580 904 1611 iurat
926 1590 961 1611 se
985 1579 1132 1621 praemia
1155 1582 1271 1611 cuncta
1294 1578 1454 1620 daturum,

564 1646 601 1664 170
646 1632 805 1675 Quaeque
827 1632 938 1674 puella
960 1634 1062 1674 petat,
1087 1641 1171 1673 quae
1194 1634 1299 1663 matre
1323 1631 1440 1663 edocta
1461 1632 1626 1673 magistra.

645 1684 716 1716 Nec
738 1694 830 1715 mora
852 1693 913 1715 nec
937 1683 1077 1725 requies,
1101 1683 1177 1725 quin
1200 1693 1220 1714 a
1243 1683 1368 1715 cervice
1391 1686 1553 1715 resectum

646 1737 763 1769 Discus
785 1736 966 1768 inauditum
989 1736 1095 1768 scelus
1117 1736 1201 1767 inter
1225 1735 1348 1767 fercula
1369 1738 1494 1778 portet;

646 1789 717 1821 Nec
739 1789 817 1820 satis
841 1788 883 1820 ad
905 1788 1040 1828 facinus,
1063 1788 1090 1819 si
1112 1787 1146 1818 in
1169 1797 1300 1819 carcere
1324 1787 1408 1819 colla
1431 1790 1591 1827 secentur,

646 1842 689 1873 Ni
712 1844 810 1884 caput
832 1840 942 1873 invisis
964 1840 1085 1872 mensis
1109 1842 1249 1882 ponatur
1272 1839 1445 1880 edendum,

564 1906 602 1926 ιη
647 1893 820 1925 Silvicolae
844 1892 934 1924 velut
957 1894 1007 1923 est
1030 1892 1100 1934 apri
1123 1891 1332 1923 monstrarier
1354 1902 1440 1923 usus.

646 1945 770 1987 Impius
793 1945 937 1987 impurus
961 1944 1138 1976 sceleratus
1161 1954 1295 1986 spurcus
1317 1943 1444 1986 iniquus

648 1997 808 2028 Tristatur
830 1997 930 2036 vultu,
955 1996 1015 2027 sed
1037 1995 1160 2038 gaudet
1183 1995 1281 2027 corde
1304 1998 1470 2038 tyrannus,

650 2049 746 2086 Quod
768 2051 906 2080 tractata
930 2047 984 2079 diu
1009 2048 1096 2079 facta
1120 2050 1170 2079 est
1193 2047 1319 2078 occasio
1343 2047 1462 2079 caedis.

647 2101 697 2133 Ne
721 2104 830 2132 tamen
853 2101 1025 2131 innocuum
1048 2100 1213 2131 maculent
1234 2100 1376 2142 periuria
1398 2109 1522 2140 regem,

566 2166 604 2186 180
647 2153 878 2195 Insignemque
902 2152 1005 2184 virum
1028 2152 1129 2183 titulis
1154 2154 1187 2183 et
1209 2151 1306 2183 laude
1330 2151 1472 2194 priorum

648 2205 857 2247 Degenerem
879 2204 964 2246 patri
987 2203 1122 2236 fallendi
1144 2203 1277 2235 infamia
1299 2202 1428 2243 reddat,

649 2257 813 2289 Lictorem
836 2256 944 2296 mittit,
968 2248 1167 2298 referat'qui
1191 2255 1276 2287 dona
1298 2255 1450 2298 lyciscae.

652 2309 712 2340 Ille
737 2311 834 2350 caput
855 2308 977 2339 flexum
1001 2307 1110 2350 gladio
1134 2308 1281 2350 fulgente
1304 2306 1420 2339 recidit

653 2360 867 2402 Convivisque
892 2359 968 2391 feris
991 2360 1134 2391 rorantia
1157 2356 1279 2391 fercula
1301 2361 1411 2401 portat

392 2516 442 2542 162
460 2517 535 2542 fitula
547 2516 572 2541 A
657 2515 707 2542 163
725 2515 795 2547 sin(n
813 2524 880 2541 corr.
899 2523 930 2540 ex
948 2514 1084 2547 m)phonia
1096 2514 1121 2539 A
1175 2514 1244 2546 tiu(n
1263 2523 1330 2540 corr.
1349 2523 1380 2540 w
1397 2513 1503 2548 m)pana
1514 2514 1540 2539 A
1622 2513 1671 2539 171
1689 2514 1814 2539 mrooeum
1827 2511 1852 2537 Δ
1870 2520 1938 2538 corr.

290 2559 401 2585 Hareter
488 2558 538 2585 173
556 2560 582 2584 id
599 2560 702 2585 facinus
715 2559 777 2592 Neff
861 2557 912 2584 182
930 2557 1080 2591 lycissaeA

290 2635 437 2661 iurandum
516 2635 563 2662 sed
582 2635 664 2662 misso
683 2635 853 2669 spiculatore
876 2634 1022 2669 praecepit
1045 2633 1149 2661 adferri
1173 2634 1258 2668 caput
1281 2633 1340 2660 eius
1363 2633 1393 2660 in
1415 2633 1498 2660 disco.
1535 2633 1571 2660 28
1595 2634 1623 2660 et
1645 2631 1797 2660 decollavit
1819 2639 1883 2658 eum
1909 2630 1939 2658 in

291 2694 399 2712 carcere
418 2687 447 2712 et
464 2686 569 2713 adtulit
587 2689 675 2721 caput
693 2686 754 2713 eius
772 2686 801 2713 in
821 2686 896 2713 disco
915 2687 944 2713 et
963 2686 1042 2713 dedit
1059 2685 1131 2712 illud
1149 2685 1269 2719 puellae,
1289 2686 1318 2712 et
1335 2685 1414 2712 dedit
1431 2685 1515 2711 matri
1533 2693 1608 2712 suae.

396 2738 452 2767 152,
466 2738 515 2764 153
534 2738 640 2765 Iuvenc.
654 2738 750 2765 11154
767 2738 800 2765 dc
815 2738 920 2766 Herode
937 2739 1065 2766 luxuriae
1083 2738 1217 2772 quoniam
1236 2738 1386 2765 coniuncta
1404 2737 1536 2772 superbia
1554 2736 1668 2772 gaudet.
1739 2736 1797 2764 162.
1811 2735 1862 2762 163
1883 2734 1941 2768 Ost.

291 2789 366 2815 Dan.
384 2789 409 2822 3,
423 2790 462 2815 15.
552 2790 599 2816 171
620 2790 678 2816 Nec
695 2799 774 2818 mora
792 2799 843 2818 nec
862 2791 972 2825 requies
990 2799 1010 2819 e.
1021 2799 1047 2825 9.
1067 2790 1114 2818 Ge.
1133 2790 1256 2818 111110.
1894 2779 1918 2811 ’ἶ
