2060 3074
0 857 14 915 „⁷¹—
0 679 10 848 qu-p--vz—
0 665 2 671 v
0 631 5 640 .

829 183 1071 212 PRAETERITA.
1714 187 1775 217 757

119 279 197 310 paq.
213 269 278 300 488
299 279 328 300 v.
364 270 407 300 34
430 269 568 309 corrigo:
592 272 659 301 tum
683 273 716 301 te
738 280 798 312 per
820 270 975 312 liquidum
999 271 1112 303 aethra
1135 271 1285 314 (aethera
1306 271 1360 314 P).

215 330 280 360 493
300 339 327 361 v.
346 329 408 360 180
431 328 493 370 leye
515 339 724 372 conregnans.
749 349 778 354 —
811 331 875 362 494
897 341 923 362 v.
939 333 1003 363 211
1025 331 1199 364 Hannibal.

211 389 275 420 499
297 399 324 420 v.
384 391 404 420 1
418 389 537 429 pendet
558 389 710 422 Heiricus
731 390 769 421 de
790 390 868 422 libro
889 402 1092 423 numerorum
1116 393 1198 424 inter
1219 392 1340 424 Isidori
1362 403 1456 434 opera
1478 393 1518 424 ab
1537 392 1673 424 Arevalo
1695 393 1777 424 edito
1794 411 1797 413 -

426 441 553 482 (Miyne
575 443 627 479 83,
643 442 721 482 179)
744 452 808 473 non
829 452 918 473 secus
939 452 978 474 ae
999 443 1056 482 qui
1079 444 1223 475 carmina
1245 455 1260 475 e
1282 444 1384 476 codice
1407 444 1565 476 Bernensi
1586 445 1625 476 ab
1644 444 1777 484 Hayeno

419 495 587 532 protracta
621 493 744 533 (Carm.
773 494 850 525 med.
881 494 950 526 aevi
977 505 1051 535 pay.
1084 497 1235 538 12—41)
1268 497 1408 536 scripsit,
1442 496 1614 528 monachus
1639 496 1777 537 fortasse

427 547 457 576 et
478 545 545 585 ipse
567 545 856 583 Autissiodorensis
878 546 936 588 (cf.
959 547 999 578 ib.
1016 557 1092 587 pay.
1109 548 1152 578 23
1159 549 1270 589 —31).

212 605 325 639 5141».
340 604 522 648 ffl‘ignee
556 606 627 638 fons
660 606 836 638 animarum
870 610 1031 646 sumptum
1064 618 1103 639 ex
1137 608 1238 640 Prud.
1274 608 1362 641 Gath.
1395 608 1431 640 X
1452 610 1472 639 1
1506 608 1710 649 (Manitius).
1736 626 1774 630 ——

425 668 453 689 v.
470 658 533 688 554
555 657 617 698 lege
638 659 789 690 ΛΟΓΟΝ.
814 676 854 681 -
871 668 947 699 pay.
965 659 1027 690 515
1051 659 1071 691 l.
1088 659 1107 690 5
1130 660 1170 691 ab
1191 660 1254 692 imo
1277 660 1353 701 lege:
1376 660 1517 700 Schepss.

211 717 274 748 516
295 727 322 748 v.
339 718 402 748 638
423 717 463 757 cf.
494 717 595 750 Prud.
624 717 735 760 Praef.
754 720 847 750 1—-6
869 718 1073 759 (Manitius).
1108 738 1144 743 —
1172 730 1248 760 paq.
1275 720 1339 752 517
1369 721 1408 752 ab
1443 730 1470 752 v.
1498 721 1560 751 660
1595 719 1637 762 cf.
1674 719 1775 751 Prud.

426 769 542 802 Pem'st.
567 769 836 802 Χ1136-1140
858 770 913 811 (P.
937 771 974 802 de
997 770 1211 813 Writerfeld).

607 924 836 974 IOHANNIS
864 937 1036 974 SCOTTI
1065 938 1124 974 CA
1130 938 1296 975 RMINA.

119 1029 195 1062 paq.
214 1019 278 1051 518
427 1019 588 1061 cataloyus
613 1020 770 1052 Tullensis
792 1021 896 1061 (apud
913 1021 1034 1053 Becker
1050 1023 1101 1060 68,
1119 1022 1196 1061 192)
1218 1022 1303 1053 hunc
1324 1022 1448 1053 indicat
1463 1021 1594 1053 librum:
1616 1021 1778 1053 Iohannes

424 1071 553 1104 Scottus
577 1071 617 1104 de
634 1076 784 1115 compoto
808 1076 841 1105 et
863 1076 979 1105 natura
995 1084 1109 1105 eanum
1134 1078 1167 1105 et
1184 1074 1379 1105 Hinomarus
1403 1074 1444 1105 de
1464 1074 1553 1105 fonte
1570 1074 1654 1105 vitae
1671 1074 1733 1106 vol.
1751 1074 1776 1114 Ι,

423 1125 460 1156 in
480 1123 596 1164 quibus
616 1124 716 1156 verbis
738 1135 852 1157 canum
875 1125 955 1157 mihi
977 1125 1051 1157 olim
1072 1128 1250 1165 suspectum
1275 1126 1332 1167 (cf.
1351 1137 1424 1166 pay.
1449 1126 1506 1166 69)
1528 1136 1614 1157 nune
1636 1126 1776 1165 defendo,

421 1187 493 1208 cum
525 1176 685 1208 Iohannes
715 1188 731 1208 e
761 1176 885 1215 Plinio,
917 1177 1038 1215 Selino,
1073 1177 1212 1216 Isidoro,
1249 1178 1429 1216 Ambrosio,
1463 1177 1539 1208 aliis
1572 1177 1709 1209 libellum
1741 1178 1778 1209 de

422 1227 555 1260 canibus
591 1227 760 1268 compilare
795 1229 954 1268 potuerit;
992 1229 1027 1260 in
1068 1239 1157 1268 opere
1194 1229 1231 1260 de
1265 1229 1419 1260 divisione
1459 1231 1596 1260 naturae
1637 1228 1715 1270 (III
1736 1230 1778 1260 39

423 1278 512 1320 apud
540 1279 652 1321 Miqne
682 1281 758 1319 122,
781 1281 860 1322 738)
890 1281 966 1312 haec
991 1281 1120 1321 posuit:
1154 1281 1242 1313 canis
1270 1277 1394 1323 Ulyssis
1426 1283 1500 1323 post
1531 1291 1632 1312 annos
1665 1281 1778 1323 viginti

428 1330 594 1364 dominnm
616 1342 709 1364 suum
731 1332 930 1374 recognovit.

207 1389 272 1423 524
423 1391 461 1423 de
475 1391 742 1424 Laudunensium
763 1391 892 1433 linquae
920 1391 1063 1424 Graecae
1085 1393 1219 1424 seientia
1239 1392 1282 1434 cf.
1299 1392 1391 1434 infra
1414 1392 1576 1424 enarratio
1599 1391 1725 1424 tabulae
1743 1392 1777 1425 V.

424 1461 461 1466 —
486 1453 518 1475 n.
538 1445 559 1474 4
582 1442 719 1475 Huberti
740 1453 867 1475 carmen
889 1443 933 1475 ad
958 1443 1166 1476 Hodolricum
1188 1444 1365 1484 episcopum
1386 1463 1428 1466 —
1443 1454 1518 1475 nam
1542 1444 1588 1475 ita
1611 1444 1778 1475 dicendum

419 1493 526 1536 fut'sse
558 1505 645 1527 nunc
678 1495 841 1528 edocemur
874 1514 914 1519 —-
949 1496 988 1527 ab
1022 1495 1158 1528 Ernesto
1192 1495 1375 1528 Duemmler
1406 1496 1525 1527 editum
1557 1498 1626 1527 erat
1658 1495 1701 1528 N.
1734 1496 1776 1528 A.

423 1546 445 1578 1
450 1545 482 1576 V
495 1546 569 1579 399.
776 1574 778 1579 ,
1402 1549 1405 1551 ’

208 1604 271 1646 525
422 1605 536 1647 otloh,
575 1616 644 1647 qen.
685 1606 811 1647 Otlohi,
850 1618 914 1639 non
948 1607 1108 1639 Othlonus
1147 1592 1202 1640 cet.
1242 1607 1356 1647 ubique
1387 1608 1571 1647 ponendum
1609 1610 1692 1646 erat,
1732 1608 1775 1648 cf'.

421 1657 462 1690 E.
491 1656 687 1696 Duemmler,
735 1658 831 1692 Ueber
868 1659 930 1691 den
963 1659 1099 1691 Moench
1135 1658 1239 1697 Odeis,
1278 1659 1561 1699 Siteunysberichte
1594 1659 1624 1692 d.
1649 1670 1774 1699 preuss.

422 1709 596 1742 Akademie
619 1710 703 1741 1895
719 1720 794 1751 pay.
812 1712 906 1744 1071.

207 1767 270 1799 554
291 1778 324 1801 n.
355 1770 378 1800 2
419 1768 517 1801 adde:
545 1769 574 1801 I.
601 1769 766 1809 Guiraud,
794 1771 841 1802 Le
863 1781 1034 1803 commerce
1055 1770 1110 1802 des
1138 1770 1272 1810 reliques
1298 1781 1344 1802 au
1365 1774 1618 1802 commeneement
1639 1771 1684 1802 du
1708 1771 1772 1803 IX.

419 1820 519 1860 siecle,
539 1820 703 1862 Me'lanqes
727 1821 767 1855 G.
783 1822 826 1855 B.
842 1823 879 1854 de
902 1822 1006 1860 Rossi,
1033 1822 1152 1854 Romae
1178 1823 1271 1860 1892,
1289 1832 1363 1863 pay.
1381 1822 1527 1855 73—95.

207 1879 271 1911 556
419 1881 464 1913 ad
489 1881 609 1914 codices
634 1882 839 1924 mmpolatos
862 1883 910 1922 (ς)
935 1881 1174 1915 Vallicellianus
1196 1882 1238 1914 B.
1259 1885 1302 1914 41
1324 1882 1456 1920 accedit,
1481 1892 1572 1922 quem
1594 1893 1772 1915 commemo-

419 1934 527 1965 ratum
559 1933 665 1965 inveni
697 1934 787 1974 apud
816 1934 1028 1966 Franciscum
1063 1933 1182 1966 Novati
1222 1933 1347 1975 (carm.
1384 1934 1480 1965 medii
1513 1935 1583 1966 aevi
1609 1943 1685 1975 pay.
1707 1935 1773 1976 13),

420 1984 568 2017 collatum
597 1985 704 2025 accepi
732 1995 754 2016 a
775 1985 917 2017 Iohanne
948 1985 1101 2017 Graeven.
1140 1985 1270 2025 praebet
1299 1985 1358 2026 fol.
1385 1987 1540 2017 12—120
1568 1997 1694 2018 carmen
1723 1986 1774 2018 his

425 2035 608 2069 lectionibus
629 2037 668 2068 ab
684 2048 704 2076 ς
725 2037 991 2077 discrepantibus:
1013 2047 1038 2068 v.
1056 2039 1075 2067 1
1092 2037 1200 2068 fueras
1219 2036 1381 2079 quondam
1404 2037 1457 2078 (ut
1471 2036 1535 2078 M),
1558 2038 1578 2067 4
1594 2037 1772 2080 bonosque,

421 2088 441 2119 5
462 2089 705 2132 oonstinopolis,
737 2091 758 2119 8
785 2089 936 2128 auaritia,
966 2091 1007 2120 13
1030 2088 1152 2120 crudeli
1180 2089 1309 2129 funere,
1339 2089 1379 2119 15
1402 2099 1477 2120 nam
1499 2089 1541 2120 ni.
1567 2107 1607 2112 —
1629 2089 1665 2121 in
1693 2090 1770 2121 adn.

420 2140 465 2172 ad
491 2151 518 2172 v.
540 2142 582 2172 12
611 2141 756 2181 (yenuini
786 2141 953 2180 carminis)
983 2140 1082 2172 adde:
1115 2151 1239 2172 versum
1272 2139 1362 2172 illum
1389 2142 1598 2172 recurrentem
1625 2151 1641 2172 e
1670 2141 1773 2173 codice

422 2191 570 2223 Remensi
589 2202 669 2224 saec.
693 2191 791 2224 XIII
807 2193 944 2224 enotavit
962 2192 1166 2225 Wattenbach
1189 2192 1230 2224 N.
1244 2185 1289 2224 Ἀ.
1309 2191 1442 2224 XVIII
1455 2193 1532 2230 518,
1559 2202 1598 2224 ex
1619 2192 1770 2224 Aurelia-

421 2243 513 2275 nensi
533 2254 613 2275 saec.
628 2243 686 2276 XI
699 2243 863 2283 Guissard,
889 2243 1064 2286 Tke'odulfe
1079 2254 1156 2284 pay.
1175 2245 1246 2275 111.

721 2418 913 2455 MILONIS
940 2418 1126 2455 CARMIN
1128 2419 1172 2455 A.

51 2491 54 2494 ⁴
117 2509 192 2542 paq.
207 2500 270 2532 561
423 2501 582 2534 Huc-baldi
597 2504 627 2533 et
642 2501 778 2534 Milonis
786 2502 1009 2544 praefationes
1027 2502 1132 2544 (apud
1145 2513 1193 2534 me
1207 2501 1270 2534 III
1282 2506 1301 2531 Ι
1314 2504 1345 2533 et
1360 2502 1407 2542 ΙΙ)
1428 2503 1502 2533 ante
1517 2501 1770 2542 Desplanquium

419 2563 441 2585 a
468 2553 631 2586 Martem'o
658 2553 830 2595 (The-saur.
859 2554 1033 2586 anecdotor.
1065 2554 1087 2585 1
1107 2554 1165 2592 45)
1192 2554 1294 2585 editae
1324 2556 1416 2584 eroent
1444 2555 1539 2593 atque
1567 2553 1641 2585 inde
1669 2553 1770 2585 altera

421 2603 545 2645 (IIII)
572 2605 704 2644 repetita
730 2605 819 2645 apud
840 2604 988 2645 Bouquet
1010 2605 1071 2638 SS.
1097 2605 1168 2637 VII
1183 2606 1261 2643 311,
1289 2607 1424 2645 utraque
1450 2605 1539 2644 apud
1564 2605 1675 2645 Miyne
1697 2606 1769 2644 132,

422 2657 507 2688 1047
528 2659 558 2688 et
580 2657 673 2688 1050.

207 2716 270 2747 680
291 2716 355 2748 ΙΙΙ
418 2715 567 2758 hymnum
594 2717 736 2756 priorem
764 2715 928 2758 (Amande
962 2716 1091 2758 praesul
1117 2716 1251 2759 optime)
1274 2727 1290 2748 e
1312 2715 1414 2748 codiee
1438 2715 1661 2757 Rotomayensi
1684 2718 1769 2749 1027

420 2778 499 2800 saec.
515 2767 607 2800 XIV
625 2768 765 2800 ediderat
788 2767 907 2799 Dreves
928 2766 1072 2798 Analeet.
1095 2767 1229 2808 kymnic.
1249 2766 1309 2798 XI
1321 2776 1393 2807 paq.
1412 2767 1467 2806 71,
1489 2777 1516 2798 v.
1539 2768 1570 2805 4,
1585 2769 1606 2798 4
1628 2768 1768 2810 flamine,

421 2820 452 2858 8,
467 2820 490 2851 2
510 2819 605 2852 laetis
626 2819 774 2851 scribens.

224 2876 329 2905 Portu
347 2886 431 2905 urm
451 2886 509 2906 111111
528 2878 652 2917 Quotam
670 2878 718 2910 111,
731 2879 755 2905 2.
1529 2878 1562 2904 96
