2138 3106
298 137 359 166 366

901 134 1070 160 CARMINA
1089 133 1352 160 CENTULENSIA.

1041 263 1206 295 CLXVII.

889 326 954 362 AD
981 326 1173 362 COMBEN
1175 326 1206 362 N
1208 326 1287 362 ION
1289 327 1356 363 ES.

662 400 690 431 O
715 401 806 439 socii,
830 411 957 433 mecum
982 400 1287 442 studeatislludere,
1312 411 1445 443 quaeso,

705 452 779 484 Non
803 453 917 484 trocho
942 453 1112 491 infantum,
1136 453 1193 484 sed
1218 453 1342 485 calamo
1366 454 1531 487 iuvenum.

664 504 872 547 Quapropter
893 514 1026 536 moneo:
1051 504 1183 536 assidue
1207 508 1332 536 certare
1357 505 1506 539 studete:

705 557 835 588 Ludere
858 557 922 588 iam
946 556 1078 599 pudeat,
1103 555 1231 588 discere
1255 567 1296 588 ne
1320 556 1442 599 pigeat,

612 622 623 639 5
661 609 711 640 Ne
735 612 811 651 post
834 606 1000 652 peniteat,
1018 608 1118 640 veluti
1142 619 1195 639 me
1220 618 1319 650 saepe
1343 608 1507 640 remordet

705 660 802 700 Illud,
827 661 914 703 quod
937 661 1027 703 potui
1051 672 1196 703 carpere,
1222 661 1280 693 sed
1303 662 1404 694 renui.

662 712 776 744 Donec
800 716 929 755 tempus
953 712 1058 752 adest,
1083 713 1220 755 vigilate
1243 715 1339 744 nocte
1363 713 1492 756 dieque,

706 764 755 796 Ne
779 764 902 796 domini
927 774 1063 797 exesum
1089 765 1243 796 salarium
1267 765 1411 797 doleant.

663 816 767 856 Eheu,
792 827 889 858 quam
914 816 1128 859 pedetemtim
1153 817 1293 848 occurrit
1317 827 1416 850 curva
1440 822 1606 852 senectus:

598 881 623 899 ιο
705 868 836 900 Suadeo
859 871 1048 910 propterea:
1073 869 1220 910 quaerite
1244 868 1429 910 suffugium.

664 919 699 951 Si
722 920 839 962 cupitis
865 920 1014 962 sophiam
1038 920 1228 962 perquirere
1253 923 1362 952 mente
1386 922 1507 963 sagaci,

705 971 875 1004 Parcendo
899 972 1004 1004 ventri
1028 972 1175 1003 matirius
1198 972 1322 1004 veniet:

663 1024 790 1056 Venter
812 1035 887 1056 nam
910 1024 1045 1055 nimium
1070 1023 1233 1055 distentus
1258 1027 1373 1066 satque
1398 1027 1538 1065 recusat,

707 1076 857 1115 Sensum,
882 1076 1025 1115 difficile,
1049 1076 1185 1118 gignere
1209 1079 1412 1118 pertenuem,

598 1141 622 1159 ιε,
660 1128 700 1159 Εἰ
724 1128 812 1168 mihi,
837 1138 934 1170 quam
958 1138 1031 1159 sero
1056 1138 1128 1159 cum
1152 1128 1257 1159 doctis
1282 1128 1395 1160 ludere
1419 1131 1554 1170 tempto.
1574 1147 1615 1152 —

707 1179 927 1222 Compedibus
953 1179 1084 1211 strictus
1109 1190 1239 1211 currere
1265 1179 1322 1211 sed
1347 1190 1485 1222 nequeo.

665 1231 717 1262 Da
740 1231 844 1271 nobis,
868 1230 1008 1271 domine,
1031 1230 1192 1270 dextram,
1216 1231 1370 1263 miserere
1394 1232 1546 1263 misertus

709 1282 838 1325 Ferque
862 1283 979 1325 pedem
1004 1283 1143 1322 miseris,
1166 1283 1279 1315 ludere
1304 1294 1368 1325 quo
1392 1284 1533 1316 valeant.

1032 1491 1216 1523 CLXVIII.

974 1553 1039 1589 AD
1067 1553 1281 1590 FELICEM.

665 1628 803 1668 Fistula,
828 1640 933 1669 curre,
958 1629 1071 1669 virum,
1096 1629 1212 1671 rogito,
1236 1629 1388 1672 perquire
1412 1639 1562 1670 sagacem

665 1680 727 1712 Per
750 1681 849 1712 silvas
874 1680 974 1712 colles
999 1681 1100 1712 valles
1125 1680 1224 1712 celeri
1248 1691 1377 1723 quoque
1402 1691 1507 1719 cursu,

663 1732 803 1764 Nomine
827 1732 983 1772 Felicem,
1008 1736 1169 1764 rectorem
1194 1743 1310 1775 nempe
1333 1732 1510 1774 benignum

664 1784 828 1816 Praesulis
853 1784 993 1816 eclesiae
1018 1784 1150 1816 Martini
1175 1787 1317 1815 structae
1341 1784 1374 1815 in
1398 1784 1529 1816 honore.

614 1849 625 1867 5
663 1835 735 1872 Quo
760 1836 800 1867 de
824 1847 876 1868 me
901 1836 1018 1868 nimias
1041 1837 1174 1868 invento
1197 1836 1314 1878 dicque
1339 1836 1480 1872 salutes;

665 1888 830 1924 Quantum
854 1888 901 1919 illi
925 1898 1041 1920 maneo
1065 1899 1189 1928 servus,
1214 1887 1276 1927 dic,
1300 1899 1409 1930 posco,
1433 1888 1538 1920 fidelis

662 1940 733 1972 Nec
758 1940 865 1972 minus
890 1941 959 1983 ipse
983 1951 1061 1973 suus
1085 1941 1222 1973 devotus
1246 1941 1326 1973 sisto
1350 1944 1512 1984 precator.

664 1992 764 2024 Basia
785 1992 850 2034 fige
873 2003 981 2032 manu,
1006 2004 1138 2026 carmen
1161 1996 1237 2036 post
1260 1994 1390 2036 porrige
1414 1996 1561 2025 nostrum

663 2044 844 2087 Insipidum
868 2045 1014 2082 humilis;
1038 2046 1084 2077 sic
1107 2046 1248 2088 denique
1273 2057 1346 2078 rure
1370 2046 1482 2078 voluta

599 2109 623 2128 ιο
661 2096 744 2128 Bina
767 2097 866 2129 etiam
890 2097 1029 2139 pedibus
1053 2098 1193 2139 geminis
1218 2101 1286 2130 tum
1309 2098 1372 2140 fige
1397 2098 1526 2130 labella.

664 2148 755 2180 Illius
779 2151 889 2181 erecta
912 2149 1002 2181 iussu
1026 2152 1102 2181 tunc
1127 2151 1205 2189 fare,
1229 2161 1302 2192 age,
1326 2153 1454 2182 nostros

664 2201 828 2244 Dignetur
852 2212 971 2244 parvos
994 2202 1105 2244 apices
1129 2205 1165 2234 ut
1187 2212 1315 2234 sumere
1339 2203 1496 2242 clemens,

663 2253 802 2285 Nescius
826 2256 896 2285 arte
921 2264 1037 2286 carens
1062 2253 1172 2286 studui
1195 2265 1277 2296 quos
1301 2254 1436 2296 pingere
1460 2253 1587 2285 ludens.

665 2304 874 2347 Quapropter
897 2305 982 2337 male
1005 2306 1109 2348 pipati
1133 2306 1202 2338 sine
1228 2306 1358 2337 nomine
1382 2305 1496 2337 ludent

599 2369 622 2388 15
660 2356 796 2388 Doctori
821 2357 910 2389 celso
934 2357 1092 2390 residenti
1115 2358 1185 2389 iure
1208 2357 1357 2399 magistri

663 2408 753 2441 Inter
776 2409 990 2452 philosophos
1014 2410 1142 2449 merito,
1167 2410 1243 2452 quia
1266 2410 1313 2441 sic
1337 2408 1437 2441 decus
1460 2408 1509 2440 illi

398 2546 542 2580 [CLXVII.]
563 2546 595 2572 12
614 2549 730 2573 matirius
749 2548 785 2573 sic
798 2547 823 2572 B
929 2547 961 2574 18
979 2549 1073 2582 pedum
1092 2558 1159 2574 corr.
1180 2549 1204 2574 B

399 2590 556 2623 [CLXVIII]
574 2590 592 2616 4
610 2595 734 2617 structam
752 2591 778 2616 B
795 2600 862 2616 corr.
881 2591 978 2617 Bemm.

399 2674 552 2709 [CLXVII.]
574 2676 606 2702 13
623 2676 670 2709 cfr.
689 2684 710 2702 c.
732 2676 819 2709 CLX,
834 2677 881 2708 18;
899 2675 930 2702 dc
948 2677 1078 2703 sententia
1098 2686 1117 2703 υ.
1136 2677 1215 2710 infra
1233 2676 1379 2702 Hincmari
1399 2675 1475 2709 Resp.
1494 2675 1532 2701 ad
1552 2674 1660 2702 Hincm.
1680 2674 1771 2702 Laud.
1790 2683 1812 2702 v.
1828 2676 1868 2702 16.

399 2726 565 2762 [CLXVIII]
587 2727 700 2755 Felicem
723 2728 854 2762 quemdam
874 2728 990 2755 Mawris
1010 2728 1170 2755 Monastevii
1191 2728 1304 2754 abbatem
1322 2728 1406 2760 sitisse
1428 2727 1532 2754 videtm·
1549 2729 1671 2753 constare
1688 2727 1737 2759 cfr.
1761 2726 1831 2753 Gall.
1852 2726 1949 2753 Christ.

297 2777 373 2803 XIV
386 2778 442 2804 193.
549 2780 561 2805 1
581 2780 629 2812 cfr.
648 2789 668 2807 c.
689 2781 831 2814 CXXIII,
846 2782 869 2807 1.
974 2782 992 2808 8
1010 2781 1059 2814 cfr.
1078 2789 1098 2808 c.
1119 2780 1203 2813 XVI,
1219 2781 1231 2806 1
1250 2788 1304 2814 sqq.
1410 2780 1442 2806 13
1460 2779 1508 2812 cfr.
1527 2787 1549 2806 c.
1571 2779 1692 2812 XXIII,
1706 2779 1731 2806 2.
