2092 3094
27 786 68 807 no

98 265 289 298 mmmm

95 308 246 350 ITANE·

97 369 270 401 mumu-

97 411 313 452 m'rvus'r·

98 471 316 504 INSPICAT·

97 521 428 555 mFASTIDI'rVM

98 574 267 607 mrmA·

99 625 313 667 menen

99 676 306 710 INPVBES‘
343 690 347 691 ⁷
399 678 435 683 ᾖ

98 728 267 761 IRRI'ro·

101 779 273 813 ISOPVS·

100 831 311 864 INRORAT·

101 882 276 916 INLINIT

100 933 269 967 INDICO·

101 982 375 1019 INMAOETVM

103 1036 240 1069 INITO·

102 1089 284 1122 IAPIGIS·

103 1140 299 1174 INTEPET

104 1192 395 1225 INTERVIRET·

103 1243 343 1276 INTERITIS·

103 1295 228 1328 VNDE
243 1295 456 1329 INVOLAT·

103 1355 337 1401 LVTEOLA·

102 1414 351 1453 LOOVPLET·

103 1463 299 1505 monive·

103 1523 350 1556 anmrvm·

103 1575 294 1608 LABERE·

104 1626 383 1660 LONGOPOST·

305 1789 356 1815 202
375 1790 467 1823 uulgul
485 1790 511 1815 B

206 1833 230 1858 id
259 1837 298 1858 est
324 1833 413 1859 incidit
441 1834 523 1858 infidit
549 1834 619 1859 acuit
647 1833 672 1858 B

202 1874 253 1901 207
272 1884 348 1909 opere
366 1875 391 1901 B

202 1927 268 1944 corr.
282 1919 307 1944 B

203 1970 269 1987 corr.
284 1961 310 1986 B

392 1919 444 1945 219
462 1919 580 1952 inieritis]
598 1928 724 1952 nuper-scr.
746 1920 884 1945 intersectis
903 1919 928 1944 B

378 1962 430 1988 224
442 1964 571 1996 procando
583 1963 597 1988 b

743 177 893 205 MICONIS
913 178 1005 204 OPUS
1024 177 1291 204 PROSODIAOUM.

464 268 594 297 veteres
619 264 731 296 laudat
754 264 876 296 lasciva
899 267 1063 307 patronos.

465 315 558 347 Sicut
575 341 581 348 .
600 315 754 347 videntur
777 316 809 347 in
826 341 833 348 .
850 316 943 347 terim
962 340 968 347 .
985 315 1161 358 pyrichio
1187 314 1393 346 clauditur.

464 367 654 399 Restituunt
677 368 773 399 tectis
798 367 934 399 demens
958 371 991 399 et
1014 367 1131 409 vulgus
1154 366 1286 399 ibidem.

464 418 617 450 Volvitur
640 419 673 450 in
698 422 796 461 caput
819 422 871 451 ast
893 419 949 450 illa
972 419 1057 450 inter
1079 419 1196 450 fluctus
1220 417 1352 450 ibidem.

466 470 647 512 Pervigilat
670 471 820 512 ferroque
844 470 932 502 faces
956 470 1096 512 inspicat
1119 473 1226 501 acuto.

466 522 532 554 fers
555 522 627 564 ipse
651 521 693 553 ad
716 522 811 553 busta
835 522 986 553 cadaver.

467 573 511 605 Et
533 573 576 605 sit
598 574 631 604 iu
654 573 755 604 infida
777 573 959 615 proditione
983 573 1072 604 fides.

468 625 594 657 animos
617 635 717 667 opera
741 624 782 656 ad
805 625 929 656 maiora
953 624 1110 655 calentes.

467 677 568 709 Haud
590 676 685 708 aliter
707 686 879 719 pupesque
903 679 980 707 tuae
1003 675 1172 718 pubesque
1197 678 1334 706 tuorum.

467 728 644 770 Irritatque
669 728 772 760 virum
796 728 870 759 telis
895 732 992 769 atque
1016 727 1102 758 ultro
1127 727 1273 758 lacescit.

468 780 608 823 Insuper
631 780 790 822 arripiunt
813 779 965 822 pallentis
989 789 1124 821 gramen
1147 779 1240 820 isopi.

469 832 538 863 Aut
561 842 636 863 cum
661 831 731 863 sole
755 841 840 863 novo
865 834 969 863 terras
994 831 1117 862 inrorat
1141 841 1230 862 eous.

468 883 674 926 infunditque
699 883 785 915 diem
808 883 1007 925 baptismate
1030 882 1109 914 lota.

471 935 680 976 Partitusque
703 935 786 966 meis
808 935 912 965 iustos
936 933 1043 965 indico
1067 933 1208 965 labores.

472 989 577 1017 terras
601 986 742 1017 miscens
766 981 905 1017 adversa
929 985 1092 1017 secundis.

471 1037 636 1080 Tempore
661 1048 724 1079 quo
748 1037 841 1069 nobis
866 1037 946 1068 inita
971 1041 1022 1068 est
1045 1037 1162 1068 ceralis
1187 1037 1322 1068 eleusin.

473 1088 617 1121 Castella.
640 1089 673 1120 in
696 1089 830 1120 tumulis
855 1093 887 1120 et
911 1089 1028 1130 iapigis
1052 1099 1142 1120 arma
1165 1089 1285 1120 timavi.

472 1140 554 1183 ydra
577 1140 670 1172 vadis
693 1143 726 1172 et
750 1151 814 1182 qua
837 1140 893 1172 vix
917 1141 1059 1172 carmine
1084 1150 1167 1172 raro.

473 1191 601 1224 Exutus
624 1192 767 1234 letisque
787 1192 900 1223 *minax
923 1192 1094 1224 interviret
1116 1191 1236 1224 herbis.

473 1244 588 1286 Pugna
613 1245 732 1276 acriter
755 1244 928 1275 commissa
952 1243 1062 1275 multis
1081 1246 1254 1285 utrumque
1277 1243 1427 1275 interitis.

474 1295 551 1338 Ipse
575 1294 657 1327 deus
681 1295 877 1337 simulatque
901 1295 977 1326 vola
999 1305 1051 1327 me
1075 1295 1180 1326 solvat
1204 1294 1328 1336 opinor.

474 1369 587 1401 Mollia
610 1369 732 1400 luteola
755 1369 860 1411 pingit
883 1368 1030 1400 uaccinia
1055 1368 1150 1399 calta.

475 1421 620 1452 Uxorem
645 1420 774 1462 quaeris
797 1419 992 1462 locupletem
1017 1419 1136 1451 ducere
1160 1419 1236 1451 noli.

474 1472 520 1504 Ut
543 1472 706 1504 famulans
730 1471 851 1503 homini
874 1472 1073 1514 locupletem
1096 1471 1232 1502 fundere
1257 1481 1400 1513 parcum.

476 1523 542 1556 Cur
564 1523 728 1566 proconde
751 1524 847 1555 times
871 1523 993 1555 stillam
1016 1523 1154 1566 prebere
1178 1522 1307 1554 lechito.

475 1575 518 1607 Et
542 1580 652 1608 tamen
675 1575 759 1607 hanc
782 1575 900 1618 pelago
924 1575 1168 1617 praeterlabere
1193 1584 1328 1606 necesse
1353 1576 1412 1605 est.

474 1627 636 1670 Respexit
659 1631 770 1659 tamen
793 1631 825 1659 et
848 1627 1024 1669 longopost
1047 1630 1194 1669 tempore
1218 1626 1316 1658 venit.
1420 1618 1422 1621 ’

618 1790 670 1816 203
688 1791 770 1823 capud
789 1799 855 1815 corr.
875 1790 900 1815 B
958 1791 1027 1815 illam
1047 1791 1112 1816 iuter
1130 1791 1144 1814 b

793 1833 844 1858 206
871 1833 943 1865 fides]
972 1842 999 1858 es
1024 1834 1052 1858 in
1075 1834 1091 1858 l.
1110 1842 1131 1858 r.
1152 1833 1177 1857 B

485 1876 536 1902 208
555 1877 675 1910 Impubes
693 1885 760 1902 corr.
779 1876 812 1907 B,
829 1877 904 1901 aliter
923 1877 1055 1909 pubesque
1074 1877 1088 1901 b

1246 1826 1275 1865 Ξῖ]
1289 1834 1311 1858 R
1329 1833 1342 1857 ὸ
1353 1842 1358 1857 :
1370 1834 1418 1866 cfr.

1194 1875 1245 1901 209
1263 1876 1365 1901 lacessit
1383 1876 1398 1900 b

1249 1789 1300 1814 204
1318 1791 1367 1815 Per
1386 1790 1486 1822 iugulat
1504 1790 1529 1814 B

1013 1918 1063 1944 221
1083 1920 1185 1944 uacinia
1204 1927 1269 1944 corr.
1284 1919 1310 1943 B
1362 1918 1459 1944 untiola
1477 1928 1542 1943 corr.
1557 1919 1582 1943 B

1430 256 1559 294 MARe

1430 308 1552 346 PRVD

1429 359 1510 397 VIR

1431 411 1511 449 VIR

1432 463 1511 500 VIR

1434 515 1663 553 APOLLINR

1433 573 1460 604 145

1434 618 1612 655 ALCHIM

1434 669 1574 707 VIRGT.

1434 721 1555 759 PRVD

1435 772 1611 810 ALCHIM

1435 824 1577 862 VIRGI]

1436 883 1463 914 P

1437 933 1643 965 PROSPER

1436 978 1524 1017 Lve

1438 1029 1549 1069 ovn‘)

1438 1082 1578 1120 VIRG‘I]

1440 1133 1559 1172 STA'I·
1583 1132 1706 1171 THEE

1441 1190 1629 1223 STACIVS

1441 1241 1670 1275 CLAvmvs

1441 1294 1638 1327 ORAOIVs

1441 1361 1583 1400 VIRGT.

1441 1470 1467 1502 P
1474 1464 1568 1502 Rvfi

1440 1515 1560 1554 PAVE

1441 1568 1581 1606 VIRGE

1440 1619 1580 1657 VIRGE

1445 1833 1498 1858 Vnt.
1516 1832 1548 1858 41

1781 178 1843 209 287

1742 266 1775 294 et
1798 262 1944 294 Ovidius.

1741 365 1945 406 inpraesenti
1953 365 2052 396 inter-

1759 406 1860 450 [venit
1871 408 2050 450 corripitur.

1742 568 1858 600 infidos
1881 569 2019 610 agitans.

1746 986 1924 1028 Interpolo.

1749 1079 1877 1129 Irrigat.

1750 1189 1942 1223 Intereram.
1997 1198 2001 1201 '

1751 1293 1934 1326 Incessere.

1751 1366 1900 1398 similiter
1919 1366 2057 1399 unciola.

1749 1416 1911 1449 Licaonis.

1750 1588 1769 1608 a
1792 1578 1914 1610 labore.

1748 1629 1867 1661 larinas
1891 1630 1979 1663 urbis

1907 1672 2049 1716 [nomen.

1592 1791 1710 1824 inspicat]
1728 1800 1854 1824 σαροῖ-εον.

1621 1834 1727 1866 agitaris
1746 1843 1812 1860 corr.
1830 1835 1856 1860 B

1505 1875 1556 1901 212
1574 1876 1671 1909 inlinit]
1690 1878 1855 1910 Infunditque

1659 1919 1710 1945 222
1722 1921 1855 1953 Locupleti

307 2071 360 2098 200
377 2078 444 2098 nom.
463 2079 511 2098 om.
531 2072 587 2107 [est.
606 2073 691 2099 Man.
710 2073 794 2106 V,34‚
807 2073 822 2099 7
842 2072 916 2100 inter
933 2075 992 2099 tam
1011 2081 1036 2099 v.
1056 2072 1144 2106 ludat]
1164 2071 1276 2099 interim
1295 2071 1418 2106 [Mean.
1438 2071 1532 2106 Mara]
1552 2080 1577 2098 v.
1590 2071 1687 2098 laudat
1706 2071 1854 2107 [Puteaffl]

206 2123 240 2150 10
263 2122 345 2149 VAT.

201 2183 231 2208 p.
249 2175 312 2208 216)
324 2182 347 2201 r.
357 2175 399 2202 72.

207 2227 263 2260 111,
276 2227 328 2254 578
347 2227 458 2262 (infidos
475 2227 587 2262 agitans
608 2228 654 2255 Ge.
673 2227 714 2261 11,
727 2227 799 2262 496.)

206 2338 256 2357 om.
269 2330 348 2365 [Am.
357 2331 394 2363 X,
406 2331 459 2358 644
470 2331 618 2366 irritatque
628 2346 660 2350 —
670 2333 699 2358 et
710 2323 778 2358 voce
790 2330 912 2364 lacessit]
922 2330 1016 2357 irritat
1027 2331 1112 2363 atque
1121 2345 1155 2349 —
1165 2331 1250 2363 atque
1263 2329 1336 2356 ultro
1349 2328 1460 2356 lacessit
1471 2328 1505 2355 34
1519 2327 1565 2354 VA
1570 2327 1598 2354 T.

207 2382 307 2416 (spicil.
326 2382 429 2410 Solem.
448 2383 472 2415 L
486 2383 547 2416 184)
567 2382 656 2409 Emi.
674 2383 734 2410 456.

203 2436 271 2467 poet.
298 2433 336 2461 od.
363 2434 458 2468 Peiper
477 2442 505 2468 p.
530 2434 593 2467 210,
611 2436 635 2461 9.

458 2123 507 2150 201
532 2123 617 2151 Prud.
643 2124 738 2151 Per-ist.
758 2125 797 2157 H,
810 2124 869 2151 274.

468 2176 520 2202 203
537 2175 615 2202 illam
634 2178 677 2203 ter
695 2176 762 2203 Aen.
781 2176 804 2209 I,
818 2177 875 2202 1113.

952 2176 1003 2202 204
1023 2175 1068 2202 Ge.
1085 2175 1175 2208 Ι,292.

887 2227 937 2254 207
957 2226 1134 2261 Instigatque
1155 2226 1242 2252 Hilar.
1265 2226 1332 2252 Gen.
1349 2234 1372 2253 v.
1384 2227 1426 2253 62.

1251 2175 1304 2202 205
1324 2175 1433 2208 Apollin

831 2383 880 2408 211
903 2381 949 2408 Ge.
970 2382 992 2414 I,
1005 2382 1065 2408 288.
1162 2382 1213 2407 212
1232 2380 1318 2406 Prud.
1337 2380 1431 2414 Apoth.

758 2434 809 2460 214
836 2434 878 2465 (In
904 2434 1055 2465 Macetum)
1082 2433 1151 2459 Duc.
1171 2432 1199 2465 V,
1218 2433 1242 2459 2.

207 2486 259 2513 216
276 2485 392 2521 Iapydis
410 2486 537 2521 (Iapygis
555 2486 624 2513 Serv.
643 2488 764 2519 testatur)
783 2494 850 2512 arva
869 2487 957 2518 (arma
978 2485 1056 2512 Rom.
1075 2485 1165 2517 Rern.)
1187 2483 1234 2510 Ge.
1253 2483 1311 2516 HI,
1324 2484 1384 2510 475.

206 2538 259 2564 218
272 2538 342 2564 Stat.
355 2537 429 2565 Theb.
440 2537 493 2571 IV,
505 2539 545 2564 98.

207 2590 260 2616 220
277 2589 370 2616 volam
387 2597 431 2617 me
449 2589 538 2617 solvet
556 2589 626 2617 Hor.
645 2589 734 2623 Epist.
754 2590 779 2623 I,
794 2591 834 2622 16,
848 2590 890 2616 78.

207 2648 294 2674 quare
306 2640 443 2675 —noliml
456 2641 566 2675 quaeris
585 2641 709 2675 [Paean.
728 2641 869 2676 Mart.]-
881 2641 938 2668 noli
959 2641 1090 2675 [Putem]
1112 2641 1144 2666 15
1168 2640 1212 2666 VA
1221 2639 1249 2666 T.

728 2693 780 2719 224
800 2692 895 2719 PAVL
920 2693 965 2726 [est
987 2692 1066 2718 Paul.
1087 2691 1165 2718 Diae.
1189 2691 1235 2717 vol.
1256 2691 1277 2723 I,
1295 2691 1329 2716 39
1351 2689 1425 2716 laud.
1450 2688 1548 2715 Bened.
1567 2689 1608 2715 93.
1627 2687 1812 2722 promoconde
1826 2702 1857 2706 --

1252 2742 1303 2768 225
1329 2740 1535 2775 praeterlabare
1559 2738 1776 2774 (praeterlabere
1800 2738 1857 2771 alit)

208 2693 321 2726 partum
346 2691 432 2719 Prua.
451 2692 533 2719 Ham.
557 2693 615 2719 193.

209 2742 316 2778 lechiti]
339 2743 480 2778 proconde
505 2744 547 2778 [ut
570 2743 650 2771 Paul.
675 2743 804 2778 Quercetd
823 2759 855 2764 —
874 2743 978 2771 lechito
1001 2744 1035 2770 45
1059 2742 1138 2768 VAT.

208 2795 276 2821 Aen.
296 2794 353 2828 111,
366 2795 426 2823 478.

977 2590 1026 2615 221
1047 2589 1106 2615 Ecl.
1126 2588 1167 2621 11,
1179 2589 1221 2615 50.

538 2795 589 2822 226
612 2795 671 2822 Ecl.
691 2795 759 2828 Ῑ,29
782 2795 831 2828 cfr.
849 2795 919 2821 Serv.
938 2795 975 2821 ad
991 2795 1016 2821 h.
1035 2795 1051 2821 l.

973 2124 1025 2150 202
1050 2123 1161 2150 Carmen
1185 2123 1216 2150 de
1241 2122 1356 2150 Sodoma
1385 2123 1441 2155 (cfr.
1461 2122 1589 2157 cyprian.
1611 2125 1677 2156 poet.
1699 2123 1739 2149 ed.
1762 2123 1856 2157 Peiper

1436 2195 1442 2201 .
1463 2174 1544 2207 XVI,
1565 2175 1623 2201 123.
1697 2174 1748 2201 206
1766 2174 1856 2201 Amat.

1533 2226 1585 2252 208
1602 2233 1670 2252 nom.
1689 2233 1738 2252 om.
1758 2224 1812 2259 [sed
1823 2225 1856 2252 35

207 2278 272 2306 vm
286 2279 459 2313 praefigitur,
485 2282 522 2306 est
540 2280 607 2306 Aen.
627 2279 650 2314 Ι,
663 2280 714 2306 399
738 2279 814 2306 Haut
835 2279 918 2306 aliter
941 2278 1116 2313 puppesque]
1140 2278 1203 2304 Hau
1229 2277 1312 2304 aliter
1328 2277 1470 2312 pubesque
1483 2278 1517 2303 36
1536 2276 1618 2303 VAT.

1450 2380 1508 2406 697.

1722 2276 1774 2303 209
1786 2284 1856 2303 mvn.

1668 2327 1720 2354 210
1730 2327 1855 2362 Oylm'oen.

1597 2379 1648 2406 213
1666 2378 1715 2410 cfr.
1730 2377 1856 2413 (haman.

1364 2432 1415 2458 215
1442 2430 1561 2459 Cerealis
1589 2429 1636 2457 Ov.
1659 2430 1726 2456 Her.
1745 2430 1797 2463 IV,
1814 2430 1856 2456 67.

1483 2483 1533 2508 217
1552 2481 1620 2508 Stat.
1647 2481 1723 2508 Uaeb.
1742 2481 1783 2514 H,
1797 2481 1856 2508 377.

616 2539 668 2565 219
686 2539 834 2571 utrumque
852 2539 891 2569 (ut
909 2536 991 2571 codd.)
1012 2536 1106 2563 Claud.
1121 2536 1220 2570 Qiuulr.
1239 2535 1321 2569 apud.
1334 2535 1419 2562 ΜΟ.
1439 2533 1487 2568 (ed.
1498 2533 1580 2560 Hertz
1593 2533 1616 2564 Ι.
1626 2533 1685 2566 484,
1699 2533 1724 2566 7)
1745 2533 1802 2566 IX,
1814 2533 1856 2560 49.

1312 2587 1363 2614 222
1381 2586 1447 2613 IVV
1466 2585 1518 2620 [sed
1535 2588 1574 2611 est
1592 2584 1677 2612 Mart.
1697 2583 1778 2617 VIH,
1791 2585 1831 2618 12,
1842 2585 1856 2610 1

1336 2639 1388 2665 223
1407 2637 1531 2673 (Lichius
1544 2636 1669 2663 Prisc-ima
1682 2636 1704 2668 L
1714 2636 1749 2663 54
1764 2644 1792 2669 p.
1803 2636 1857 2670 41.)
