2040 2996
574 116 757 144 APPENDIX
776 117 824 143 AD
843 116 1045 144 CIPRIANUM
1063 117 1109 144 ΕΤ
1127 117 1335 145 SAMSONEM.
1715 120 1775 152 147

928 229 987 262 XI.

165 286 275 318 ITEM
299 286 431 318 CUIUS
456 286 602 319 SUPRA
627 285 798 328 (SUPER)
823 284 1093 317 SEPULCRUM
1116 285 1446 319 VALENTINIANI
1469 287 1747 319 PRESBITERI.

497 342 600 374 Tecta
622 341 843 374 Valentiniani
866 341 1013 373 membra
1036 341 1117 373 haec
1142 342 1286 374 continet
1309 343 1401 374 aula:

497 394 561 430 Qui
585 393 691 425 Oristo
713 393 873 426 famulans
897 396 1030 425 ornatus
1054 396 1146 425 veste
1171 397 1300 426 sacrata

498 446 549 479 Ad
572 456 666 479 eroes
689 446 774 478 latus
798 449 858 487 est,
882 446 1012 488 sculpta
1032 446 1066 477 in
1087 456 1248 478 marmore
1272 457 1336 479 era.

267 724 597 762 APPENDIX
636 724 715 762 AD
755 723 1121 762 CIPRIANUM
1162 724 1235 760 ET
1275 724 1634 762 SAMSONEM.

232 817 475 871 Hispanorum
480 829 679 870 poematibus
690 839 727 861 ea
738 839 793 861 sea:
803 829 967 868 adcedant,
979 839 1061 870 quae
1072 839 1111 860 ex
1122 829 1224 861 codice
1238 829 1384 862 Toletano
1395 829 1468 871 (cfr.
1481 840 1622 870 suprap.
1641 830 1702 862 125
1714 830 1775 870 sq.)

129 881 284 914 Eroaldus
303 882 476 922 descripsit,
491 882 636 922 mimum
657 881 803 918 Vincenti
822 880 999 919 cuiusdam,
1022 881 1150 912 tertium
1166 880 1379 913 Recceswimli
1400 884 1437 912 ut
1458 882 1629 914 secundum
1653 892 1773 922 quoque

127 934 158 965 si
182 937 263 966 recte
288 934 420 973 conicio,
450 936 600 975 quartum
627 933 823 974 epitaphium
844 943 1023 974 anonymon
1051 933 1135 974 quod
1155 935 1192 964 ut
1215 933 1273 974 Ieyi
1291 935 1398 973 posset
1424 933 1492 965 sinc
1513 933 1580 965 ulla
1602 934 1774 965 reverentia

127 986 305 1025 attrectavi,
328 986 390 1018 duo
412 986 544 1026 deniqtoe
565 986 730 1018 exorcismi
751 996 773 1018 a
794 986 944 1018 monacho
965 985 1102 1026 quodam
1123 985 1415 1017 stmctimonialilms
1435 988 1466 1016 et
1485 985 1642 1026 fratribus
1661 986 1774 1025 scripti

127 1037 207 1070 alter
227 1038 433 1079 rhythmicus,
464 1038 556 1070 cuius
577 1038 680 1078 primi
701 1038 752 1071 VI
767 1049 875 1070 versus
900 1038 984 1070 inter
999 1037 1125 1078 Euqeni
1147 1036 1289 1069 Toletani
1309 1047 1404 1077 «mera
1419 1047 1454 1077 p.
1467 1047 1500 1078 p.
1519 1036 1615 1070 Tolet.
1631 1037 1659 1075 I,
1676 1037 1718 1068 58
1734 1049 1775 1068 111

127 1099 166 1121 ea:
192 1089 328 1122 eiusdem
352 1090 495 1122 Toletani
522 1091 638 1122 codicis
658 1090 786 1131 Euycni
813 1090 991 1122 carminum
1018 1089 1192 1121 collectione
1214 1089 1272 1130 (N.
1287 1089 1329 1121 A.
1350 1089 1412 1127 VI,
1434 1089 1513 1127 317)
1540 1099 1561 1119 a
1583 1089 1770 1121 Lorenzana

126 1141 204 1173 editi
223 1143 324 1180 erant,
346 1141 426 1174 alter
446 1141 568 1183 eleyius,
591 1143 685 1174 cuim
705 1142 836 1174 indiam
857 1142 932 1174 item
952 1141 1042 1182 apud
1064 1141 1281 1173 Lorenzanam
1304 1140 1324 1172 l.
1340 1151 1365 1172 c.
1382 1151 1417 1181 p.
1441 1141 1484 1172 32
1507 1140 1641 1178 XXIX,
1664 1151 1772 1172 versus

124 1193 324 1225 intercalaris
351 1193 428 1226 ibid.
453 1205 489 1234 p.
507 1194 549 1225 58
572 1207 607 1227 ιν
626 1197 655 1226 et
682 1194 772 1235 a1md
792 1193 996 1226 Huebnemm
1023 1193 1141 1226 IHGh.
1164 1195 1229 1226 268
1248 1204 1283 1234 p.
1306 1195 1349 1225 86
1376 1193 1467 1226 titulo
1489 1193 1639 1225 Asturico
1661 1204 1686 1225 s.
1706 1194 1767 1225 XI.

128 1245 299 1278 exhibetur.

411 1385 514 1426 Deus,
537 1386 685 1419 misereri
707 1386 783 1426 mei,
989 1385 1082 1426 deus,
1106 1385 1260 1418 miserere
1283 1385 1357 1425 mei,

410 1438 577 1479 Miserere,
599 1438 766 1479 miserere,
984 1448 1082 1481 parce
1106 1438 1138 1470 in
1161 1438 1306 1480 peccatis
1329 1437 1420 1469 meis.

409 1507 506 1540 Alme
530 1511 638 1540 rector
660 1510 694 1541 et
715 1507 890 1548 redemtor,
985 1517 1107 1539 cernuo
1131 1507 1222 1539 vultu
1243 1516 1424 1550 precamur,

409 1559 473 1597 Qui
496 1560 614 1592 venisti
635 1559 776 1592 liberare
984 1559 1194 1605 sauciumque
1216 1559 1291 1591 telis
1314 1568 1456 1600 gravem.

344 1636 356 1654 ⁵
408 1628 458 1661 Tu
480 1639 532 1661 me
554 1628 660 1662 libers.
682 1628 723 1661 de
746 1629 850 1673 penis,
982 1639 1067 1672 pone
1091 1628 1188 1660 finem
1210 1627 1304 1660 malis
1327 1627 1420 1666 meis,

406 1680 525 1721 Ablue,
549 1691 612 1724 que
634 1683 726 1713 tanta
748 1680 846 1723 gessi,
981 1691 1042 1712 nec
1066 1680 1153 1712 sinas
1176 1679 1306 1712 baratro
1330 1678 1442 1722 mergi.

406 1749 550 1792 Dignum
573 1749 651 1793 quid
673 1750 805 1783 minime
829 1750 892 1793 egi,
980 1749 1040 1782 sed
1063 1759 1193 1792 semper
1215 1749 1247 1780 in
1270 1758 1408 1791 preceps
1432 1748 1492 1787 rui,

406 1801 528 1841 Mente,
552 1812 687 1845 corpore
709 1801 840 1845 deliqui,
977 1801 1169 1833 desiderans
1192 1800 1311 1832 malum
1335 1800 1393 1833 sui.

405 1870 617 1903 peecatorum
639 1870 724 1903 mole
746 1881 889 1914 pressus,
976 1870 1057 1912 erigi
1079 1873 1154 1912 post
1177 1869 1302 1913 lapsum
1326 1869 1473 1909 mallens,

327 1929 352 1948 ¹⁰
405 1922 505 1955 Manu
527 1923 657 1966 porrige
680 1923 807 1956 iacente
976 1925 1010 1954 et
1032 1932 1052 1953 a
1075 1921 1171 1954 sorde
1194 1924 1287 1964 terge
1311 1921 1466 1954 clemens.

405 1992 594 2025 Inmensum
609 1992 730 2025 malum
745 1992 896 2032 infectus,
974 1991 1136 2034 nequiter,
1159 1991 1289 2023 funeste
1311 1990 1437 2029 vibens,

406 2044 511 2087 (Sum)
535 2045 708 2078 lacrimans
731 2045 893 2078 eiulanter
975 2055 1048 2077 cum
1071 2054 1198 2077 merore
1221 2043 1415 2076 obsecranti.

404 2114 503 2147 Solve
525 2114 688 2147 vinculum
711 2114 834 2155 delicti,
975 2114 1091 2157 excipe
1114 2124 1245 2156 precem
1267 2113 1428 2156 poscenti,

404 2165 582 2198 Confitenti
605 2166 670 2199 iam
694 2169 786 2199 reatu
971 2165 1132 2209 depende,
1157 2164 1243 2207 quod
1265 2165 1474 2208 supplicatur.

326 2242 349 2262 ¹⁵
401 2235 497 2268 Edidi
521 2246 557 2268 os
579 2245 694 2268 versus
716 2235 803 2268 idem
969 2235 1072 2267 tristis
1096 2237 1130 2266 et
1152 2244 1282 2266 amarus
1305 2233 1445 2276 quidem,

403 2287 527 2320 zabulo
550 2287 605 2319 diu
627 2287 779 2320 consensi
971 2285 1166 2319 Vincentius
1190 2296 1252 2328 ego
1274 2285 1354 2328 ipse.

400 2356 596 2399 Miscerique
619 2356 742 2388 sanctis
766 2356 830 2388 tuis
972 2366 1037 2387 non
1061 2354 1187 2387 confido
1210 2354 1302 2386 bonis
1325 2354 1418 2395 meis,

400 2407 526 2440 Nactus
549 2408 678 2441 veniam
702 2408 870 2440 conmissi:
973 2407 1133 2450 propitius
1157 2409 1226 2438 esto
1249 2405 1336 2438 mici.

401 2477 514 2510 Gloria
535 2476 604 2518 tibi,
628 2479 765 2517 creator,
970 2475 1083 2518 gloria,
1106 2475 1252 2507 inmense
1275 2476 1367 2506 nate:

321 2537 347 2557 ²⁰
397 2528 556 2562 Vainlsns
580 2538 708 2562 crucem
731 2528 884 2572 supplicii
969 2537 1097 2559 omnem
1119 2525 1273 2558 mundum
1297 2525 1472 2559 redemisti.

215 2640 280 2676 [xl]
299 2642 398 2668 titulum
416 2643 500 2676 mppl.
513 2641 557 2668 Fl.
644 2641 661 2667 3
679 2651 736 2668 eros
753 2641 778 2667 T
791 2650 856 2667 coo-r.
871 2641 899 2666 F
899 2642 915 2666 l.

213 2684 223 2718 ΙΙ
237 2684 278 2719 [L]
302 2686 396 2712 Versus
408 2685 535 2711 Vincentii
546 2694 638 2711 manua
660 2693 748 2711 recem
770 2693 896 2718 ευμεν-ιον.
988 2682 1005 2708 4
1023 2682 1074 2708 *απ
1092 2682 1149 2708 lave
1161 2682 1174 2707 ‘3
1269 2680 1283 2707 7
1307 2681 1347 2706 rui
1369 2680 1483 2706 <zvarnai
1500 2680 1525 2706 T
1598 2680 1616 2706 8
1638 2679 1751 2714 mente]

112 2732 196 2754 monte
213 2729 266 2761 llllt'l
282 2733 307 2754 ot
324 2729 348 2753 T
422 2728 454 2754 ll
473 2728 596 2755 *infectas
612 2729 636 2753 T
714 2727 746 2754 12
763 2727 826 2761 *pro
844 2729 906 2753 Sum
925 2727 995 2752 locus
1012 2734 1107 2751 vacuus
1123 2725 1151 2750 in
1169 2724 1193 2749 T
1267 2723 1300 2749 18
1316 2724 1353 2749 ad
1370 2725 1466 2750 Nactus
1483 2724 1510 2749 in
1519 2732 1599 2757 mai-q.
1612 2729 1716 2757 sceptus
1733 2723 1757 2748 Τ

111 2770 233 2797 *conmini
250 2771 275 2796 T
356 2771 389 2798 19
402 2776 462 2806 pone
479 2775 538 2798 nnte
554 2780 642 2797 ram.
659 2771 684 2796 T

515 2827 519 2831 -
1498 2812 1551 2839 19*
