<?xml version="1.0" encoding="UTF-8"?>
<!DOCTYPE html PUBLIC "-//W3C//DTD XHTML 1.0 Transitional//EN"
    "http://www.w3.org/TR/xhtml1/DTD/xhtml1-transitional.dtd">
<html xmlns="http://www.w3.org/1999/xhtml" xml:lang="en" lang="en">
 <head>
  <title>
</title>
<meta http-equiv="Content-Type" content="text/html;charset=utf-8" />
  <meta name='ocr-system' content='tesseract 3.04.00' />
  <meta name='ocr-capabilities' content='ocr_page ocr_carea ocr_par ocr_line ocrx_word'/>
</head>
<body>
  <div class='ocr_page' id='page_1' title='image "./monumentagerma03geseuoft/monumentagerma03geseuoft_0282.png"; bbox 0 0 2092 3094; ppageno 0'>
   <div class='ocr_carea' id='block_1_1' title="bbox 248 110 1299 144">
    <p class='ocr_par' dir='ltr' id='par_1_1' title="bbox 248 110 1299 144">
     <span class='ocr_line' id='line_1_1' title="bbox 248 110 1299 144; baseline -0.007 0"><span class='ocrx_word' id='word_1_1' title='bbox 248 115 311 144; x_wconf 80' lang='lat'><em>266</em></span> <span class='ocrx_word' id='word_1_2' title='bbox 849 111 1015 138; x_wconf 47' lang='lat' dir='ltr'>&amp;ARMINA</span> <span class='ocrx_word' id='word_1_3' title='bbox 1035 110 1299 138; x_wconf 79' lang='lat' dir='ltr'>CENTULENSIA.</span> 
     </span>
    </p>
   </div>
   <div class='ocr_carea' id='block_1_2' title="bbox 246 197 1904 1640">
    <p class='ocr_par' dir='ltr' id='par_1_2' title="bbox 248 197 1896 342">
     <span class='ocr_line' id='line_1_2' title="bbox 250 197 1894 239; baseline -0.001 -10"><span class='ocrx_word' id='word_1_4' title='bbox 250 199 392 230; x_wconf 70' lang='lat' dir='ltr'><em>Berliiere</em></span> <span class='ocrx_word' id='word_1_5' title='bbox 414 208 559 237; x_wconf 70' lang='lat' dir='ltr'><em>promens</em></span> <span class='ocrx_word' id='word_1_6' title='bbox 582 208 644 228; x_wconf 81' lang='lat' dir='ltr'><em>non</em></span> <span class='ocrx_word' id='word_1_7' title='bbox 668 198 760 229; x_wconf 57' lang='lat' dir='ltr'><em>‘nulla</em></span> <span class='ocrx_word' id='word_1_8' title='bbox 784 209 798 229; x_wconf 86' lang='lat' dir='ltr'><em>e</em></span> <span class='ocrx_word' id='word_1_9' title='bbox 821 198 920 229; x_wconf 85' lang='lat' dir='ltr'><em>coaiec</em></span> <span class='ocrx_word' id='word_1_10' title='bbox 944 199 1048 228; x_wconf 76' lang='lat'><strong><em>10470</em></strong></span> <span class='ocrx_word' id='word_1_11' title='bbox 1071 208 1092 228; x_wconf 90' lang='lat' dir='ltr'><em>a</em></span> <span class='ocrx_word' id='word_1_12' title='bbox 1114 208 1145 229; x_wconf 83' lang='lat' dir='ltr'><em>se</em></span> <span class='ocrx_word' id='word_1_13' title='bbox 1170 198 1303 237; x_wconf 71' lang='lat' dir='ltr'><em>inspecto</em></span> <span class='ocrx_word' id='word_1_14' title='bbox 1320 197 1470 229; x_wconf 80' lang='lat' dir='ltr'><em>iudicium</em></span> <span class='ocrx_word' id='word_1_15' title='bbox 1484 199 1643 238; x_wconf 71' lang='lat' dir='ltr'><em>praestitit</em></span> <span class='ocrx_word' id='word_1_16' title='bbox 1661 197 1894 239; x_wconf 67' lang='grc' dir='ltr'><em>ιῖησονηιρίιιηι1</em></span> 
     </span>
     <span class='ocr_line' id='line_1_3' title="bbox 250 249 1896 290; baseline -0.001 -9"><span class='ocrx_word' id='word_1_17' title='bbox 250 260 305 281; x_wconf 83' lang='lat' dir='ltr'><em>uec</em></span> <span class='ocrx_word' id='word_1_18' title='bbox 328 253 431 281; x_wconf 79' lang='lat' dir='ltr'><em>tamen</em></span> <span class='ocrx_word' id='word_1_19' title='bbox 455 251 548 280; x_wconf 82' lang='lat' dir='ltr'><em>lotam</em></span> <span class='ocrx_word' id='word_1_20' title='bbox 572 250 781 289; x_wconf 79' lang='lat' dir='ltr'><em>quaestionem</em></span> <span class='ocrx_word' id='word_1_21' title='bbox 800 250 998 290; x_wconf 74' lang='lat' dir='ltr'><em>profligyaoit,</em></span> <span class='ocrx_word' id='word_1_22' title='bbox 1022 250 1111 281; x_wconf 87' lang='lat' dir='ltr'><em>cuius</em></span> <span class='ocrx_word' id='word_1_23' title='bbox 1133 260 1252 281; x_wconf 85' lang='lat' dir='ltr'><em>summa</em></span> <span class='ocrx_word' id='word_1_24' title='bbox 1276 250 1311 280; x_wconf 84' lang='lat' dir='ltr'><em>in</em></span> <span class='ocrx_word' id='word_1_25' title='bbox 1334 259 1367 280; x_wconf 86' lang='lat' dir='ltr'><em>co</em></span> <span class='ocrx_word' id='word_1_26' title='bbox 1389 253 1549 288; x_wconf 83' lang='lat' dir='ltr'><em>versatur,</em></span> <span class='ocrx_word' id='word_1_27' title='bbox 1580 252 1615 281; x_wconf 85' lang='lat' dir='ltr'><em>ut</em></span> <span class='ocrx_word' id='word_1_28' title='bbox 1642 252 1720 282; x_wconf 82' lang='lat' dir='ltr'><em>reete</em></span> <span class='ocrx_word' id='word_1_29' title='bbox 1742 249 1896 280; x_wconf 84' lang='lat' dir='ltr'><em>iudicetur</em></span> 
     </span>
     <span class='ocr_line' id='line_1_4' title="bbox 248 301 794 342; baseline 0.004 -11"><span class='ocrx_word' id='word_1_30' title='bbox 248 302 362 342; x_wconf 74' lang='lat' dir='ltr'><em>sylloyc</em></span> <span class='ocrx_word' id='word_1_31' title='bbox 385 301 532 340; x_wconf 80' lang='lat' dir='ltr'><em>quomodo</em></span> <span class='ocrx_word' id='word_1_32' title='bbox 554 301 595 332; x_wconf 89' lang='lat' dir='ltr'><em>sit</em></span> <span class='ocrx_word' id='word_1_33' title='bbox 618 302 794 341; x_wconf 76' lang='lat' dir='ltr'><em>composita.</em></span> 
     </span>
    </p>

    <p class='ocr_par' dir='ltr' id='par_1_3' title="bbox 247 351 1900 860">
     <span class='ocr_line' id='line_1_5' title="bbox 350 351 1896 394; baseline -0.001 -10"><span class='ocrx_word' id='word_1_34' title='bbox 350 356 380 384; x_wconf 70' lang='lat'><em>2.</em></span> <span class='ocrx_word' id='word_1_35' title='bbox 416 352 504 391; x_wconf 86' lang='lat' dir='ltr'><em>Duo,</em></span> <span class='ocrx_word' id='word_1_36' title='bbox 533 353 562 383; x_wconf 85' lang='lat' dir='ltr'><em>si</em></span> <span class='ocrx_word' id='word_1_37' title='bbox 585 355 704 392; x_wconf 66' lang='lat' dir='ltr'><em>spectas</em></span> <span class='ocrx_word' id='word_1_38' title='bbox 726 354 760 384; x_wconf 83' lang='lat' dir='ltr'><em>in</em></span> <span class='ocrx_word' id='word_1_39' title='bbox 784 354 980 390; x_wconf 82' lang='lat' dir='ltr'><em>universum,</em></span> <span class='ocrx_word' id='word_1_40' title='bbox 1011 352 1190 384; x_wconf 79' lang='lat' dir='ltr'><em>huiusmodi</em></span> <span class='ocrx_word' id='word_1_41' title='bbox 1211 353 1402 394; x_wconf 66' lang='lat' dir='ltr'><em>sylloqarum</em></span> <span class='ocrx_word' id='word_1_42' title='bbox 1425 363 1538 394; x_wconf 70' lang='lat' dir='ltr'><em>qenera</em></span> <span class='ocrx_word' id='word_1_43' title='bbox 1562 355 1636 384; x_wconf 88' lang='lat' dir='ltr'><em>sunt</em></span> <span class='ocrx_word' id='word_1_44' title='bbox 1658 351 1896 393; x_wconf 71' lang='lat' dir='ltr'><em>distinyuenda:</em></span> 
     </span>
     <span class='ocr_line' id='line_1_6' title="bbox 249 403 1898 446; baseline -0.001 -10"><span class='ocrx_word' id='word_1_45' title='bbox 249 415 347 436; x_wconf 49' lang='lat' dir='ltr'><em>*linum</em></span> <span class='ocrx_word' id='word_1_46' title='bbox 377 415 499 442; x_wconf 78' lang='lat' dir='ltr'><em>earum,</em></span> <span class='ocrx_word' id='word_1_47' title='bbox 532 415 611 444; x_wconf 81' lang='lat' dir='ltr'><em>quae</em></span> <span class='ocrx_word' id='word_1_48' title='bbox 642 405 681 436; x_wconf 84' lang='lat' dir='ltr'><em>ab</em></span> <span class='ocrx_word' id='word_1_49' title='bbox 709 405 789 446; x_wconf 85' lang='lat' dir='ltr'><em>ipsis</em></span> <span class='ocrx_word' id='word_1_50' title='bbox 818 404 1021 445; x_wconf 70' lang='lat' dir='ltr'><em>scriptoribus</em></span> <span class='ocrx_word' id='word_1_51' title='bbox 1047 405 1328 444; x_wconf 71' lang='lat' dir='ltr'><em>proficiscebantur</em></span> <span class='ocrx_word' id='word_1_52' title='bbox 1356 415 1415 444; x_wconf 77' lang='lat' dir='ltr'><em>quo</em></span> <span class='ocrx_word' id='word_1_53' title='bbox 1444 415 1536 445; x_wconf 73' lang='lat' dir='ltr'><em>opera</em></span> <span class='ocrx_word' id='word_1_54' title='bbox 1566 405 1753 446; x_wconf 78' lang='lat' dir='ltr'><em>sinyillatim</em></span> <span class='ocrx_word' id='word_1_55' title='bbox 1785 403 1898 435; x_wconf 83' lang='lat' dir='ltr'><em>emissa</em></span> 
     </span>
     <span class='ocr_line' id='line_1_7' title="bbox 248 456 1897 497; baseline -0.002 -9"><span class='ocrx_word' id='word_1_56' title='bbox 248 457 371 488; x_wconf 78' lang='lat' dir='ltr'><em>ederent</em></span> <span class='ocrx_word' id='word_1_57' title='bbox 395 457 560 488; x_wconf 83' lang='lat' dir='ltr'><em>coniuncta</em></span> <span class='ocrx_word' id='word_1_58' title='bbox 577 457 753 496; x_wconf 75' lang='lat' dir='ltr'><em>pristinam</em></span> <span class='ocrx_word' id='word_1_59' title='bbox 781 459 810 488; x_wconf 85' lang='lat' dir='ltr'><em>et</em></span> <span class='ocrx_word' id='word_1_60' title='bbox 828 467 888 496; x_wconf 75' lang='lat' dir='ltr'><em>per</em></span> <span class='ocrx_word' id='word_1_61' title='bbox 915 466 946 488; x_wconf 89' lang='lat' dir='ltr'><em>se</em></span> <span class='ocrx_word' id='word_1_62' title='bbox 974 458 1098 497; x_wconf 74' lang='lat' dir='ltr'><em>yratam</em></span> <span class='ocrx_word' id='word_1_63' title='bbox 1126 457 1305 488; x_wconf 74' lang='lat' dir='ltr'><em>memoriam</em></span> <span class='ocrx_word' id='word_1_64' title='bbox 1328 457 1507 496; x_wconf 72' lang='lat' dir='ltr'><em>posteritati</em></span> <span class='ocrx_word' id='word_1_65' title='bbox 1535 456 1719 488; x_wconf 87' lang='lat' dir='ltr'><em>mandaturi</em></span> <span class='ocrx_word' id='word_1_66' title='bbox 1726 467 1736 494; x_wconf 93' lang='lat'><em>;</em></span> <span class='ocrx_word' id='word_1_67' title='bbox 1763 456 1897 487; x_wconf 83' lang='lat' dir='ltr'><em>alterum</em></span> 
     </span>
     <span class='ocr_line' id='line_1_8' title="bbox 251 508 1898 548; baseline -0.001 -9"><span class='ocrx_word' id='word_1_68' title='bbox 251 509 340 548; x_wconf 78' lang='lat' dir='ltr'><em>idque</em></span> <span class='ocrx_word' id='word_1_69' title='bbox 363 508 461 539; x_wconf 84' lang='lat' dir='ltr'><em>medio</em></span> <span class='ocrx_word' id='word_1_70' title='bbox 483 518 556 539; x_wconf 86' lang='lat' dir='ltr'><em>aevo</em></span> <span class='ocrx_word' id='word_1_71' title='bbox 579 508 675 540; x_wconf 88' lang='lat' dir='ltr'><em>multo</em></span> <span class='ocrx_word' id='word_1_72' title='bbox 697 509 855 546; x_wconf 80' lang='lat' dir='ltr'><em>usitatius,</em></span> <span class='ocrx_word' id='word_1_73' title='bbox 879 508 960 548; x_wconf 81' lang='lat' dir='ltr'><em>quod</em></span> <span class='ocrx_word' id='word_1_74' title='bbox 982 518 1071 540; x_wconf 81' lang='lat' dir='ltr'><em>serva</em></span> <span class='ocrx_word' id='word_1_75' title='bbox 1087 509 1280 539; x_wconf 76' lang='lat' dir='ltr'><em>imitatorum</em></span> <span class='ocrx_word' id='word_1_76' title='bbox 1295 518 1407 540; x_wconf 86' lang='lat' dir='ltr'><em>manus</em></span> <span class='ocrx_word' id='word_1_77' title='bbox 1422 509 1538 540; x_wconf 83' lang='lat' dir='ltr'><em>solebat</em></span> <span class='ocrx_word' id='word_1_78' title='bbox 1553 509 1698 548; x_wconf 76' lang='lat' dir='ltr'><em>conficere</em></span> <span class='ocrx_word' id='word_1_79' title='bbox 1720 517 1780 548; x_wconf 78' lang='lat' dir='ltr'><em>quo</em></span> <span class='ocrx_word' id='word_1_80' title='bbox 1795 509 1898 538; x_wconf 85' lang='lat' dir='ltr'><em>vetera</em></span> 
     </span>
     <span class='ocr_line' id='line_1_9' title="bbox 247 556 1899 601; baseline -0.002 -10"><span class='ocrx_word' id='word_1_81' title='bbox 247 560 439 600; x_wconf 76' lang='lat' dir='ltr'><em>probataque</em></span> <span class='ocrx_word' id='word_1_82' title='bbox 467 559 647 591; x_wconf 69' lang='lat' dir='ltr'><em>cccli-iberent</em></span> <span class='ocrx_word' id='word_1_83' title='bbox 676 560 800 592; x_wconf 88' lang='lat' dir='ltr'><em>collecta</em></span> <span class='ocrx_word' id='word_1_84' title='bbox 834 560 962 592; x_wconf 82' lang='lat' dir='ltr'><em>redacta</em></span> <span class='ocrx_word' id='word_1_85' title='bbox 994 560 1220 592; x_wconf 84' lang='lat' dir='ltr'><em>accommodata</em></span> <span class='ocrx_word' id='word_1_86' title='bbox 1254 560 1527 592; x_wconf 67' lang='lat' dir='ltr'><em>subministratum</em></span> <span class='ocrx_word' id='word_1_87' title='bbox 1563 559 1634 591; x_wconf 83' lang='lat' dir='ltr'><em>inde</em></span> <span class='ocrx_word' id='word_1_88' title='bbox 1662 558 1822 601; x_wconf 83' lang='lat' dir='ltr'><em>formulas</em></span> <span class='ocrx_word' id='word_1_89' title='bbox 1855 556 1899 588; x_wconf 83' lang='lat' dir='ltr'><em>ad</em></span> 
     </span>
     <span class='ocr_line' id='line_1_10' title="bbox 248 608 1898 650; baseline -0.002 -7"><span class='ocrx_word' id='word_1_90' title='bbox 248 622 360 643; x_wconf 77' lang='lat' dir='ltr'><em>novum</em></span> <span class='ocrx_word' id='word_1_91' title='bbox 391 621 483 642; x_wconf 86' lang='lat' dir='ltr'><em>usum</em></span> <span class='ocrx_word' id='word_1_92' title='bbox 507 611 641 643; x_wconf 86' lang='lat' dir='ltr'><em>idoneas.</em></span> <span class='ocrx_word' id='word_1_93' title='bbox 687 612 797 644; x_wconf 89' lang='lat' dir='ltr'><em>Altero</em></span> <span class='ocrx_word' id='word_1_94' title='bbox 826 612 1025 644; x_wconf 76' lang='lat' dir='ltr'><em>consulebant</em></span> <span class='ocrx_word' id='word_1_95' title='bbox 1055 612 1300 650; x_wconf 79' lang='lat' dir='ltr'><em>immortalitati,</em></span> <span class='ocrx_word' id='word_1_96' title='bbox 1330 612 1428 644; x_wconf 86' lang='lat' dir='ltr'><em>altero</em></span> <span class='ocrx_word' id='word_1_97' title='bbox 1451 612 1593 644; x_wconf 83' lang='lat' dir='ltr'><em>utilitati.</em></span> <span class='ocrx_word' id='word_1_98' title='bbox 1639 611 1748 642; x_wconf 86' lang='lat' dir='ltr'><em>Huius</em></span> <span class='ocrx_word' id='word_1_99' title='bbox 1775 608 1898 650; x_wconf 77' lang='lat' dir='ltr'><em>yeneris</em></span> 
     </span>
     <span class='ocr_line' id='line_1_11' title="bbox 249 661 1899 704; baseline -0.002 -9"><span class='ocrx_word' id='word_1_100' title='bbox 249 666 293 695; x_wconf 87' lang='lat' dir='ltr'><em>cst</em></span> <span class='ocrx_word' id='word_1_101' title='bbox 315 664 437 704; x_wconf 77' lang='lat' dir='ltr'><em>syll09e‚</em></span> <span class='ocrx_word' id='word_1_102' title='bbox 461 674 553 703; x_wconf 81' lang='lat' dir='ltr'><em>quam</em></span> <span class='ocrx_word' id='word_1_103' title='bbox 570 664 626 703; x_wconf 72' lang='lat' dir='ltr'><em>qui·</em></span> <span class='ocrx_word' id='word_1_104' title='bbox 644 663 883 695; x_wconf 78' lang='lat' dir='ltr'><em>Bruxellensem</em></span> <span class='ocrx_word' id='word_1_105' title='bbox 907 664 1032 703; x_wconf 71' lang='lat' dir='ltr'><em>scripsit</em></span> <span class='ocrx_word' id='word_1_106' title='bbox 1055 664 1172 695; x_wconf 86' lang='lat' dir='ltr'><em>volebat</em></span> <span class='ocrx_word' id='word_1_107' title='bbox 1195 663 1339 700; x_wconf 85' lang='lat' dir='ltr'><em>condere;</em></span> <span class='ocrx_word' id='word_1_108' title='bbox 1363 664 1453 695; x_wconf 87' lang='lat' dir='ltr'><em>illius</em></span> <span class='ocrx_word' id='word_1_109' title='bbox 1474 666 1573 702; x_wconf 86' lang='lat' dir='ltr'><em>erant,</em></span> <span class='ocrx_word' id='word_1_110' title='bbox 1596 673 1676 703; x_wconf 80' lang='lat' dir='ltr'><em>quas</em></span> <span class='ocrx_word' id='word_1_111' title='bbox 1697 661 1842 694; x_wconf 77' lang='lat' dir='ltr'><em>adhibuit</em></span> <span class='ocrx_word' id='word_1_112' title='bbox 1863 661 1899 692; x_wconf 89' lang='lat' dir='ltr'><em>in</em></span> 
     </span>
     <span class='ocr_line' id='line_1_12' title="bbox 249 712 1899 756; baseline -0.002 -10"><span class='ocrx_word' id='word_1_113' title='bbox 249 715 415 747; x_wconf 84' lang='lat' dir='ltr'><em>condendo.</em></span> <span class='ocrx_word' id='word_1_114' title='bbox 449 715 597 752; x_wconf 84' lang='lat' dir='ltr'><em>Nomina,</em></span> <span class='ocrx_word' id='word_1_115' title='bbox 614 717 649 746; x_wconf 88' lang='lat' dir='ltr'><em>ut</em></span> <span class='ocrx_word' id='word_1_116' title='bbox 664 717 708 747; x_wconf 85' lang='lat' dir='ltr'><em>est</em></span> <span class='ocrx_word' id='word_1_117' title='bbox 723 715 865 747; x_wconf 87' lang='lat' dir='ltr'>MICON</span> <span class='ocrx_word' id='word_1_118' title='bbox 869 716 910 747; x_wconf 86' lang='lat' dir='ltr'><em>IS</em></span> <span class='ocrx_word' id='word_1_119' title='bbox 928 715 1111 755; x_wconf 87' lang='lat' dir='ltr'><em>(CLXXI),</em></span> <span class='ocrx_word' id='word_1_120' title='bbox 1135 717 1162 746; x_wconf 85' lang='lat' dir='ltr'><em>et</em></span> <span class='ocrx_word' id='word_1_121' title='bbox 1175 715 1374 755; x_wconf 76' lang='lat' dir='ltr'><em>pronomina,</em></span> <span class='ocrx_word' id='word_1_122' title='bbox 1391 717 1425 747; x_wconf 86' lang='lat' dir='ltr'><em>ut</em></span> <span class='ocrx_word' id='word_1_123' title='bbox 1441 714 1654 747; x_wconf 81' lang='lat' dir='ltr'><strong>NOSTRVM</strong></span> <span class='ocrx_word' id='word_1_124' title='bbox 1672 713 1742 756; x_wconf 83' lang='lat' dir='ltr'><em>(CL</em></span> <span class='ocrx_word' id='word_1_125' title='bbox 1757 714 1792 744; x_wconf 90' lang='lat' dir='ltr'><em>in</em></span> <span class='ocrx_word' id='word_1_126' title='bbox 1808 712 1899 744; x_wconf 87' lang='lat' dir='ltr'><em>titulo</em></span> 
     </span>
     <span class='ocr_line' id='line_1_13' title="bbox 247 764 1900 808; baseline -0.002 -10"><span class='ocrx_word' id='word_1_127' title='bbox 247 767 304 807; x_wconf 79' lang='lat' dir='ltr'><em>qui</em></span> <span class='ocrx_word' id='word_1_128' title='bbox 335 769 380 798; x_wconf 89' lang='lat' dir='ltr'><em>est</em></span> <span class='ocrx_word' id='word_1_129' title='bbox 402 766 464 799; x_wconf 94' lang='lat' dir='ltr'><em>AD</em></span> <span class='ocrx_word' id='word_1_130' title='bbox 489 766 706 798; x_wconf 83' lang='lat' dir='ltr'>ABBATEM</span> <span class='ocrx_word' id='word_1_131' title='bbox 729 767 968 808; x_wconf 84' lang='lat' dir='ltr'><em>NOSTRVM),</em></span> <span class='ocrx_word' id='word_1_132' title='bbox 997 767 1094 798; x_wconf 79' lang='lat' dir='ltr'><em>deleri</em></span> <span class='ocrx_word' id='word_1_133' title='bbox 1126 769 1229 806; x_wconf 75' lang='lat' dir='ltr'><em>coepta</em></span> <span class='ocrx_word' id='word_1_134' title='bbox 1259 769 1333 798; x_wconf 88' lang='lat' dir='ltr'><em>sunt</em></span> <span class='ocrx_word' id='word_1_135' title='bbox 1362 767 1454 808; x_wconf 71' lang='lat' dir='ltr'><em>siyna</em></span> <span class='ocrx_word' id='word_1_136' title='bbox 1481 767 1590 805; x_wconf 79' lang='lat' dir='ltr'><em>huius,</em></span> <span class='ocrx_word' id='word_1_137' title='bbox 1622 766 1753 807; x_wconf 74' lang='lat' dir='ltr'><em>vestiyia</em></span> <span class='ocrx_word' id='word_1_138' title='bbox 1779 764 1900 796; x_wconf 79' lang='lat' dir='ltr'><em>ordinis</em></span> 
     </span>
     <span class='ocr_line' id='line_1_14' title="bbox 250 819 1244 860; baseline 0 -10"><span class='ocrx_word' id='word_1_139' title='bbox 250 821 420 860; x_wconf 79' lang='lat' dir='ltr'><em>temporum</em></span> <span class='ocrx_word' id='word_1_140' title='bbox 436 828 498 858; x_wconf 73' lang='lat' dir='ltr'><em>per</em></span> <span class='ocrx_word' id='word_1_141' title='bbox 520 819 696 850; x_wconf 78' lang='lat' dir='ltr'><em>carminum</em></span> <span class='ocrx_word' id='word_1_142' title='bbox 718 820 829 851; x_wconf 87' lang='lat' dir='ltr'><em>seriem</em></span> <span class='ocrx_word' id='word_1_143' title='bbox 851 820 967 851; x_wconf 83' lang='lat' dir='ltr'><em>servati</em></span> <span class='ocrx_word' id='word_1_144' title='bbox 990 820 1082 860; x_wconf 64' lang='lat' dir='ltr'><em>signa</em></span> <span class='ocrx_word' id='word_1_145' title='bbox 1106 819 1244 851; x_wconf 85' lang='lat' dir='ltr'><em>illarum.</em></span> 
     </span>
    </p>

    <p class='ocr_par' dir='ltr' id='par_1_4' title="bbox 249 869 1902 1067">
     <span class='ocr_line' id='line_1_15' title="bbox 355 869 1900 911; baseline -0.001 -9"><span class='ocrx_word' id='word_1_146' title='bbox 355 870 442 910; x_wconf 76' lang='lat' dir='ltr'><em>Quae</em></span> <span class='ocrx_word' id='word_1_147' title='bbox 473 873 576 902; x_wconf 89' lang='lat' dir='ltr'><em>autem</em></span> <span class='ocrx_word' id='word_1_148' title='bbox 601 871 823 903; x_wconf 62' lang='lat' dir='ltr'><em>Bruzcellensis</em></span> <span class='ocrx_word' id='word_1_149' title='bbox 852 871 926 902; x_wconf 85' lang='lat' dir='ltr'><em>libri</em></span> <span class='ocrx_word' id='word_1_150' title='bbox 952 871 1056 903; x_wconf 86' lang='lat' dir='ltr'><em>scriba</em></span> <span class='ocrx_word' id='word_1_151' title='bbox 1088 881 1150 902; x_wconf 86' lang='lat' dir='ltr'><em>non</em></span> <span class='ocrx_word' id='word_1_152' title='bbox 1179 871 1276 902; x_wconf 87' lang='lat' dir='ltr'><em>nimis</em></span> <span class='ocrx_word' id='word_1_153' title='bbox 1300 871 1450 902; x_wconf 80' lang='lat' dir='ltr'><em>tenaciter</em></span> <span class='ocrx_word' id='word_1_154' title='bbox 1478 870 1551 903; x_wconf 88' lang='lat' dir='ltr'><em>olim</em></span> <span class='ocrx_word' id='word_1_155' title='bbox 1578 869 1816 911; x_wconf 77' lang='lat' dir='ltr'><em>conylutinavit,</em></span> <span class='ocrx_word' id='word_1_156' title='bbox 1843 878 1900 900; x_wconf 89' lang='lat' dir='ltr'><em>nos</em></span> 
     </span>
     <span class='ocr_line' id='line_1_16' title="bbox 250 922 1901 964; baseline -0.001 -11"><span class='ocrx_word' id='word_1_157' title='bbox 250 932 286 953; x_wconf 85' lang='lat' dir='ltr'><em>ea</em></span> <span class='ocrx_word' id='word_1_158' title='bbox 308 922 456 962; x_wconf 76' lang='lat' dir='ltr'><em>hodieque</em></span> <span class='ocrx_word' id='word_1_159' title='bbox 478 932 542 954; x_wconf 92' lang='lat' dir='ltr'><em>non</em></span> <span class='ocrx_word' id='word_1_160' title='bbox 565 923 664 955; x_wconf 87' lang='lat' dir='ltr'><em>solum</em></span> <span class='ocrx_word' id='word_1_161' title='bbox 686 934 701 954; x_wconf 93' lang='lat' dir='ltr'><em>c</em></span> <span class='ocrx_word' id='word_1_162' title='bbox 724 923 935 955; x_wconf 81' lang='lat' dir='ltr'><em>commissuris</em></span> <span class='ocrx_word' id='word_1_163' title='bbox 956 923 1103 954; x_wconf 65' lang='lat' dir='ltr'><em>relaxare</em></span> <span class='ocrx_word' id='word_1_164' title='bbox 1121 932 1302 963; x_wconf 75' lang='lat' dir='ltr'><em>possumus,</em></span> <span class='ocrx_word' id='word_1_165' title='bbox 1333 922 1401 961; x_wconf 86' lang='lat' dir='ltr'><em>sed,</em></span> <span class='ocrx_word' id='word_1_166' title='bbox 1429 923 1459 954; x_wconf 87' lang='lat' dir='ltr'><em>si</em></span> <span class='ocrx_word' id='word_1_167' title='bbox 1481 924 1650 964; x_wconf 74' lang='lat' dir='ltr'><em>temporum</em></span> <span class='ocrx_word' id='word_1_168' title='bbox 1672 923 1762 953; x_wconf 88' lang='lat' dir='ltr'><em>notas</em></span> <span class='ocrx_word' id='word_1_169' title='bbox 1784 922 1813 952; x_wconf 91' lang='lat' dir='ltr'><em>et</em></span> <span class='ocrx_word' id='word_1_170' title='bbox 1835 930 1901 951; x_wconf 83' lang='lat' dir='ltr'><em>ver-</em></span> 
     </span>
     <span class='ocr_line' id='line_1_17' title="bbox 249 972 1902 1015; baseline -0.001 -10"><span class='ocrx_word' id='word_1_171' title='bbox 249 973 356 1005; x_wconf 84' lang='lat' dir='ltr'><em>borum</em></span> <span class='ocrx_word' id='word_1_172' title='bbox 380 984 583 1014; x_wconf 77' lang='lat' dir='ltr'><em>versuumque</em></span> <span class='ocrx_word' id='word_1_173' title='bbox 605 977 704 1006; x_wconf 87' lang='lat' dir='ltr'><em>artem</em></span> <span class='ocrx_word' id='word_1_174' title='bbox 726 975 762 1006; x_wconf 87' lang='lat' dir='ltr'><em>in</em></span> <span class='ocrx_word' id='word_1_175' title='bbox 785 975 920 1015; x_wconf 72' lang='lat' dir='ltr'><em>sinqulis</em></span> <span class='ocrx_word' id='word_1_176' title='bbox 943 975 1137 1006; x_wconf 82' lang='lat' dir='ltr'><em>carminibus</em></span> <span class='ocrx_word' id='word_1_177' title='bbox 1156 975 1327 1014; x_wconf 80' lang='lat' dir='ltr'><em>prudenter</em></span> <span class='ocrx_word' id='word_1_178' title='bbox 1350 974 1587 1013; x_wconf 85' lang='lat' dir='ltr'><em>observabimus,</em></span> <span class='ocrx_word' id='word_1_179' title='bbox 1609 974 1702 1005; x_wconf 86' lang='lat' dir='ltr'><em>etiam</em></span> <span class='ocrx_word' id='word_1_180' title='bbox 1718 972 1902 1013; x_wconf 78' lang='lat' dir='ltr'><em>plenissime</em></span> 
     </span>
     <span class='ocr_line' id='line_1_18' title="bbox 251 1026 1900 1067; baseline -0.002 -10"><span class='ocrx_word' id='word_1_181' title='bbox 251 1026 425 1058; x_wconf 79' lang='lat' dir='ltr'><em>dissolvere.</em></span> <span class='ocrx_word' id='word_1_182' title='bbox 458 1026 501 1058; x_wconf 90' lang='lat' dir='ltr'><em>In</em></span> <span class='ocrx_word' id='word_1_183' title='bbox 518 1037 578 1066; x_wconf 79' lang='lat' dir='ltr'><em>quo</em></span> <span class='ocrx_word' id='word_1_184' title='bbox 593 1027 779 1058; x_wconf 86' lang='lat' dir='ltr'><em>monendum</em></span> <span class='ocrx_word' id='word_1_185' title='bbox 796 1029 848 1065; x_wconf 88' lang='lat' dir='ltr'><em>est,</em></span> <span class='ocrx_word' id='word_1_186' title='bbox 865 1029 900 1058; x_wconf 88' lang='lat' dir='ltr'><em>ut</em></span> <span class='ocrx_word' id='word_1_187' title='bbox 916 1029 1052 1067; x_wconf 76' lang='lat' dir='ltr'><em>tempora</em></span> <span class='ocrx_word' id='word_1_188' title='bbox 1068 1027 1111 1058; x_wconf 86' lang='lat' dir='ltr'><em>ad</em></span> <span class='ocrx_word' id='word_1_189' title='bbox 1126 1026 1272 1067; x_wconf 78' lang='lat' dir='ltr'><em>Hariulft</em></span> <span class='ocrx_word' id='word_1_190' title='bbox 1293 1026 1450 1058; x_wconf 80' lang='lat' dir='ltr'><em>Chronica</em></span> <span class='ocrx_word' id='word_1_191' title='bbox 1467 1036 1505 1059; x_wconf 89' lang='lat' dir='ltr'><em>ne</em></span> <span class='ocrx_word' id='word_1_192' title='bbox 1527 1026 1738 1058; x_wconf 79' lang='lat' dir='ltr'><em>diiudicentur</em></span> <span class='ocrx_word' id='word_1_193' title='bbox 1747 1033 1900 1064; x_wconf 76' lang='lat' dir='ltr'><em>perverse.</em></span> 
     </span>
    </p>

    <p class='ocr_par' dir='ltr' id='par_1_5' title="bbox 246 1077 1903 1276">
     <span class='ocr_line' id='line_1_19' title="bbox 352 1077 1903 1120; baseline -0.001 -11"><span class='ocrx_word' id='word_1_194' title='bbox 352 1081 382 1109; x_wconf 74' lang='lat'><em>3.</em></span> <span class='ocrx_word' id='word_1_195' title='bbox 420 1078 650 1118; x_wconf 76' lang='lat' dir='ltr'><em>Locupletiores</em></span> <span class='ocrx_word' id='word_1_196' title='bbox 666 1080 749 1110; x_wconf 90' lang='lat' dir='ltr'><em>enim</em></span> <span class='ocrx_word' id='word_1_197' title='bbox 764 1089 858 1119; x_wconf 81' lang='lat' dir='ltr'><em>quam</em></span> <span class='ocrx_word' id='word_1_198' title='bbox 881 1078 1072 1120; x_wconf 83' lang='lat' dir='ltr'><em>Hariulfum</em></span> <span class='ocrx_word' id='word_1_199' title='bbox 1097 1079 1134 1110; x_wconf 90' lang='lat' dir='ltr'><em>de</em></span> <span class='ocrx_word' id='word_1_200' title='bbox 1149 1079 1280 1110; x_wconf 82' lang='lat' dir='ltr'><em>historia</em></span> <span class='ocrx_word' id='word_1_201' title='bbox 1305 1078 1494 1116; x_wconf 85' lang='lat' dir='ltr'><em>Centulensi,</em></span> <span class='ocrx_word' id='word_1_202' title='bbox 1517 1080 1672 1118; x_wconf 79' lang='lat' dir='ltr'><em>quatenus</em></span> <span class='ocrx_word' id='word_1_203' title='bbox 1694 1077 1730 1108; x_wconf 83' lang='lat' dir='ltr'><em>in</em></span> <span class='ocrx_word' id='word_1_204' title='bbox 1752 1086 1821 1108; x_wconf 87' lang='lat' dir='ltr'><em>eam</em></span> <span class='ocrx_word' id='word_1_205' title='bbox 1834 1085 1903 1107; x_wconf 86' lang='lat' dir='ltr'><em>car-</em></span> 
     </span>
     <span class='ocr_line' id='line_1_20' title="bbox 251 1127 1902 1172; baseline -0.002 -11"><span class='ocrx_word' id='word_1_206' title='bbox 251 1130 338 1162; x_wconf 78' lang='lat' dir='ltr'><em>mina</em></span> <span class='ocrx_word' id='word_1_207' title='bbox 350 1131 608 1170; x_wconf 59' lang='lat' dir='ltr'><em>caoluntspraeter</em></span> <span class='ocrx_word' id='word_1_208' title='bbox 619 1131 690 1171; x_wconf 79' lang='lat' dir='ltr'><em>ipsa</em></span> <span class='ocrx_word' id='word_1_209' title='bbox 702 1131 845 1162; x_wconf 85' lang='lat' dir='ltr'><em>carmina</em></span> <span class='ocrx_word' id='word_1_210' title='bbox 857 1131 1105 1163; x_wconf 69' lang='lat' dir='ltr'><em>testes‘liabemus</em></span> <span class='ocrx_word' id='word_1_211' title='bbox 1113 1133 1190 1162; x_wconf 87' lang='lat' dir='ltr'><em>tres:</em></span> <span class='ocrx_word' id='word_1_212' title='bbox 1205 1133 1274 1162; x_wconf 85' lang='lat' dir='ltr'><em>acta</em></span> <span class='ocrx_word' id='word_1_213' title='bbox 1287 1131 1325 1162; x_wconf 88' lang='lat' dir='ltr'><em>ab</em></span> <span class='ocrx_word' id='word_1_214' title='bbox 1334 1130 1492 1172; x_wconf 72' lang='lat' dir='ltr'><em>Har-iulfo</em></span> <span class='ocrx_word' id='word_1_215' title='bbox 1505 1129 1632 1169; x_wconf 86' lang='lat' dir='ltr'><em>tradita,</em></span> <span class='ocrx_word' id='word_1_216' title='bbox 1648 1128 1753 1169; x_wconf 75' lang='lat' dir='ltr'><em>Odulfi</em></span> <span class='ocrx_word' id='word_1_217' title='bbox 1763 1127 1902 1160; x_wconf 84' lang='lat' dir='ltr'><em>libellum</em></span> 
     </span>
     <span class='ocr_line' id='line_1_21' title="bbox 250 1180 1903 1224; baseline -0.002 -11"><span class='ocrx_word' id='word_1_218' title='bbox 250 1182 290 1214; x_wconf 87' lang='lat' dir='ltr'><em>ab</em></span> <span class='ocrx_word' id='word_1_219' title='bbox 306 1182 464 1224; x_wconf 78' lang='lat' dir='ltr'><em>Hariulfo</em></span> <span class='ocrx_word' id='word_1_220' title='bbox 487 1186 683 1223; x_wconf 77' lang='lat' dir='ltr'><em>usurpatum,</em></span> <span class='ocrx_word' id='word_1_221' title='bbox 707 1183 931 1215; x_wconf 84' lang='lat' dir='ltr'><em>miraculorum</em></span> <span class='ocrx_word' id='word_1_222' title='bbox 949 1183 981 1215; x_wconf 82' lang='lat' dir='ltr'><em>S.</em></span> <span class='ocrx_word' id='word_1_223' title='bbox 999 1182 1146 1214; x_wconf 83' lang='lat' dir='ltr'><em>Richarii</em></span> <span class='ocrx_word' id='word_1_224' title='bbox 1163 1183 1278 1214; x_wconf 81' lang='lat' dir='ltr'><em>librum</em></span> <span class='ocrx_word' id='word_1_225' title='bbox 1294 1183 1436 1214; x_wconf 89' lang='lat' dir='ltr'><em>alterum.</em></span> <span class='ocrx_word' id='word_1_226' title='bbox 1467 1182 1603 1220; x_wconf 81' lang='lat' dir='ltr'><em>Accedit,</em></span> <span class='ocrx_word' id='word_1_227' title='bbox 1625 1180 1707 1222; x_wconf 77' lang='lat' dir='ltr'><em>quod</em></span> <span class='ocrx_word' id='word_1_228' title='bbox 1721 1189 1797 1220; x_wconf 78' lang='lat' dir='ltr'><em>quos</em></span> <span class='ocrx_word' id='word_1_229' title='bbox 1818 1189 1903 1211; x_wconf 82' lang='lat' dir='ltr'><em>nunc</em></span> 
     </span>
     <span class='ocr_line' id='line_1_22' title="bbox 246 1231 1844 1276; baseline -0.002 -10"><span class='ocrx_word' id='word_1_230' title='bbox 246 1244 305 1274; x_wconf 75' lang='lat' dir='ltr'><em>per</em></span> <span class='ocrx_word' id='word_1_231' title='bbox 328 1235 472 1266; x_wconf 85' lang='lat' dir='ltr'><em>carmina</em></span> <span class='ocrx_word' id='word_1_232' title='bbox 494 1236 702 1276; x_wconf 64' lang='lat' dir='ltr'><em>cognoscimus</em></span> <span class='ocrx_word' id='word_1_233' title='bbox 727 1235 874 1272; x_wconf 81' lang='lat' dir='ltr'><em>homines,</em></span> <span class='ocrx_word' id='word_1_234' title='bbox 895 1245 1062 1275; x_wconf 75' lang='lat' dir='ltr'><em>possumus</em></span> <span class='ocrx_word' id='word_1_235' title='bbox 1083 1244 1147 1265; x_wconf 85' lang='lat' dir='ltr'><em>non</em></span> <span class='ocrx_word' id='word_1_236' title='bbox 1170 1234 1275 1266; x_wconf 83' lang='lat' dir='ltr'><em>nullos</em></span> <span class='ocrx_word' id='word_1_237' title='bbox 1298 1235 1381 1266; x_wconf 86' lang='lat' dir='ltr'><em>inter</em></span> <span class='ocrx_word' id='word_1_238' title='bbox 1402 1244 1451 1266; x_wconf 88' lang='lat' dir='ltr'><em>eos</em></span> <span class='ocrx_word' id='word_1_239' title='bbox 1474 1242 1684 1274; x_wconf 73' lang='lat' dir='ltr'><em>reeoqnosccre</em></span> <span class='ocrx_word' id='word_1_240' title='bbox 1705 1231 1844 1264; x_wconf 84' lang='lat' dir='ltr'><em>aliunde.</em></span> 
     </span>
    </p>

    <p class='ocr_par' dir='ltr' id='par_1_6' title="bbox 249 1283 1904 1640">
     <span class='ocr_line' id='line_1_23' title="bbox 352 1283 1904 1328; baseline -0.002 -11"><span class='ocrx_word' id='word_1_241' title='bbox 352 1289 382 1318; x_wconf 82' lang='lat'><em>4.</em></span> <span class='ocrx_word' id='word_1_242' title='bbox 418 1287 525 1326; x_wconf 85' lang='lat' dir='ltr'><em>Actis,</em></span> <span class='ocrx_word' id='word_1_243' title='bbox 557 1297 636 1327; x_wconf 78' lang='lat' dir='ltr'><em>quae</em></span> <span class='ocrx_word' id='word_1_244' title='bbox 659 1288 765 1319; x_wconf 90' lang='lat' dir='ltr'><em>omnia</em></span> <span class='ocrx_word' id='word_1_245' title='bbox 787 1289 822 1318; x_wconf 94' lang='lat' dir='ltr'><em>ut</em></span> <span class='ocrx_word' id='word_1_246' title='bbox 842 1287 904 1327; x_wconf 76' lang='lat' dir='ltr'><em>fide</em></span> <span class='ocrx_word' id='word_1_247' title='bbox 926 1289 1000 1318; x_wconf 82' lang='lat' dir='ltr'><em>sunt</em></span> <span class='ocrx_word' id='word_1_248' title='bbox 1023 1287 1121 1327; x_wconf 67' lang='lat' dir='ltr'><em>diona</em></span> <span class='ocrx_word' id='word_1_249' title='bbox 1143 1287 1189 1318; x_wconf 89' lang='lat' dir='ltr'><em>ita</em></span> <span class='ocrx_word' id='word_1_250' title='bbox 1211 1287 1303 1328; x_wconf 67' lang='lat' dir='ltr'><em>infra</em></span> <span class='ocrx_word' id='word_1_251' title='bbox 1330 1286 1519 1318; x_wconf 81' lang='lat' dir='ltr'><em>adhibentur</em></span> <span class='ocrx_word' id='word_1_252' title='bbox 1550 1285 1748 1325; x_wconf 78' lang='lat' dir='ltr'><em>simpliciter,</em></span> <span class='ocrx_word' id='word_1_253' title='bbox 1778 1283 1904 1316; x_wconf 83' lang='lat' dir='ltr'><em>Centuli</em></span> 
     </span>
     <span class='ocr_line' id='line_1_24' title="bbox 252 1335 1904 1381; baseline -0.002 -11"><span class='ocrx_word' id='word_1_254' title='bbox 252 1339 436 1370; x_wconf 86' lang='lat' dir='ltr'><em>monasterii</em></span> <span class='ocrx_word' id='word_1_255' title='bbox 463 1339 698 1380; x_wconf 76' lang='lat' dir='ltr'><em>descriptionem</em></span> <span class='ocrx_word' id='word_1_256' title='bbox 727 1349 812 1371; x_wconf 84' lang='lat' dir='ltr'><em>anno</em></span> <span class='ocrx_word' id='word_1_257' title='bbox 835 1341 898 1370; x_wconf 81' lang='lat'><em>831</em></span> <span class='ocrx_word' id='word_1_258' title='bbox 918 1339 1041 1381; x_wconf 77' lang='lat' dir='ltr'><em>factam</em></span> <span class='ocrx_word' id='word_1_259' title='bbox 1063 1339 1247 1377; x_wconf 82' lang='lat' dir='ltr'><em>adnumero,</em></span> <span class='ocrx_word' id='word_1_260' title='bbox 1278 1349 1357 1378; x_wconf 79' lang='lat' dir='ltr'><em>qnae</em></span> <span class='ocrx_word' id='word_1_261' title='bbox 1386 1341 1431 1370; x_wconf 85' lang='lat' dir='ltr'><em>est</em></span> <span class='ocrx_word' id='word_1_262' title='bbox 1458 1338 1544 1378; x_wconf 82' lang='lat' dir='ltr'><em>apud</em></span> <span class='ocrx_word' id='word_1_263' title='bbox 1570 1335 1763 1379; x_wconf 78' lang='lat' dir='ltr'><em>Hariulf&#39;um</em></span> <span class='ocrx_word' id='word_1_264' title='bbox 1788 1335 1904 1368; x_wconf 82' lang='lat' dir='ltr'><em>Chron.</em></span> 
     </span>
     <span class='ocr_line' id='line_1_25' title="bbox 250 1387 1903 1430; baseline -0.003 -7"><span class='ocrx_word' id='word_1_265' title='bbox 250 1391 316 1423; x_wconf 87' lang='lat' dir='ltr'><em>III</em></span> <span class='ocrx_word' id='word_1_266' title='bbox 334 1393 355 1421; x_wconf 83' lang='lat'><em>3</em></span> <span class='ocrx_word' id='word_1_267' title='bbox 371 1391 392 1421; x_wconf 84' lang='lat'><em>2.</em></span> <span class='ocrx_word' id='word_1_268' title='bbox 439 1391 481 1422; x_wconf 90' lang='lat' dir='ltr'><em>In</em></span> <span class='ocrx_word' id='word_1_269' title='bbox 505 1401 540 1422; x_wconf 86' lang='lat' dir='ltr'><em>ea</em></span> <span class='ocrx_word' id='word_1_270' title='bbox 557 1393 688 1430; x_wconf 74' lang='lat' dir='ltr'><em>praeter</em></span> <span class='ocrx_word' id='word_1_271' title='bbox 719 1391 849 1423; x_wconf 87' lang='lat' dir='ltr'><em>nomina</em></span> <span class='ocrx_word' id='word_1_272' title='bbox 881 1392 1017 1422; x_wconf 86' lang='lat' dir='ltr'><em>militum</em></span> <span class='ocrx_word' id='word_1_273' title='bbox 1042 1391 1240 1422; x_wconf 85' lang='lat' dir='ltr'><em>monasterio</em></span> <span class='ocrx_word' id='word_1_274' title='bbox 1266 1391 1448 1422; x_wconf 80' lang='lat' dir='ltr'><em>beatissimi</em></span> <span class='ocrx_word' id='word_1_275' title='bbox 1470 1390 1615 1422; x_wconf 87' lang='lat' dir='ltr'><em>Richarii</em></span> <span class='ocrx_word' id='word_1_276' title='bbox 1642 1388 1868 1420; x_wconf 87' lang='lat' dir='ltr'><em>famulantium</em></span> <span class='ocrx_word' id='word_1_277' title='bbox 1881 1387 1903 1424; x_wconf 78' lang='lat'><em>³,</em></span> 
     </span>
     <span class='ocr_line' id='line_1_26' title="bbox 254 1439 1903 1484; baseline -0.003 -10"><span class='ocrx_word' id='word_1_278' title='bbox 254 1454 269 1474; x_wconf 95' lang='lat' dir='ltr'><em>c</em></span> <span class='ocrx_word' id='word_1_279' title='bbox 291 1443 404 1482; x_wconf 77' lang='lat' dir='ltr'><em>quibus</em></span> <span class='ocrx_word' id='word_1_280' title='bbox 427 1443 462 1473; x_wconf 86' lang='lat' dir='ltr'><em>in</em></span> <span class='ocrx_word' id='word_1_281' title='bbox 493 1443 625 1484; x_wconf 78' lang='lat' dir='ltr'><em>sylloyes</em></span> <span class='ocrx_word' id='word_1_282' title='bbox 653 1443 821 1483; x_wconf 75' lang='lat' dir='ltr'><em>epitaphiis</em></span> <span class='ocrx_word' id='word_1_283' title='bbox 850 1443 1002 1484; x_wconf 78' lang='lat' dir='ltr'><em>quaedam</em></span> <span class='ocrx_word' id='word_1_284' title='bbox 1032 1443 1250 1483; x_wconf 68' lang='lat' dir='ltr'><em>reperiuntur,</em></span> <span class='ocrx_word' id='word_1_285' title='bbox 1282 1443 1417 1474; x_wconf 69' lang='lat' dir='ltr'><em>mazime</em></span> <span class='ocrx_word' id='word_1_286' title='bbox 1445 1444 1489 1473; x_wconf 90' lang='lat' dir='ltr'><em>est</em></span> <span class='ocrx_word' id='word_1_287' title='bbox 1516 1441 1724 1473; x_wconf 84' lang='lat' dir='ltr'><em>memorabilis</em></span> <span class='ocrx_word' id='word_1_288' title='bbox 1753 1439 1903 1471; x_wconf 85' lang='lat' dir='ltr'><em>librorum</em></span> 
     </span>
     <span class='ocr_line' id='line_1_27' title="bbox 254 1486 1904 1535; baseline -0.003 -9"><span class='ocrx_word' id='word_1_289' title='bbox 254 1495 451 1535; x_wconf 72' lang='lat' dir='ltr'><em>cataloyus⁴‚·</em></span> <span class='ocrx_word' id='word_1_290' title='bbox 474 1494 555 1526; x_wconf 84' lang='lat' dir='ltr'><em>unde</em></span> <span class='ocrx_word' id='word_1_291' title='bbox 579 1505 646 1526; x_wconf 89' lang='lat' dir='ltr'><em>eam</em></span> <span class='ocrx_word' id='word_1_292' title='bbox 663 1497 789 1535; x_wconf 73' lang='lat' dir='ltr'><em>partem</em></span> <span class='ocrx_word' id='word_1_293' title='bbox 811 1495 943 1535; x_wconf 76' lang='lat' dir='ltr'><em>aclpono,</em></span> <span class='ocrx_word' id='word_1_294' title='bbox 967 1506 1046 1535; x_wconf 73' lang='lat' dir='ltr'><em>quac</em></span> <span class='ocrx_word' id='word_1_295' title='bbox 1069 1505 1132 1526; x_wconf 85' lang='lat' dir='ltr'><em>non</em></span> <span class='ocrx_word' id='word_1_296' title='bbox 1155 1494 1239 1526; x_wconf 70' lang='lat' dir='ltr'><em>nihil</em></span> <span class='ocrx_word' id='word_1_297' title='bbox 1254 1504 1311 1526; x_wconf 89' lang='lat' dir='ltr'><em>nos</em></span> <span class='ocrx_word' id='word_1_298' title='bbox 1326 1486 1478 1526; x_wconf 70' lang='lat' dir='ltr'><em>adiuva’re</em></span> <span class='ocrx_word' id='word_1_299' title='bbox 1494 1494 1615 1525; x_wconf 86' lang='lat' dir='ltr'><em>videtur</em></span> <span class='ocrx_word' id='word_1_300' title='bbox 1637 1494 1665 1524; x_wconf 88' lang='lat' dir='ltr'><em>et</em></span> <span class='ocrx_word' id='word_1_301' title='bbox 1686 1492 1730 1524; x_wconf 87' lang='lat' dir='ltr'><em>ad</em></span> <span class='ocrx_word' id='word_1_302' title='bbox 1748 1490 1904 1531; x_wconf 73' lang='lat' dir='ltr'><em>florileqii,</em></span> 
     </span>
     <span class='ocr_line' id='line_1_28' title="bbox 249 1544 1904 1591; baseline -0.002 -13"><span class='ocrx_word' id='word_1_303' title='bbox 249 1547 331 1588; x_wconf 76' lang='lat' dir='ltr'><em>quod</em></span> <span class='ocrx_word' id='word_1_304' title='bbox 353 1547 467 1588; x_wconf 66' lang='lat' dir='ltr'><em>syllogye</em></span> <span class='ocrx_word' id='word_1_305' title='bbox 489 1548 665 1579; x_wconf 84' lang='lat' dir='ltr'><em>continetur</em></span> <span class='ocrx_word' id='word_1_306' title='bbox 688 1548 727 1588; x_wconf 90' lang='lat' dir='ltr'><em>(I</em></span> <span class='ocrx_word' id='word_1_307' title='bbox 743 1558 817 1591; x_wconf 61' lang='lat' dir='ltr'><em>pas]-</em></span> <span class='ocrx_word' id='word_1_308' title='bbox 841 1549 906 1580; x_wconf 78' lang='lat'><em>280</em></span> <span class='ocrx_word' id='word_1_309' title='bbox 917 1549 1007 1588; x_wconf 67' lang='lat' dir='ltr'><em>sqq),</em></span> <span class='ocrx_word' id='word_1_310' title='bbox 1035 1548 1149 1579; x_wconf 81' lang='lat' dir='ltr'><em>rectius</em></span> <span class='ocrx_word' id='word_1_311' title='bbox 1164 1547 1374 1578; x_wconf 86' lang='lat' dir='ltr'><em>aestimandos</em></span> <span class='ocrx_word' id='word_1_312' title='bbox 1385 1546 1489 1588; x_wconf 75' lang='lat' dir='ltr'><em>fontes</em></span> <span class='ocrx_word' id='word_1_313' title='bbox 1503 1548 1532 1578; x_wconf 91' lang='lat' dir='ltr'><em>et</em></span> <span class='ocrx_word' id='word_1_314' title='bbox 1553 1545 1597 1577; x_wconf 86' lang='lat' dir='ltr'><em>ad</em></span> <span class='ocrx_word' id='word_1_315' title='bbox 1618 1544 1802 1582; x_wconf 85' lang='lat' dir='ltr'><em>carminum,</em></span> <span class='ocrx_word' id='word_1_316' title='bbox 1825 1551 1904 1583; x_wconf 80' lang='lat' dir='ltr'><em>quae</em></span> 
     </span>
     <span class='ocr_line' id='line_1_29' title="bbox 252 1598 1284 1640; baseline -0.001 -9"><span class='ocrx_word' id='word_1_317' title='bbox 252 1599 294 1631; x_wconf 87' lang='lat' dir='ltr'><em>ibi</em></span> <span class='ocrx_word' id='word_1_318' title='bbox 317 1601 391 1631; x_wconf 89' lang='lat' dir='ltr'><em>sunt</em></span> <span class='ocrx_word' id='word_1_319' title='bbox 418 1598 485 1632; x_wconf 82' lang='lat' dir='ltr'><em>GH</em></span> <span class='ocrx_word' id='word_1_320' title='bbox 505 1600 534 1630; x_wconf 88' lang='lat' dir='ltr'><em>et</em></span> <span class='ocrx_word' id='word_1_321' title='bbox 560 1599 696 1638; x_wconf 85' lang='lat' dir='ltr'><em>CLXII,</em></span> <span class='ocrx_word' id='word_1_322' title='bbox 720 1601 903 1632; x_wconf 84' lang='lat' dir='ltr'><em>accuratius</em></span> <span class='ocrx_word' id='word_1_323' title='bbox 925 1599 1106 1640; x_wconf 75' lang='lat' dir='ltr'><em>definienda</em></span> <span class='ocrx_word' id='word_1_324' title='bbox 1128 1601 1284 1639; x_wconf 77' lang='lat' dir='ltr'><em>tempora:</em></span> 
     </span>
    </p>
   </div>
   <div class='ocr_carea' id='block_1_3' title="bbox 834 1686 1328 1728">
    <p class='ocr_par' dir='ltr' id='par_1_7' title="bbox 834 1686 1328 1728">
     <span class='ocr_line' id='line_1_30' title="bbox 834 1686 1328 1728; baseline -0.004 -10"><span class='ocrx_word' id='word_1_325' title='bbox 834 1686 885 1718; x_wconf 88' lang='lat' dir='ltr'><em>De</em></span> <span class='ocrx_word' id='word_1_326' title='bbox 909 1686 1002 1718; x_wconf 88' lang='lat' dir='ltr'><em>libris</em></span> <span class='ocrx_word' id='word_1_327' title='bbox 1026 1686 1328 1728; x_wconf 86' lang='lat' dir='ltr'><em>grammaticorum:</em></span> 
     </span>
    </p>
   </div>
   <div class='ocr_carea' id='block_1_4' title="bbox 283 1737 1880 2453">
    <p class='ocr_par' dir='ltr' id='par_1_8' title="bbox 306 1737 1314 1777">
     <span class='ocr_line' id='line_1_31' title="bbox 306 1737 1314 1777; baseline 0.001 -9"><span class='ocrx_word' id='word_1_328' title='bbox 306 1741 332 1769; x_wconf 88' lang='lat' dir='ltr'><em>l.</em></span> <span class='ocrx_word' id='word_1_329' title='bbox 357 1737 519 1777; x_wconf 76' lang='lat' dir='ltr'><em>Donatus,</em></span> <span class='ocrx_word' id='word_1_330' title='bbox 1112 1739 1159 1769; x_wconf 82' lang='lat'><em>14.</em></span> <span class='ocrx_word' id='word_1_331' title='bbox 1183 1737 1314 1776; x_wconf 83' lang='lat' dir='ltr'><em>Arator,</em></span> 
     </span>
    </p>

    <p class='ocr_par' dir='ltr' id='par_1_9' title="bbox 299 1788 1346 1831">
     <span class='ocr_line' id='line_1_32' title="bbox 299 1788 1346 1831; baseline 0 -11"><span class='ocrx_word' id='word_1_332' title='bbox 299 1790 330 1821; x_wconf 85' lang='lat'><em>2.</em></span> <span class='ocrx_word' id='word_1_333' title='bbox 354 1788 542 1831; x_wconf 86' lang='lat' dir='ltr'><em>Pompeius,</em></span> <span class='ocrx_word' id='word_1_334' title='bbox 1113 1791 1160 1820; x_wconf 89' lang='grc'><em>15.</em></span> <span class='ocrx_word' id='word_1_335' title='bbox 1185 1788 1346 1825; x_wconf 72' lang='lat' dir='ltr'><em>Sedulius,</em></span> 
     </span>
    </p>

    <p class='ocr_par' dir='ltr' id='par_1_10' title="bbox 301 1840 1358 1880">
     <span class='ocr_line' id='line_1_33' title="bbox 301 1840 1358 1880; baseline 0 -8"><span class='ocrx_word' id='word_1_336' title='bbox 301 1842 329 1872; x_wconf 90' lang='lat'><em>3.</em></span> <span class='ocrx_word' id='word_1_337' title='bbox 355 1840 492 1880; x_wconf 79' lang='lat' dir='ltr'><em>Probus,</em></span> <span class='ocrx_word' id='word_1_338' title='bbox 1114 1841 1160 1874; x_wconf 89' lang='grc'><em>16.</em></span> <span class='ocrx_word' id='word_1_339' title='bbox 1185 1841 1358 1877; x_wconf 77' lang='lat' dir='ltr'><em>Iuvencus,</em></span> 
     </span>
    </p>

    <p class='ocr_par' dir='ltr' id='par_1_11' title="bbox 300 1892 1619 1935">
     <span class='ocr_line' id='line_1_34' title="bbox 300 1892 1619 1935; baseline 0 -11"><span class='ocrx_word' id='word_1_340' title='bbox 300 1895 331 1924; x_wconf 91' lang='grc'><em>4.</em></span> <span class='ocrx_word' id='word_1_341' title='bbox 356 1892 396 1924; x_wconf 90' lang='lat' dir='ltr'><em>de</em></span> <span class='ocrx_word' id='word_1_342' title='bbox 420 1892 558 1935; x_wconf 86' lang='lat' dir='ltr'><em>pedibus</em></span> <span class='ocrx_word' id='word_1_343' title='bbox 583 1896 616 1925; x_wconf 82' lang='lat' dir='ltr'><em>et</em></span> <span class='ocrx_word' id='word_1_344' title='bbox 640 1893 786 1935; x_wconf 86' lang='lat' dir='ltr'><em>syllabis.</em></span> <span class='ocrx_word' id='word_1_345' title='bbox 1115 1894 1161 1925; x_wconf 87' lang='grc'><em>17.</em></span> <span class='ocrx_word' id='word_1_346' title='bbox 1184 1892 1433 1935; x_wconf 84' lang='lat' dir='ltr'><em>Epigrammata</em></span> <span class='ocrx_word' id='word_1_347' title='bbox 1455 1892 1619 1934; x_wconf 87' lang='lat' dir='ltr'><em>Prosperi.</em></span> 
     </span>
    </p>

    <p class='ocr_par' dir='ltr' id='par_1_12' title="bbox 302 1944 1473 1984">
     <span class='ocr_line' id='line_1_35' title="bbox 302 1944 1473 1984; baseline 0 -8"><span class='ocrx_word' id='word_1_348' title='bbox 302 1947 331 1978; x_wconf 83' lang='lat'><em>5.</em></span> <span class='ocrx_word' id='word_1_349' title='bbox 355 1944 554 1984; x_wconf 77' lang='lat' dir='ltr'><em>Priscianus,</em></span> <span class='ocrx_word' id='word_1_350' title='bbox 1113 1945 1158 1977; x_wconf 87' lang='lat'><em>18.</em></span> <span class='ocrx_word' id='word_1_351' title='bbox 1184 1944 1310 1976; x_wconf 85' lang='lat' dir='ltr'><em>Versus</em></span> <span class='ocrx_word' id='word_1_352' title='bbox 1334 1945 1473 1983; x_wconf 86' lang='lat' dir='ltr'><em>Probae,</em></span> 
     </span>
    </p>

    <p class='ocr_par' dir='ltr' id='par_1_13' title="bbox 301 1995 1724 2029">
     <span class='ocr_line' id='line_1_36' title="bbox 301 1995 1724 2029; baseline -0.001 0"><span class='ocrx_word' id='word_1_353' title='bbox 301 1998 330 2029; x_wconf 89' lang='grc'><em>6.</em></span> <span class='ocrx_word' id='word_1_354' title='bbox 356 1996 599 2029; x_wconf 78' lang='lat' dir='ltr'><em>cominianus.⁵</em></span> <span class='ocrx_word' id='word_1_355' title='bbox 1018 2024 1021 2027; x_wconf 68' lang='grc'>,</span> <span class='ocrx_word' id='word_1_356' title='bbox 1112 1998 1158 2028; x_wconf 86' lang='grc'><em>19.</em></span> <span class='ocrx_word' id='word_1_357' title='bbox 1184 1999 1217 2028; x_wconf 85' lang='lat' dir='ltr'><em>et</em></span> <span class='ocrx_word' id='word_1_358' title='bbox 1240 1995 1401 2028; x_wconf 84' lang='lat' dir='ltr'><em>medietas</em></span> <span class='ocrx_word' id='word_1_359' title='bbox 1424 1995 1598 2028; x_wconf 84' lang='lat' dir='ltr'><em>Fortunati</em></span> <span class='ocrx_word' id='word_1_360' title='bbox 1622 1995 1637 2026; x_wconf 93' lang='lat' dir='ltr'>I</span> <span class='ocrx_word' id='word_1_361' title='bbox 1663 1996 1724 2027; x_wconf 90' lang='lat' dir='ltr'><em>vol.</em></span> 
     </span>
    </p>

    <p class='ocr_par' dir='ltr' id='par_1_14' title="bbox 303 2047 1841 2087">
     <span class='ocr_line' id='line_1_37' title="bbox 303 2047 1841 2087; baseline 0.001 -8"><span class='ocrx_word' id='word_1_362' title='bbox 303 2050 331 2080; x_wconf 90' lang='lat'><em>7.</em></span> <span class='ocrx_word' id='word_1_363' title='bbox 358 2048 501 2087; x_wconf 83' lang='lat' dir='ltr'><em>Servius,</em></span> <span class='ocrx_word' id='word_1_364' title='bbox 1108 2050 1158 2081; x_wconf 84' lang='lat'><em>20.</em></span> <span class='ocrx_word' id='word_1_365' title='bbox 1184 2047 1327 2084; x_wconf 85' lang='lat' dir='ltr'><em>Quintus</em></span> <span class='ocrx_word' id='word_1_366' title='bbox 1353 2048 1495 2080; x_wconf 82' lang='lat' dir='ltr'><em>Serenus</em></span> <span class='ocrx_word' id='word_1_367' title='bbox 1520 2048 1560 2080; x_wconf 85' lang='lat' dir='ltr'><em>de</em></span> <span class='ocrx_word' id='word_1_368' title='bbox 1585 2047 1841 2080; x_wconf 82' lang='lat' dir='ltr'><em>medicamentis.</em></span> 
     </span>
    </p>

    <p class='ocr_par' dir='ltr' id='par_1_15' title="bbox 302 2099 1488 2142">
     <span class='ocr_line' id='line_1_38' title="bbox 302 2099 1488 2142; baseline 0 -11"><span class='ocrx_word' id='word_1_369' title='bbox 302 2101 331 2132; x_wconf 87' lang='lat'><em>8.</em></span> <span class='ocrx_word' id='word_1_370' title='bbox 356 2100 546 2132; x_wconf 80' lang='lat' dir='ltr'><em>Victorinus</em></span> <span class='ocrx_word' id='word_1_371' title='bbox 571 2099 733 2142; x_wconf 57' lang='grc' dir='ltr'>Μαι-(ἰωῇ).</span> <span class='ocrx_word' id='word_1_372' title='bbox 1109 2101 1160 2133; x_wconf 83' lang='lat'><em>21.</em></span> <span class='ocrx_word' id='word_1_373' title='bbox 1185 2100 1334 2132; x_wconf 85' lang='lat' dir='ltr'><em>Fabulae</em></span> <span class='ocrx_word' id='word_1_374' title='bbox 1359 2100 1488 2132; x_wconf 85' lang='lat' dir='ltr'><em>Avieni.</em></span> 
     </span>
    </p>

    <p class='ocr_par' dir='ltr' id='par_1_16' title="bbox 301 2152 1356 2194">
     <span class='ocr_line' id='line_1_39' title="bbox 301 2152 1356 2194; baseline 0 -11"><span class='ocrx_word' id='word_1_375' title='bbox 301 2154 330 2184; x_wconf 82' lang='lat'><em>9.</em></span> <span class='ocrx_word' id='word_1_376' title='bbox 355 2152 543 2191; x_wconf 81' lang='lat' dir='ltr'><em>Diomedes,</em></span> <span class='ocrx_word' id='word_1_377' title='bbox 1113 2154 1163 2184; x_wconf 81' lang='lat'><em>22.</em></span> <span class='ocrx_word' id='word_1_378' title='bbox 1187 2152 1356 2194; x_wconf 86' lang='lat' dir='ltr'><em>Virgilius.</em></span> 
     </span>
    </p>

    <p class='ocr_par' dir='ltr' id='par_1_17' title="bbox 286 2203 1702 2246">
     <span class='ocr_line' id='line_1_40' title="bbox 286 2203 1702 2246; baseline 0 -11"><span class='ocrx_word' id='word_1_379' title='bbox 286 2206 331 2237; x_wconf 85' lang='lat'><em>10.</em></span> <span class='ocrx_word' id='word_1_380' title='bbox 356 2204 472 2236; x_wconf 85' lang='lat' dir='ltr'><em>Velius</em></span> <span class='ocrx_word' id='word_1_381' title='bbox 496 2203 640 2246; x_wconf 84' lang='lat' dir='ltr'><em>Longus,</em></span> <span class='ocrx_word' id='word_1_382' title='bbox 1114 2206 1164 2237; x_wconf 84' lang='lat'><em>23.</em></span> <span class='ocrx_word' id='word_1_383' title='bbox 1189 2204 1335 2246; x_wconf 82' lang='lat' dir='ltr'><em>Eologae</em></span> <span class='ocrx_word' id='word_1_384' title='bbox 1359 2203 1505 2235; x_wconf 83' lang='lat' dir='ltr'><em>eiusdem</em></span> <span class='ocrx_word' id='word_1_385' title='bbox 1529 2204 1702 2246; x_wconf 82' lang='lat' dir='ltr'><em>glossatae.</em></span> 
     </span>
    </p>

    <p class='ocr_par' dir='ltr' id='par_1_18' title="bbox 284 2255 1385 2295">
     <span class='ocr_line' id='line_1_41' title="bbox 284 2255 1385 2295; baseline 0.001 -9"><span class='ocrx_word' id='word_1_386' title='bbox 284 2259 332 2289; x_wconf 84' lang='lat'><em>11.</em></span> <span class='ocrx_word' id='word_1_387' title='bbox 355 2255 535 2295; x_wconf 83' lang='lat' dir='ltr'><em>Tadvinus,</em></span> <span class='ocrx_word' id='word_1_388' title='bbox 1113 2258 1165 2287; x_wconf 84' lang='lat'><em>24.</em></span> <span class='ocrx_word' id='word_1_389' title='bbox 1189 2255 1385 2292; x_wconf 82' lang='lat' dir='ltr'><em>Althelmus,</em></span> 
     </span>
    </p>

    <p class='ocr_par' dir='ltr' id='par_1_19' title="bbox 283 2307 1880 2398">
     <span class='ocr_line' id='line_1_42' title="bbox 283 2307 1880 2341; baseline 0 -3"><span class='ocrx_word' id='word_1_390' title='bbox 283 2310 330 2339; x_wconf 80' lang='lat'><em>12.</em></span> <span class='ocrx_word' id='word_1_391' title='bbox 358 2307 490 2339; x_wconf 80' lang='lat' dir='ltr'><em>Tullius</em></span> <span class='ocrx_word' id='word_1_392' title='bbox 508 2307 623 2339; x_wconf 86' lang='lat' dir='ltr'><em>Cicero</em></span> <span class='ocrx_word' id='word_1_393' title='bbox 646 2308 879 2340; x_wconf 85' lang='lat' dir='ltr'><em>rhetoricorum</em></span> <span class='ocrx_word' id='word_1_394' title='bbox 897 2308 969 2340; x_wconf 91' lang='lat' dir='ltr'><em>libri</em></span> <span class='ocrx_word' id='word_1_395' title='bbox 985 2308 1060 2340; x_wconf 89' lang='lat' dir='ltr'><em>duo.</em></span> <span class='ocrx_word' id='word_1_396' title='bbox 1115 2309 1166 2341; x_wconf 80' lang='lat'><em>25.</em></span> <span class='ocrx_word' id='word_1_397' title='bbox 1191 2310 1330 2339; x_wconf 87' lang='lat' dir='ltr'><em>metrum</em></span> <span class='ocrx_word' id='word_1_398' title='bbox 1360 2307 1528 2339; x_wconf 83' lang='lat' dir='ltr'><em>cuiusdam</em></span> <span class='ocrx_word' id='word_1_399' title='bbox 1552 2307 1592 2340; x_wconf 89' lang='lat' dir='ltr'><em>de</em></span> <span class='ocrx_word' id='word_1_400' title='bbox 1616 2308 1719 2340; x_wconf 87' lang='lat' dir='ltr'><em>veteri</em></span> <span class='ocrx_word' id='word_1_401' title='bbox 1742 2309 1775 2339; x_wconf 83' lang='lat' dir='ltr'><em>et</em></span> <span class='ocrx_word' id='word_1_402' title='bbox 1797 2317 1880 2339; x_wconf 86' lang='lat' dir='ltr'><em>novo</em></span> 
     </span>
     <span class='ocr_line' id='line_1_43' title="bbox 357 2359 1394 2398; baseline -0.001 -7"><span class='ocrx_word' id='word_1_403' title='bbox 357 2360 465 2391; x_wconf 90' lang='lat' dir='ltr'><em>omnia</em></span> <span class='ocrx_word' id='word_1_404' title='bbox 488 2359 519 2391; x_wconf 90' lang='lat' dir='ltr'><em>in</em></span> <span class='ocrx_word' id='word_1_405' title='bbox 544 2359 593 2391; x_wconf 92' lang='lat' dir='ltr'><em>IV</em></span> <span class='ocrx_word' id='word_1_406' title='bbox 616 2360 678 2391; x_wconf 91' lang='lat' dir='ltr'><em>vol.</em></span> <span class='ocrx_word' id='word_1_407' title='bbox 1187 2362 1394 2398; x_wconf 83' lang='lat' dir='ltr'><em>testamento,</em></span> 
     </span>
    </p>

    <p class='ocr_par' dir='ltr' id='par_1_20' title="bbox 283 2407 1880 2453">
     <span class='ocr_line' id='line_1_44' title="bbox 283 2407 1880 2453; baseline 0 -10"><span class='ocrx_word' id='word_1_408' title='bbox 283 2413 331 2444; x_wconf 89' lang='lat'><em>13.</em></span> <span class='ocrx_word' id='word_1_409' title='bbox 356 2411 507 2453; x_wconf 88' lang='lat' dir='ltr'><em>Prosper.</em></span> <span class='ocrx_word' id='word_1_410' title='bbox 1111 2413 1162 2444; x_wconf 83' lang='lat'><em>26.</em></span> <span class='ocrx_word' id='word_1_411' title='bbox 1186 2407 1259 2443; x_wconf 85' lang='lat' dir='ltr'><em>cum</em></span> <span class='ocrx_word' id='word_1_412' title='bbox 1281 2411 1349 2442; x_wconf 84' lang='lat' dir='ltr'><em>vita</em></span> <span class='ocrx_word' id='word_1_413' title='bbox 1365 2410 1505 2443; x_wconf 84' lang='lat' dir='ltr'><em>Cosmae</em></span> <span class='ocrx_word' id='word_1_414' title='bbox 1523 2415 1556 2443; x_wconf 86' lang='lat' dir='ltr'><em>et</em></span> <span class='ocrx_word' id='word_1_415' title='bbox 1571 2410 1725 2443; x_wconf 82' lang='lat' dir='ltr'><em>Damiani</em></span> <span class='ocrx_word' id='word_1_416' title='bbox 1742 2410 1880 2443; x_wconf 81' lang='lat' dir='ltr'><em>metrica</em></span> 
     </span>
    </p>
   </div>
   <div class='ocr_carea' id='block_1_5' title="bbox 880 2463 1375 2557">
    <p class='ocr_par' dir='ltr' id='par_1_21' title="bbox 880 2463 1375 2557">
     <span class='ocr_line' id='line_1_45' title="bbox 1185 2463 1375 2495; baseline 0 -1"><span class='ocrx_word' id='word_1_417' title='bbox 1185 2463 1219 2494; x_wconf 89' lang='lat' dir='ltr'><em>in</em></span> <span class='ocrx_word' id='word_1_418' title='bbox 1243 2463 1260 2494; x_wconf 88' lang='lat' dir='ltr'>I</span> <span class='ocrx_word' id='word_1_419' title='bbox 1288 2463 1375 2495; x_wconf 82' lang='lat' dir='ltr'><em>vol.⁶</em></span> 
     </span>
     <span class='ocr_line' id='line_1_46' title="bbox 880 2514 1282 2557; baseline 0 -11"><span class='ocrx_word' id='word_1_420' title='bbox 880 2515 935 2557; x_wconf 91' lang='lat' dir='ltr'><em>qui</em></span> <span class='ocrx_word' id='word_1_421' title='bbox 959 2518 1034 2547; x_wconf 85' lang='lat' dir='ltr'><em>sunt</em></span> <span class='ocrx_word' id='word_1_422' title='bbox 1057 2515 1131 2546; x_wconf 91' lang='lat' dir='ltr'><em>libri</em></span> <span class='ocrx_word' id='word_1_423' title='bbox 1154 2514 1282 2546; x_wconf 86' lang='lat' dir='ltr'><em>XXVI.</em></span> 
     </span>
    </p>
   </div>
   <div class='ocr_carea' id='block_1_6' title="bbox 383 2576 1472 2582">
    <p class='ocr_par' dir='ltr' id='par_1_22' title="bbox 383 2576 1472 2582">
     <span class='ocr_line' id='line_1_47' title="bbox 383 2576 1472 2582; baseline 0 0"><span class='ocrx_word' id='word_1_424' title='bbox 383 2576 1472 2582; x_wconf 95' lang='lat' dir='ltr'><em> </em></span> 
     </span>
    </p>
   </div>
   <div class='ocr_carea' id='block_1_7' title="bbox 256 2608 1908 2797">
    <p class='ocr_par' dir='ltr' id='par_1_23' title="bbox 256 2608 1908 2797">
     <span class='ocr_line' id='line_1_48' title="bbox 362 2608 1905 2645; baseline 0.001 -8"><span class='ocrx_word' id='word_1_425' title='bbox 362 2611 387 2645; x_wconf 91' lang='lat'><em>1)</em></span> <span class='ocrx_word' id='word_1_426' title='bbox 407 2610 522 2637; x_wconf 78' lang='lat' dir='ltr'><em>Studien</em></span> <span class='ocrx_word' id='word_1_427' title='bbox 544 2610 603 2635; x_wconf 81' lang='lat' dir='ltr'><em>aml</em></span> <span class='ocrx_word' id='word_1_428' title='bbox 627 2609 832 2642; x_wconf 64' lang='lat' dir='ltr'><em>Mittlwilunyen</em></span> <span class='ocrx_word' id='word_1_429' title='bbox 859 2617 909 2635; x_wconf 88' lang='lat' dir='ltr'><em>aus</em></span> <span class='ocrx_word' id='word_1_430' title='bbox 936 2609 960 2635; x_wconf 81' lang='lat' dir='ltr'><em>d.</em></span> <span class='ocrx_word' id='word_1_431' title='bbox 986 2609 1174 2636; x_wconf 81' lang='lat' dir='ltr'><em>Benedictiner</em></span> <span class='ocrx_word' id='word_1_432' title='bbox 1201 2609 1259 2635; x_wconf 80' lang='lat' dir='ltr'><em>und</em></span> <span class='ocrx_word' id='word_1_433' title='bbox 1282 2608 1467 2636; x_wconf 64' lang='lat' dir='ltr'><em>Gistercieviser</em></span> <span class='ocrx_word' id='word_1_434' title='bbox 1490 2608 1580 2636; x_wconf 82' lang='lat' dir='ltr'><em>Ordcn</em></span> <span class='ocrx_word' id='word_1_435' title='bbox 1602 2613 1666 2637; x_wconf 83' lang='lat'><strong><em>1887</em></strong></span> <span class='ocrx_word' id='word_1_436' title='bbox 1682 2618 1746 2644; x_wconf 75' lang='lat' dir='ltr'><em>paq.</em></span> <span class='ocrx_word' id='word_1_437' title='bbox 1776 2615 1905 2638; x_wconf 77' lang='lat'><em>175-181.</em></span> 
     </span>
     <span class='ocr_line' id='line_1_49' title="bbox 257 2661 1908 2696; baseline 0 -7"><span class='ocrx_word' id='word_1_438' title='bbox 257 2664 285 2695; x_wconf 80' lang='lat'><em>2)</em></span> <span class='ocrx_word' id='word_1_439' title='bbox 306 2662 415 2689; x_wconf 80' lang='lat' dir='ltr'><em>Acherii</em></span> <span class='ocrx_word' id='word_1_440' title='bbox 429 2662 563 2696; x_wconf 64' lang='lat' dir='ltr'><em>Sputileffl.</em></span> <span class='ocrx_word' id='word_1_441' title='bbox 578 2662 614 2688; x_wconf 86' lang='lat' dir='ltr'><em>II</em></span> <span class='ocrx_word' id='word_1_442' title='bbox 625 2666 687 2694; x_wconf 68' lang='lat'><em>5291,⁴</em></span> <span class='ocrx_word' id='word_1_443' title='bbox 704 2662 752 2694; x_wconf 77' lang='lat' dir='ltr'><em>cfr.</em></span> <span class='ocrx_word' id='word_1_444' title='bbox 770 2661 818 2688; x_wconf 74' lang='lat' dir='ltr'><em>Th.</em></span> <span class='ocrx_word' id='word_1_445' title='bbox 832 2661 864 2687; x_wconf 85' lang='lat' dir='ltr'><em>de</em></span> <span class='ocrx_word' id='word_1_446' title='bbox 878 2661 962 2687; x_wconf 71' lang='lat' dir='ltr'><em>Siclcel</em></span> <span class='ocrx_word' id='word_1_447' title='bbox 974 2662 1033 2688; x_wconf 80' lang='lat' dir='ltr'><em>Aet.</em></span> <span class='ocrx_word' id='word_1_448' title='bbox 1049 2661 1202 2688; x_wconf 64' lang='lat' dir='ltr'><em>Kar-olium:</em></span> <span class='ocrx_word' id='word_1_449' title='bbox 1216 2661 1252 2687; x_wconf 80' lang='lat' dir='ltr'><em>ad</em></span> <span class='ocrx_word' id='word_1_450' title='bbox 1264 2661 1290 2687; x_wconf 88' lang='lat' dir='ltr'><em>L</em></span> <span class='ocrx_word' id='word_1_451' title='bbox 1303 2664 1358 2688; x_wconf 84' lang='lat'><em>269.</em></span> <span class='ocrx_word' id='word_1_452' title='bbox 1418 2661 1446 2695; x_wconf 82' lang='lat'><em>3)</em></span> <span class='ocrx_word' id='word_1_453' title='bbox 1465 2661 1558 2688; x_wconf 69' lang='grc' dir='ltr'><em>Λάιον.</em></span> <span class='ocrx_word' id='word_1_454' title='bbox 1575 2665 1630 2688; x_wconf 81' lang='lat'><em>312.</em></span> <span class='ocrx_word' id='word_1_455' title='bbox 1691 2662 1720 2695; x_wconf 81' lang='lat'><em>4)</em></span> <span class='ocrx_word' id='word_1_456' title='bbox 1739 2662 1832 2689; x_wconf 76' lang='lat' dir='ltr'><em>Acher.</em></span> <span class='ocrx_word' id='word_1_457' title='bbox 1846 2665 1908 2695; x_wconf 86' lang='lat'><em>310,-</em></span> 
     </span>
     <span class='ocr_line' id='line_1_50' title="bbox 256 2713 1906 2748; baseline -0.001 -7"><span class='ocrx_word' id='word_1_458' title='bbox 256 2715 324 2741; x_wconf 84' lang='lat' dir='ltr'><em>male</em></span> <span class='ocrx_word' id='word_1_459' title='bbox 348 2715 451 2741; x_wconf 73' lang='lat' dir='ltr'><em>iteravit</em></span> <span class='ocrx_word' id='word_1_460' title='bbox 474 2714 506 2741; x_wconf 84' lang='lat' dir='ltr'><em>G.</em></span> <span class='ocrx_word' id='word_1_461' title='bbox 527 2713 628 2740; x_wconf 75' lang='lat' dir='ltr'><em>Becker</em></span> <span class='ocrx_word' id='word_1_462' title='bbox 655 2714 770 2747; x_wconf 67' lang='lat' dir='ltr'><em>Cataloy.</em></span> <span class='ocrx_word' id='word_1_463' title='bbox 794 2714 1005 2739; x_wconf 72' lang='lat' dir='ltr'><em>bibliothecarum</em></span> <span class='ocrx_word' id='word_1_464' title='bbox 1031 2714 1114 2747; x_wconf 69' lang='lat' dir='ltr'><em>antiq.</em></span> <span class='ocrx_word' id='word_1_465' title='bbox 1139 2719 1162 2740; x_wconf 88' lang='grc'><em>11</em></span> <span class='ocrx_word' id='word_1_466' title='bbox 1185 2722 1247 2748; x_wconf 68' lang='lat' dir='ltr'><em>pay.</em></span> <span class='ocrx_word' id='word_1_467' title='bbox 1266 2718 1305 2739; x_wconf 69' lang='grc'><em>24,</em></span> <span class='ocrx_word' id='word_1_468' title='bbox 1411 2715 1437 2743; x_wconf 70' lang='lat'><em>5»</em></span> <span class='ocrx_word' id='word_1_469' title='bbox 1460 2713 1515 2747; x_wconf 74' lang='lat' dir='ltr'><em>Csr.</em></span> <span class='ocrx_word' id='word_1_470' title='bbox 1536 2714 1599 2741; x_wconf 72' lang='lat' dir='ltr'><em>Keil</em></span> <span class='ocrx_word' id='word_1_471' title='bbox 1615 2714 1645 2742; x_wconf 80' lang='lat' dir='ltr'><em>in</em></span> <span class='ocrx_word' id='word_1_472' title='bbox 1665 2714 1906 2741; x_wconf 62' lang='lat' dir='ltr'><em>Grammaticorum</em></span> 
     </span>
     <span class='ocr_line' id='line_1_51' title="bbox 256 2764 802 2797; baseline -0.002 -4"><span class='ocrx_word' id='word_1_473' title='bbox 256 2766 422 2793; x_wconf 69' lang='lat' dir='ltr'><em>Latinorum</em></span> <span class='ocrx_word' id='word_1_474' title='bbox 442 2767 461 2792; x_wconf 91' lang='lat' dir='ltr'><strong><em>I</em></strong></span> <span class='ocrx_word' id='word_1_475' title='bbox 471 2771 513 2793; x_wconf 81' lang='lat'><em>22.</em></span> <span class='ocrx_word' id='word_1_476' title='bbox 602 2767 628 2797; x_wconf 78' lang='lat'><em>6)</em></span> <span class='ocrx_word' id='word_1_477' title='bbox 648 2764 712 2792; x_wconf 82' lang='lat' dir='ltr'><em>Non</em></span> <span class='ocrx_word' id='word_1_478' title='bbox 732 2766 802 2793; x_wconf 72' lang='grc' dir='ltr'><em>ποι-ί.</em></span> 
     </span>
    </p>
   </div>
  </div>
 </body>
</html>
