2060 3074
221 168 281 197 536
783 165 961 191 IOHANNIS
980 165 1109 192 sco'r'rt
1128 165 1305 192 CARMINA.

1024 296 1065 317 VI.

585 355 712 387 Emicat
736 365 777 386 ex
801 354 910 386 Erebo
934 354 991 386 lux
1013 354 1125 386 mundi
1148 365 1267 397 magna
1289 356 1502 399 triumphans:

627 407 791 438 Primitias
815 407 901 438 vitae
928 406 1038 448 (mors)
1063 407 1255 439 moribunda
1278 411 1397 450 stupet.

585 459 760 490 Prosiliunt
783 458 911 498 Furiae,
937 462 1129 490 concurrunt
1151 459 1294 502 undique
1317 460 1455 492 Parcae:

628 510 786 542 Mirantur
810 510 934 542 tristem
959 511 1183 552 congemuisse
1208 511 1352 554 Stygem.

529 576 539 593 ⁵
584 562 644 594 Ille
669 562 743 594 dein
768 563 918 605 princeps
941 562 1062 594 baratri
1086 564 1168 605 petit
1191 574 1281 594 arma
1304 567 1406 600 sueta,

630 614 708 651 Quis
732 625 835 656 genus
857 614 1032 646 humanum
1057 614 1199 646 subdidit
1223 616 1291 658 ipse
1315 616 1391 648 sibi:

587 666 653 698 Sed
675 677 753 698 mox
777 670 812 698 ut
835 666 916 698 vidit
938 667 1090 698 ruitantia
1113 667 1223 698 limina
1250 668 1362 708 fracta,

629 718 773 750 Territus
796 718 951 750 attonitus
975 718 1058 760 fugit
1081 718 1123 750 ad
1146 719 1211 750 ima
1234 718 1358 751 domus.

584 769 657 801 Non
682 773 791 801 tamen
817 770 920 802 evasit
944 770 1118 802 tenebrosa
1140 781 1200 813 per
1222 774 1314 803 antra
1337 774 1505 814 tyrannus:

519 835 544 854 ιο
632 822 761 854 Fortior
783 823 924 863 intravit,
949 823 1003 865 qui
1027 833 1084 854 sua
1108 833 1186 855 vasa
1209 824 1290 855 tulit.

585 874 752 906 Attractus
776 877 889 917 captus
914 875 1037 907 vinctus
1064 875 1256 918 strictusque
1279 876 1402 907 catenis

629 927 790 958 Detentus
814 926 953 959 domitus
977 927 1087 970 pulsus
1110 927 1152 959 ab
1176 938 1260 969 arce,
1284 929 1371 970 prius

587 978 658 1016 Qua
681 978 793 1011 mundi
815 979 967 1022 princeps
990 980 1095 1011 elatus
1118 979 1258 1021 sederat,
1283 981 1358 1012 olim

630 1031 743 1063 Bestia
766 1041 875 1072 saeva,
898 1042 1001 1063 vorax
1022 1031 1243 1074 indomitaque
1268 1031 1332 1064 diu.

518 1096 541 1115 15
587 1082 654 1114 Sed
677 1083 780 1115 victor
801 1082 913 1115 mundi
936 1084 1153 1125 praestantior
1175 1083 1323 1115 omnibus
1346 1094 1428 1116 unus

630 1135 747 1167 Totam
772 1135 890 1167 collisit
912 1136 1165 1178 comminuitque
1189 1139 1295 1179 eaput.

586 1187 706 1219 Aestus
730 1187 856 1219 aeterni
879 1188 1071 1220 comburunt
1094 1191 1188 1231 turpe
1212 1188 1360 1230 cadaver,

629 1239 883 1282 Pyrflegetontis
906 1239 1031 1272 fervida
1056 1240 1187 1272 flamma
1210 1240 1295 1272 furit.

586 1291 766 1323 Laetantur
788 1292 907 1332 miseri,
932 1302 1012 1334 quos
1034 1292 1130 1324 laesit
1152 1292 1221 1324 dira
1243 1295 1404 1335 potestas:

516 1356 542 1376 20
631 1343 760 1387 Captivi
783 1335 931 1385 redeunt,
955 1344 1082 1376 vincula
1104 1345 1180 1376 laxa
1202 1348 1327 1377 vacant.

585 1396 656 1428 Iam
680 1399 796 1439 regnat
820 1396 954 1428 verbum
976 1397 1088 1439 patris,
1112 1396 1176 1428 iam
1200 1399 1315 1429 cuncta
1337 1397 1498 1439 gubernat

629 1448 741 1480 Virtus
764 1448 832 1480 vita
854 1448 956 1486 salus;
981 1459 1068 1481 mors
1091 1448 1161 1480 fera
1184 1449 1270 1481 victa
1293 1449 1366 1481 silet

587 1500 736 1532 Surrexit
758 1500 850 1532 vivus
873 1511 1027 1543 rumpens
1049 1501 1228 1533 retinacula
1250 1501 1343 1533 loeti:

629 1553 727 1585 Nulla
750 1553 837 1585 valet
861 1563 1021 1585 summum
1043 1553 1092 1585 vis
1115 1553 1255 1585 retinere
1280 1552 1386 1585 deum.

517 1618 542 1637 25
586 1605 662 1648 Ipse
686 1605 792 1637 libens
815 1605 956 1637 animam
979 1605 1088 1648 posuit
1110 1605 1339 1648 propriamque
1362 1607 1550 1648 resumpsit:

628 1657 757 1689 Ponere
781 1667 878 1700 quam
901 1657 1017 1700 potuit,
1040 1667 1105 1689 non
1127 1667 1297 1689 remanere
1320 1657 1404 1690 sinit.

588 1709 694 1746 Quam
718 1709 775 1741 dat
797 1719 856 1751 pro
879 1709 991 1741 mundi
1013 1709 1090 1750 vita,
1113 1709 1279 1742 revocavit
1301 1709 1453 1742 eandem:

631 1761 723 1798 Quae
747 1761 851 1801 datur,
875 1761 1046 1804 accipitur;
1070 1761 1190 1793 tradita
1213 1762 1303 1794 salva
1324 1766 1446 1794 manet.

587 1813 667 1846 Tale
693 1813 787 1845 datur
810 1813 950 1856 pretium
973 1813 1093 1854 mundi,
1116 1814 1264 1846 mirabile
1286 1814 1371 1854 fatu:

519 1879 544 1898 30
633 1866 751 1898 Totum
777 1868 933 1907 servatur,
957 1865 1104 1898 redditur
1126 1869 1224 1909 atque
1248 1866 1352 1900 datur.

587 1917 665 1954 Quis
688 1917 749 1949 fari
772 1917 891 1958 valeat,
915 1917 1003 1960 quod
1025 1917 1140 1950 fecerit
1161 1919 1231 1961 ipse
1254 1918 1462 1962 redemptor?

630 1969 750 2012 Empto
774 1969 906 2012 potitur,
930 1969 1078 2012 possidet
1101 1973 1134 2002 et
1155 1971 1305 2013 pretium.

587 2021 614 2053 O
638 2022 695 2053 lux
717 2024 878 2064 perpetuo
901 2021 1030 2064 fulgens
1054 2022 1273 2065 mundumque
1296 2023 1455 2064 revelem,

629 2073 756 2106 Victrix
778 2073 976 2115 umbrarum,
1001 2084 1080 2117 quas
1102 2074 1157 2116 pia
1180 2073 1280 2106 corda
1301 2074 1426 2116 timent,

515 2139 539 2158 35
586 2125 702 2157 Custos
725 2126 768 2157 sis
790 2125 914 2166 Karoli,
939 2125 1007 2167 (sis)
1033 2129 1120 2158 tutus
1143 2129 1177 2158 et
1198 2126 1340 2169 undique
1363 2138 1483 2169 murus,

629 2177 773 2220 Protege
796 2181 925 2220 sceptra
947 2178 1004 2219 tui,
1028 2178 1083 2221 qui
1105 2179 1234 2222 regitat,
1257 2179 1379 2212 famuli.

587 2315 645 2348 Sat
667 2319 718 2347 sat
740 2326 922 2359 perpaucos
944 2317 1090 2359 ingratos
1113 2327 1235 2360 ponere
1258 2328 1386 2350 versus:

629 2367 787 2399 Molestus
809 2369 879 2410 regi
903 2368 981 2411 quid
1004 2369 1092 2400 valet
1114 2371 1282 2401 astruere?

587 2419 682 2456 Quod
705 2419 802 2462 plane
826 2420 977 2463 perhibet
999 2421 1065 2452 iam
1088 2431 1192 2464 nuper
1212 2421 1327 2454 dedita
1348 2421 1457 2453 Musa:

515 2484 540 2503 40
627 2471 756 2514 Expers
778 2472 939 2504 mercedis
962 2473 1071 2513 tristis,
1095 2473 1198 2505 inanis
1222 2476 1301 2505 erat.

322 2633 375 2667 [Vh]
395 2634 411 2660 2
430 2644 497 2660 mors
516 2635 578 2661 add.
594 2636 715 2669 Ilm-ster,
733 2637 844 2670 spatium
857 2646 967 2663 vacuum
979 2639 1082 2671 reliquit
1095 2638 1120 2663 R
1188 2637 1205 2663 5
1217 2642 1309 2664 suaeta
1321 2637 1346 2662 B
1416 2637 1447 2662 11
1463 2636 1628 2671 *strictisque
1641 2638 1666 2663 R
1736 2626 1768 2664 15}
1780 2639 1871 2664 Totam

217 2677 253 2701 sie
273 2676 296 2701 le
383 2677 424 2702 29.
437 2678 471 2703 32
490 2680 603 2711 precium
623 2680 647 2704 R
734 2680 768 2706 35
787 2679 844 2706 *sis
862 2690 911 2707 om.
930 2681 956 2706 B
1042 2681 1076 2707 39
1094 2682 1179 2707 aedita
1197 2681 1222 2706 R
1240 2690 1307 2707 corr.
1328 2681 1417 2706 Maius

321 2760 377 2796 [vn]
398 2763 431 2789 10
448 2764 486 2797 cf.
504 2772 590 2798 supra
610 2773 626 2791 v
639 2765 681 2794 40.
