2138 3106
820 108 1043 136 FREDIGARDI
1062 109 1237 138 CARMINA.
1785 115 1847 146 339

567 195 713 227 Aethere
738 195 895 227 stellifero
919 196 1026 238 coepit
1048 206 1144 238 quam
1167 197 1324 240 plurimus
1348 198 1453 230 imber

566 247 720 279 Defluere
743 247 847 279 mixto
871 247 993 279 tonitru
1017 248 1171 291 durisque
1195 250 1315 292 lapillis

566 298 637 330 Iam
660 299 733 331 loca
755 309 814 341 per
835 299 928 340 plura
950 300 1083 331 nimium
1109 300 1296 333 sitientibus
1319 302 1414 334 arvis.

567 351 620 383 Sic
644 351 763 394 pri(ma
786 350 983 391 ebdo)mada
1005 355 1075 383 tota
1097 352 1282 385 madefacta
1305 354 1446 386 cucurrit

501 415 527 435 20
565 402 750 434 Cultoribus
774 405 881 434 terrae
905 412 1059 444 magnum
1083 403 1279 445 praestando
1304 405 1465 437 iuvamen.

564 454 617 486 Ex
640 455 702 487 hoe
725 455 859 486 arvicoli
881 454 995 486 laudes
1019 454 1148 486 domino
1174 456 1371 497 cecinerunt,

565 505 630 543 Qui
651 506 772 548 inrigat
795 516 874 538 arva
896 509 977 545 sata,
1001 506 1157 538 fecundat
1181 510 1213 539 et
1236 507 1348 549 ymbre
1373 519 1527 550 supernO.

0 562 6 587 ‚¹
564 557 651 590 Exin
675 557 860 590 ebdomada
882 558 969 590 Iunii
992 559 1178 600 mensisque
1203 559 1348 591 secunda

169 610 172 614 ”
427 618 430 619 ’
565 609 703 642 Insolito
726 610 825 642 tellus
848 609 920 642 visa
942 614 991 641 est
1015 613 1169 642 concreta
1191 621 1335 643 manere.

962 851 1083 884 CVIII.

0 907 9 963 i
346 921 348 923 ’
410 923 684 961 ALLOCVTIO
711 923 1039 968 INQVISITORIA
1067 924 1337 969 MENTISQVE
1364 923 1639 960 RESPONSIO.

562 1006 650 1039 Dum
674 1006 821 1039 residens
845 1010 991 1039 mentem
1015 1007 1123 1039 lentus
1146 1008 1336 1050 perquirere
1359 1011 1501 1040 nostram

563 1058 675 1102 Coepi,
698 1069 762 1102 quo
784 1059 863 1091 mihi
886 1062 1047 1098 narraret,
1069 1060 1131 1092 sibi
1154 1060 1231 1102 quid
1254 1070 1381 1102 quoque
1403 1061 1513 1099 vellet,

563 1110 726 1154 Tempore
750 1122 808 1143 cur
829 1113 921 1143 tanto
945 1111 1065 1143 faciem
1088 1115 1235 1154 gestaret
1257 1122 1411 1153 amaram,

0 1163 7 1185 -ῑ
561 1162 702 1195 Lumina
724 1162 867 1195 demissa
890 1165 959 1194 toto
983 1173 1056 1194 cum
1081 1174 1216 1206 corpore
1239 1164 1325 1195 flexo

0 1228 7 1244 ι
512 1227 524 1245 ⁶
560 1214 653 1247 Haec
677 1214 747 1246 infit
769 1217 897 1246 contra:
921 1214 1045 1247 ‘Metuo
1069 1225 1216 1247 reserare
1239 1216 1358 1255 futura,

562 1265 655 1303 Quae
679 1266 742 1298 cito
765 1266 959 1309 perspicies,
983 1270 1109 1299 tantum
1133 1268 1161 1299 si
1185 1268 1345 1300 manseris
1368 1278 1471 1310 usque

562 1317 600 1350 In
624 1318 685 1351 hac
708 1318 838 1351 mortali
864 1319 940 1358 vita,
964 1329 1027 1361 qua
1051 1319 1184 1352 creditis
1209 1330 1293 1359 esse,

561 1370 667 1411 Eheu,
690 1381 787 1413 quam
809 1371 943 1403 nimium
967 1371 1092 1403 felices.
1137 1371 1276 1414 Propter
1298 1371 1440 1403 honores

562 1422 728 1455 Instantes
754 1423 863 1460 sudas,
889 1433 970 1465 quos
993 1426 1141 1455 temnere
1164 1426 1274 1455 mente
1298 1433 1435 1455 necesse
1459 1426 1521 1461 est,

498 1486 523 1506 ιο
560 1473 611 1506 Ne
634 1474 746 1517 plures
770 1474 936 1507 baratrum
961 1475 1083 1507 saciant
1106 1478 1278 1518 penetrare
1302 1474 1508 1518 profundum,

564 1524 636 1562 Quo
658 1525 755 1558 fletus
778 1529 902 1568 perstat
925 1525 1025 1566 dirus,
1048 1537 1185 1569 magnus
1209 1537 1310 1570 pavor
1332 1530 1440 1568 atque.

561 1577 596 1610 Si
620 1578 742 1610 fuerint
765 1578 864 1621 aliqui
887 1581 1087 1622 quapropter
1108 1579 1192 1611 lacte
1216 1579 1329 1611 nutriti

559 1630 670 1663 Vestri
693 1630 857 1663 inhiantes
880 1631 967 1663 illius
991 1631 1175 1663 discurrere
1199 1631 1331 1674 cleptim

560 1682 613 1714 Ad
637 1683 781 1725 speeiem
803 1683 907 1726 ruptis
931 1683 1041 1723 frenis,
1065 1682 1115 1714 his
1140 1683 1219 1723 fare,
1243 1693 1316 1725 age,
1339 1682 1431 1721 dure,

497 1747 521 1765 ιε
559 1733 718 1770 Quatinus
741 1735 913 1778 implorent
936 1734 1111 1774 dominum,
1135 1734 1190 1778 qui
1212 1738 1330 1767 cuneta
1352 1734 1523 1776 gubernat,

561 1785 643 1819 Inde
666 1787 755 1830 ipsos
778 1786 989 1829 retrahatque
1013 1797 1072 1819 sua
1094 1787 1212 1819 virtute
1235 1786 1370 1830 potenti.

562 1837 624 1871 Die
648 1839 757 1879 etiam,
781 1849 844 1881 quo
868 1849 903 1870 se
927 1841 1077 1878 caveant,
1101 1849 1143 1871 ne
1167 1838 1252 1870 forte
1276 1838 1448 1880 locumque

560 1889 725 1922 Amittant
747 1901 868 1930 carum,
892 1890 933 1923 ab
957 1890 1030 1922 aliis
1054 1889 1261 1922 dominentur
1283 1889 1404 1931 inique,

561 1941 624 1978 Qui
648 1943 780 1975 minime
803 1942 926 1974 fuerint
949 1941 1086 1974 studiosi
1108 1942 1198 1974 facta
1221 1941 1317 1973 silere

495 2004 522 2024 πο
558 1992 769 2036 Illorumque,
793 1994 899 2036 magis
924 1993 983 2025 sed
1006 1993 1122 2035 cuique
1146 1992 1290 2035 pandere
1313 1992 1397 2024 luce.

560 2044 700 2087 Insuper
722 2044 909 2085 adtendant,
932 2044 1119 2077 iamdudum
1144 2054 1206 2087 quo
1229 2043 1326 2077 modo
1348 2044 1438 2086 passi

558 2095 664 2129 Multa
686 2096 778 2129 fuere
800 2097 887 2129 mala
908 2097 1049 2140 propriis
1072 2107 1092 2128 a
1114 2096 1231 2128 finibus
1254 2106 1368 2128 omnes

561 2149 730 2182 Aedioulis
753 2149 839 2193 pulsi
861 2149 980 2182 misere
1005 2147 1181 2181 habitando
1203 2147 1330 2180 alienis.

560 2200 634 2233 Hoc
658 2201 760 2244 cybus
784 2201 913 2233 illorum
936 2199 1146 2233 memorando
1171 2200 1214 2232 sit
1236 2209 1365 2242 quoque
1389 2209 1529 2241 semper.

494 2264 520 2284 τε.
559 2251 698 2285 Cessent
717 2252 827 2285 officio
851 2252 1021 2285 mussandi
1044 2252 1182 2294 aliisque
1205 2250 1354 2290 nocendi,

559 2303 685 2336 Israhel
709 2304 852 2336 officium
874 2315 934 2347 per
958 2303 1043 2347 quod
1065 2303 1166 2346 geniti
1190 2303 1356 2345 perierunt

559 2355 812 2398 Pergradientes
835 2356 1014 2393 desertum3
1038 2358 1147 2388 mente
1171 2355 1233 2387 hoc
1256 2354 1473 2396 habeantque,

558 2406 626 2440 Da:
650 2407 731 2440 deus
755 2408 925 2440 omnificus
949 2408 1057 2440 forsan
1080 2407 1288 2439 miserebitur
1310 2405 1384 2438 illis.

298 2571 331 2597 16
347 2572 428 2606 imper
446 2581 512 2598 corr.
531 2571 557 2596 B
660 2572 693 2598 19
710 2572 809 2606 *prima
826 2573 858 2598 da
876 2572 901 2597 B
1004 2570 1038 2596 20
1055 2570 1165 2603 *magno
1183 2570 1209 2595 B

298 2613 409 2648 [cvm]
427 2614 697 2647 *INQVISITORIAE
715 2616 740 2640 B
833 2615 850 2640 9
867 2615 933 2640 suda
951 2624 1016 2639 corr.
1037 2614 1061 2639 B
1155 2613 1187 2638 13
1206 2614 1318 2638 discurre
1338 2613 1362 2638 B
1454 2611 1485 2637 14
1502 2611 1646 2645 *Aspiciem
1664 2612 1690 2637 B
1741 2611 1802 2638 *hos
1816 2612 1841 2637 B

195 2657 230 2683 16
247 2658 315 2691 ipsos
331 2658 358 2683 ὄπ
375 2658 392 2684 l.
409 2667 433 2683 r.
451 2658 476 2683 B
589 2657 624 2684 20
641 2667 677 2684 (m
694 2658 859 2684 *visandei-e?
962 2657 993 2682 21
1014 2656 1122 2690 *passim
1141 2656 1165 2681 B
1276 2655 1310 2681 23
1328 2656 1400 2689 pulse
1418 2664 1485 2680 corr.
1504 2655 1529 2680 B

298 2750 415 2785 [CVHL]
435 2751 450 2778 7
468 2751 518 2784 cfr.
536 2759 559 2778 c.
579 2751 623 2785 01,
639 2752 678 2779 12.
785 2753 818 2778 15
834 2751 883 2784 cfr.
901 2759 922 2777 c.
944 2749 1125 2783 XXXVIII,
1139 2750 1163 2776 8.

1581 2795 1634 2821 43*
