2040 2996
263 137 321 166 ¹70
822 133 964 160 SEDULII
983 132 1111 159 SCOTTI
1130 131 1297 158 CARMINA
1315 131 1350 158 11.

626 219 737 252 Aurea
760 220 787 251 si
810 220 937 262 lampas
960 222 1071 251 noster
1094 221 1189 261 pater
1211 229 1249 250 ac
1273 218 1372 250 decus
1396 228 1490 248 omne

674 271 744 303 Nec
768 282 826 303 nos
851 271 1030 311 desereres,
1056 270 1176 312 optime
1201 270 1343 312 praesul,
1367 279 1455 300 oves.

628 323 781 366 Improba
804 323 885 354 dura
906 323 1035 365 hiemps
1058 323 1183 364 glaucis
1207 321 1334 353 hirsuta
1357 321 1492 363 capillis,

675 375 767 406 Tune
791 375 898 407 scelus
922 377 1047 406 tantum
1072 373 1196 416 grande
1221 373 1377 415 nefasque
1400 375 1516 415 paras?

547 435 570 452 ¹⁵
629 427 700 459 Nec
724 427 844 458 nostris
866 426 1018 466 lacrimis,
1041 426 1194 468 precibus
1218 436 1279 457 nec
1302 425 1443 456 flecteris
1465 424 1570 462 uum,

675 479 836 511 Cautibus
860 489 878 510 e
904 478 1058 523 Scithicis
1082 489 1117 509 es
1142 478 1217 520 quia
1240 480 1318 509 nata
1341 477 1419 508 fera.

627 531 643 562 I
667 534 786 570 tamen,
811 531 895 562 alme
919 533 1012 572 pater
1035 530 1183 561 felicibus
1207 529 1316 561 addite
1340 528 1447 567 rebus,

674 583 739 615 Per
761 583 874 614 niveos
899 593 1030 624 campos
1055 593 1113 624 per
1128 582 1316 624 vitreasque
1340 581 1420 619 vias,

629 634 916 677 Oornipedumque
941 634 1067 676 hiemps
1092 645 1188 666 cursu
1211 634 1356 665 calcetur
1379 643 1536 675 equorum

545 694 570 712 2⁰
675 686 725 718 Ac
749 686 863 718 duram
887 686 1006 718 faciem
1030 686 1168 718 verbera
1189 685 1271 717 dura
1292 685 1442 727 probent.

629 737 764 769 Inclitus
788 737 940 768 Andreas
966 736 1107 768 Simonis
1131 736 1171 768 ad
1196 736 1284 768 edita
1306 736 1407 776 Petri,

674 789 726 821 Ad
749 789 884 821 fratrem
906 789 1009 821 frater
1032 800 1089 820 vos
1113 789 1198 821 ferat
1220 789 1408 820 incolomes.

629 842 676 874 Te
701 844 887 884 praesente,
915 844 1018 883 pater,
1042 841 1219 872 laetabitur
1243 851 1343 872 aurea
1366 840 1471 872 Roma

675 894 718 925 Et
741 904 816 936 spes
839 893 930 925 urbis
955 893 1029 931 eris,
1054 893 1150 924 turris
1174 896 1208 924 et
1231 892 1404 925 ecclesiae.

547 952 571 972 2⁵
629 945 694 982 Qui
718 945 843 977 domuit
866 945 993 987 gelidos
1019 944 1138 976 Scitico
1163 945 1223 976 sub
1248 944 1378 976 elimate
1402 944 1530 976 nimbos

676 997 834 1029 Doctrina
856 997 934 1029 fidei
957 997 1039 1028 lucis
1065 997 1291 1039 evangelicae:

630 1049 834 1085 Quaesumus
858 1049 960 1091 ipsius
985 1049 1107 1080 meritis
1131 1049 1348 1091 precibusque
1373 1048 1490 1087 beatis,

677 1102 728 1134 Ne
752 1101 844 1133 vobis
868 1103 1010 1133 noceant
1032 1101 1155 1143 frigora
1178 1101 1305 1132 nimbus
1328 1100 1472 1143 hiemps;

632 1154 704 1186 Sint
726 1153 828 1185 vestri
852 1153 986 1185 comites
1010 1155 1279 1195 protectoresque
1303 1152 1416 1184 fideles

548 1213 573 1231 30
678 1205 880 1237 Caelicolum
903 1215 1066 1247 proceres,
1090 1207 1204 1236 sancta
1228 1207 1359 1236 caterva
1381 1204 1457 1246 poli.

630 1258 669 1289 In
695 1257 826 1289 Christo
850 1257 973 1297 valeas,
1000 1266 1205 1299 quocumque
1228 1255 1419 1298 migraveris
1442 1255 1535 1287 orbe:

678 1309 753 1340 Hoc
777 1318 917 1350 quoque,
942 1308 1150 1350 Musigenum
1174 1307 1270 1340 turba
1294 1319 1422 1348 canora,
1447 1318 1536 1339 sona.

1073 1448 1113 1469 Vl.

882 1494 993 1526 ITEM
1016 1493 1079 1525 AD
1103 1493 1304 1525 EUNDEM.

631 1560 751 1591 Ducite
775 1559 816 1591 ab
840 1559 921 1590 urbe
945 1558 1054 1597 decus,
1078 1557 1204 1597 Musae,
1228 1557 1414 1590 venerabile
1437 1560 1595 1596 nostrum,

679 1611 885 1653 Florigerum
909 1613 1037 1653 patrem
1061 1609 1170 1641 ducite
1193 1610 1234 1641 ab
1258 1609 1338 1641 urbe
1362 1609 1473 1642 decus.

634 1664 728 1704 Filia,
753 1674 884 1705 quaeso,
910 1662 999 1702 Sion,
1023 1665 1167 1694 nostram
1191 1672 1232 1694 ne
1256 1661 1409 1704 lampada
1432 1661 1559 1695 tardes:

680 1716 731 1747 Ne
755 1726 815 1747 nos
838 1715 1015 1754 fuscemur,
1039 1714 1116 1752 filia,
1141 1725 1273 1756 quaeso,
1298 1714 1386 1746 Sion.
1419 1755 1421 1757 ‚

635 1767 781 1800 Candida
803 1767 919 1806 Roma,
942 1766 1030 1798 refer
1054 1766 1180 1797 eunctis
1204 1765 1349 1808 optabile
1373 1776 1508 1802 munus;

681 1820 780 1862 Spem
804 1818 914 1860 magni
935 1818 1059 1860 populi,
1084 1817 1222 1849 candida
1244 1817 1359 1858 Roma,
1383 1818 1480 1850 refer.

634 1871 683 1903 Tu
707 1870 861 1902 Tiberine
884 1873 988 1912 pater,
1013 1869 1067 1911 qui
1091 1873 1203 1911 turges
1226 1869 1349 1901 vertice
1373 1880 1466 1907 cano,

681 1922 837 1954 Nostrum
857 1922 954 1963 vmitte
977 1925 1115 1964 patrem,
1139 1925 1175 1952 tu
1198 1921 1352 1953 Tiberine
1375 1923 1486 1963 pater;

636 1975 686 2006 Sit
709 1974 769 2006 tibi
793 1984 870 2005 cura
893 1974 941 2005 tui
965 1984 1050 2005 nunc
1073 1973 1190 2015 glauco
1214 1976 1348 2015 pectore
1370 1972 1488 2011 Rheni,

554 2035 578 2053 1⁰
683 2026 853 2068 Oornigeri
875 2026 984 2057 fratris
1009 2026 1050 2057 sit
1073 2025 1132 2057 tibi
1156 2036 1234 2057 cura
1256 2025 1319 2057 tui:

633 2079 753 2121 Irrigat
774 2079 845 2121 ipse
868 2088 970 2119 genas
995 2077 1158 2120 spumosis
1181 2077 1339 2109 imbribus
1362 2077 1508 2116 horrens,

682 2130 903 2163 Glaucicomis
926 2129 1022 2161 undis
1045 2129 1160 2172 irrigat
1182 2129 1253 2172 ipse
1277 2140 1390 2171 genas,

371 2290 404 2315 13
421 2291 529 2323 hyemps
542 2290 642 2323 passim
656 2289 678 2314 C
755 2287 787 2313 16
806 2287 944 2313 seicithicis
963 2295 1029 2312 corr.
1044 2283 1074 2312 C'⁴
1142 2285 1174 2311 19
1193 2295 1243 2319 que
1250 2290 1317 2318 post.
1331 2286 1394 2311 add.
1406 2286 1428 2311 0
1504 2285 1538 2310 25
1550 2286 1651 2311 sciticos
1662 2285 1686 2310 G
1694 2294 1761 2310 corr.
1775 2283 1924 2309 Duemmler

268 2335 367 2366 nimpos
386 2343 453 2360 corr.
466 2334 488 2359 G
607 2331 662 2365 [vl.]
682 2333 720 2358 ed.
733 2332 882 2356 Duemmler
895 2331 926 2355 ib.
934 2339 964 2363 p.
978 2329 992 2355 7
1006 2339 1058 2362 sqq.
1138 2328 1155 2354 2
1174 2330 1311 2362 Flogerum
1324 2329 1346 2355 0
1355 2338 1421 2354 corr.
1436 2329 1585 2354 Duemmler
1629 2329 1705 2354 dicite
1719 2327 1742 2353 C
1816 2326 1833 2352 3
1845 2334 1924 2359 queso

267 2377 369 2409 saepius
382 2376 404 2402 Ο
488 2376 504 2402 8
522 2377 583 2402 mite
601 2385 668 2402 corr.
681 2375 703 2401 Ο
753 2378 824 2407 pater
838 2374 860 2399 0
875 2382 942 2399 corr.
956 2373 1106 2398 Duemmler

372 2465 404 2491 13
428 2464 568 2500 [Amaia]
588 2465 663 2498 const.
686 2472 734 2491 cer.
759 2466 783 2490 et
805 2462 880 2489 Mem.
907 2464 978 2496 (tom.
993 2462 1022 2495 Ι,
1044 2462 1095 2488 271
1114 2461 1160 2494 cfr.
1175 2469 1204 2494 p.
1218 2461 1280 2494 632)
1306 2461 1322 2487 7
1344 2459 1459 2494 Frigida
1480 2460 1559 2487 venit
1583 2459 1673 2486 hiems
1694 2458 1794 2494 rigidis
1815 2458 1924 2484 hirsuta

268 2516 385 2550 capillis.
482 2518 514 2544 15
532 2517 599 2543 Aen.
613 2516 654 2550 ΙΙ,
673 2517 724 2543 689
746 2515 874 2550 precihus
899 2514 923 2541 si
945 2507 1063 2541 flecteris
1085 2513 1158 2540 ullis.
1253 2513 1285 2539 16
1303 2512 1371 2538 Aen.
1390 2512 1442 2545 IV,
1465 2512 1516 2538 366
1541 2520 1577 2546 sq.
1599 2511 1648 2539 sed
1671 2511 1748 2538 duris
1771 2509 1872 2545 genuit
1895 2510 1925 2536 te

269 2567 397 2594 cautibus
421 2568 535 2594 horrens
555 2569 559 2601 Ι
580 2568 730 2599 Caucasus;
754 2567 802 2600 cfr.
821 2566 944 2601 Zinyerle
964 2565 1037 2592 Ovid.
1060 2567 1105 2591 etc.
1125 2564 1146 2591 I
1148 2585 1156 2598 ,
1175 2564 1217 2591 42.
1305 2564 1338 2590 18
1356 2563 1431 2590 For-t.
1451 2563 1482 2597 V,
1500 2565 1545 2595 11,
1567 2565 1584 2590 6
1602 2564 1655 2590 Per
1677 2562 1797 2598 glaciem
1821 2561 1924 2588 vitreas

268 2628 311 2646 mc
331 2620 429 2653 loquor
450 2619 502 2646 isse
522 2620 588 2647 vias.
681 2621 713 2646 19
738 2619 804 2646 Aen.
830 2619 880 2652 VI,
899 2619 950 2646 591
975 2619 1004 2644 et
1027 2617 1207 2651 cornipedum
1233 2625 1312 2643 cursu
1337 2615 1387 2648 (sic
1405 2623 1458 2649 pro
1481 2615 1562 2649 pulsu
1587 2623 1608 2641 e.
1624 2623 1649 2649 y.
1667 2615 1796 2642 Romus.
1819 2622 1840 2640 s.
1858 2613 1926 2648 Π.)

270 2671 415 2697 simularet
438 2680 580 2705 equorum.
686 2672 720 2698 23
748 2679 833 2698 aurea
860 2671 950 2698 Roma
973 2670 1020 2703 cl'r.
1044 2669 1104 2696 Do.
1121 2677 1142 2696 s.
1161 2677 1184 2696 v.
1202 2668 1266 2695 urbs
1288 2675 1373 2694 aurea
1396 2671 1420 2694 et
1447 2667 1522 2700 Graf
1540 2667 1628 2694 Roma
1650 2668 1720 2694 nella
1742 2666 1866 2693 menwria
1885 2666 1926 2693 de]

268 2731 301 2749 m.
319 2731 338 2750 e.
358 2723 380 2757 I,
393 2725 409 2750 6
421 2732 473 2757 sqq.
491 2726 515 2750 et
535 2725 592 2751 152.
680 2725 713 2750 32
731 2724 779 2756 cfr.
792 2723 867 2750 Fast.
886 2723 931 2756 VI,
951 2723 1010 2750 671.
1125 2721 1180 2756 [vn]
1203 2722 1215 2747 l
1235 2720 1295 2747 Ed.
1313 2720 1393 2754 VIII,
1413 2720 1446 2746 68
1465 2719 1564 2748 Ducite
1583 2720 1618 2747 ab
1637 2719 1705 2747 urbe
1723 2719 1844 2751 domum,
1862 2726 1925 2746 mea

269 2776 400 2807 carmina,
419 2775 513 2803 ducite
532 2775 673 2811 Daphnin.
763 2776 777 2802 7
799 2775 843 2804 Ge.
864 2775 915 2809 IV,
934 2775 985 2802 369
1009 2775 1090 2810 pater
1109 2773 1265 2801 Tiberinus.
