2060 3074
244 145 262 174 3
269 145 307 174 76

531 396 567 414 iso

534 649 570 668 με»

246 737 508 772 RESPONSIO.

536 910 572 928 190

532 1170 567 1188 ivs·

536 1432 575 1450 ‘200

537 1691 575 1710 205

359 1782 504 1815 AGIUS.

539 1951 578 1971 210

358 2312 408 2338 180
426 2313 475 2338 *Et
488 2313 513 2338 B

928 136 1109 163 DIALOGUS
1129 135 1214 162 AGII.

608 226 843 257 Maestificatur
867 224 951 255 enim
976 226 1085 254 vestro
1109 233 1203 253 sacra
1228 222 1347 252 femina
1370 221 1449 252 fletu

652 277 694 308 Et
717 277 818 308 tristis
843 276 961 307 vestris
984 275 1124 306 officitur
1147 273 1302 305 lacrimis.

609 328 795 360 Psalmodia
818 338 902 359 nunc
926 327 1054 359 debetis
1078 325 1240 357 deducere
1265 327 1400 356 matrem

649 381 745 423 (NJec
769 381 853 412 hanc
878 380 1038 412 continuis
1062 378 1254 421 prosequier
1277 377 1432 409 lacrimis.

610 434 663 465 Sic
687 432 879 465 deducenda
903 435 954 464 est
977 433 1010 464 in
1035 431 1183 462 vivorum
1209 430 1390 472 regionem,

653 488 707 520 Sic
731 485 992 519 commendanda
1016 487 1131 516 sancta
1154 483 1215 515 deo
1240 485 1293 514 est
1316 482 1434 514 anima.

609 540 679 571 Nec
703 550 759 571 vos
783 539 862 571 flere
887 538 993 575 decet,
1018 536 1058 568 dc
1082 547 1146 578 qua
1170 535 1330 567 caelestia
1353 533 1512 576 gaudent:

652 591 726 622 Non
751 592 864 633 lugere
889 590 984 621 decet
1007 589 1068 626 hie,
1093 587 1148 619 ubi
1174 586 1322 618 Christus
1348 588 1438 617 ovat:

609 639 806 674 &anserum
831 653 904 674 cum
929 652 989 674 noc
1013 640 1157 672 lacrimis
1182 639 1287 681 possit
1312 637 1457 670 revocari

656 688 726 720 Nec
750 689 844 720 fletus
869 693 972 736 prosit
996 691 1190 724 omnimodis
1215 690 1347 732 aliquid.

618 741 706 772 Vera
729 741 860 783 quidem
883 757 946 777 non
970 745 1172 786 ambigimus,
1196 754 1281 786 quae
1305 742 1395 779 dicis,
1419 740 1532 772 haberi

657 792 700 824 Et
723 793 844 825 frustra
867 797 974 825 tantm
998 796 1136 828 fundere
1161 805 1221 827 nos
1245 794 1412 828 lacrimas:

617 844 683 876 Sed
706 848 815 877 tamen
841 845 899 876 has
924 845 1015 887 ipsae
1040 848 1171 879 minime
1196 847 1349 879 cohibere-
1373 845 1519 877 valemus

654 897 723 928 Nec
747 897 875 939 quimus
900 897 1024 928 luctum
1047 898 1172 940 pellere
1197 899 1398 931 continuum.

613 948 750 984 Quando
774 949 992 988 recordamur,
1017 949 1104 991 quod
1128 949 1203 980 talis
1228 951 1349 982 femina
1373 949 1494 981 dudum

655 1000 750 1032 Nunc
774 1001 946 1033 immaturo
970 1001 1089 1032 obierit
1113 1000 1276 1041 occubitu,

612 1052 750 1089 Quando
775 1053 983 1085 recordamur
1005 1056 1072 1085 tam
1097 1053 1307 1085 multimodae
1330 1053 1477 1095 pietatis.

655 1105 737 1136 Tam
761 1115 862 1147 purae
886 1105 973 1144 fidei,
998 1108 1065 1136 tam
1089 1105 1183 1136 nitidi
1207 1105 1338 1147 eloquii,

607 1157 746 1194 Quando
770 1157 978 1189 recordamur
1002 1168 1108 1189 mores
1134 1160 1292 1200 actusque
1317 1160 1474 1193 sacrato&

655 1209 792 1240 Vultum
817 1209 990 1241 iocundum
1014 1212 1112 1252 atque
1136 1209 1311 1251 benignum
1335 1210 1489 1249 animum,

613 1261 695 1292 Cum
719 1261 819 1293 vitam
842 1262 964 1294 nostris
989 1262 1093 1293 oculis
1118 1262 1311 1304 opponimus
1335 1272 1467 1293 omnem

656 1312 922 1357 Ounctorumque
947 1325 1059 1346 sumus
1082 1325 1141 1346 nos
1164 1314 1294 1356 penitus
1318 1324 1490 1351 memores,

614 1367 705 1403 Quae
730 1367 782 1398 vel
807 1377 888 1398 sana
911 1366 1000 1409 prius
1025 1367 1076 1398 vel
1100 1369 1175 1409 post
1198 1367 1263 1398 iam
1286 1366 1443 1408 languida
1465 1366 1558 1403 dixit,

656 1418 748 1455 Quae
772 1418 851 1450 fecit
874 1419 973 1450 variis
998 1419 1111 1450 inclita
1134 1418 1348 1461 temporibus,

614 1471 696 1503 Cum
719 1472 801 1511 loca,
826 1471 898 1513 quis
923 1471 1038 1503 sedere
1062 1471 1163 1513 prius,
1189 1470 1285 1513 (quis)
1312 1474 1399 1502 stare
1424 1471 1563 1509 solebat,

656 1522 805 1555 Maestae
830 1523 990 1554 maerenti
1014 1523 1176 1554 cernimus
1201 1522 1335 1554 intuitu:

613 1574 695 1606 Cum
718 1575 799 1606 haec
824 1577 942 1606 cuncta
964 1574 1059 1606 simul
1083 1578 1245 1606 maestum
1269 1585 1325 1606 cor
1348 1585 1447 1617 saepe
1472 1574 1629 1610 revolvat,

656 1626 711 1658 Nil
734 1626 829 1658 nobis
853 1626 939 1657 aliud
963 1637 1048 1658 nunc
1072 1627 1133 1658 nisi
1157 1627 1235 1658 flere
1259 1627 1364 1659 iuvat:

614 1678 667 1710 Sic
690 1679 811 1710 etenim
836 1678 974 1710 fortasse
1000 1678 1091 1710 dolor
1114 1678 1221 1710 cordis
1245 1679 1417 1721 levigatur,

657 1730 744 1762 Dum
768 1730 861 1772 quasi
886 1741 947 1772 pus
971 1730 1134 1772 quoddam
1158 1731 1292 1762 eicimus
1316 1731 1492 1764 lacrimam.

609 1782 684 1814 Non
707 1783 753 1815 ita
775 1783 820 1822 fit,
845 1793 951 1825 neque
975 1783 1107 1825 ploratu
1130 1782 1220 1815 dolor
1244 1783 1462 1821 imminuetur,

658 1834 725 1867 Sed
748 1835 852 1877 magis
878 1835 1041 1867 excrescit
1065 1839 1098 1867 et
1122 1836 1213 1877 quasi
1237 1828 1344 1867 flendo
1368 1835 1461 1867 redit.

615 1887 707 1919 Sicut
730 1887 816 1919 enim
841 1897 958 1929 corpus
984 1890 1153 1919 crescente
1178 1887 1291 1930 splene
1314 1887 1455 1919 tabescit

658 1939 911 1981 Augmentoque
937 1950 995 1973 suo
1018 1939 1164 1971 membra
1186 1940 1253 1972 lien
1278 1943 1434 1980 macerat,

615 1990 670 2023 sio
694 2001 822 2034 quoque
846 1991 1027 2023 fomentum
1052 1991 1215 2034 quoddam
1238 1992 1341 2034 liquet
1364 2003 1438 2024 esse
1461 1992 1584 2024 doloris

658 2043 731 2075 Hos
754 2046 882 2074 vestros
906 2043 1013 2083 fletus,
1038 2043 1123 2075 hunc
1147 2044 1316 2085 gemitum,
1339 2043 1399 2075 has
1423 2043 1583 2075 lacrima&

617 2094 688 2126 Has
713 2094 865 2137 equidem
888 2095 1004 2126 crebra
1026 2095 1176 2127 accendit
1200 2095 1380 2138 speculatio
1404 2095 1529 2134 horum,

660 2145 754 2183 Quae
777 2147 895 2178 vestris
919 2147 1023 2178 oculis
1047 2147 1198 2190 opposita
1221 2147 1379 2180 asseritis.

618 2312 668 2339 201
688 2314 746 2345 quis
759 2322 807 2339 om.
820 2313 846 2338 B
863 2313 965 2338 addidit
983 2312 1034 2338 Pez
1137 2312 1188 2339 20ss
1207 2314 1257 2347 pijs
1270 2313 1295 2338 B
1313 2322 1380 2339 corr.
1394 2313 1470 2338 Pertz
1525 2313 1653 2345 quondam
1667 2312 1692 2337 B
1710 2321 1778 2338 corr⁴
1803 2309 1916 2334 Harum·

357 2399 406 2425 177
434 2397 511 2432 Quod
534 2398 722 2424 Hathaemmflae
744 2398 895 2431 scandet-um
917 2405 1038 2424 soa-arum
1060 2397 1178 2424 lam-rimis
1202 2398 1292 2431 umeri
1315 2398 1392 2431 dicit,
1420 2398 1469 2430 cfr.
1493 2406 1540 2431 ca,
1567 2405 1637 2431 quac
1660 2397 1696 2424 E.
1721 2394 1862 2423 Huwbner
1884 2401 1918 2420 ex

254 2450 372 2483 Hmwtii
393 2450 424 2476 cle
443 2450 579 2483 Propertio
602 2450 755 2477 lectionibus
775 2450 805 2476 in
830 2450 1098 2477 OEmnaentationibus
1121 2450 1152 2476 in
1173 2449 1296 2476 hommem
1328 2450 1375 2476 Th.
1396 2450 1553 2476 Mommsem'
1575 2449 1665 2476 auidi-t
1685 2457 1748 2483 pay.
1782 2446 1838 2483 100,
1875 2445 1918 2471 Sic

253 2511 279 2529 ιι.
300 2502 471 2530 1122-1123
492 2502 616 2529 Heloissa
636 2502 782 2528 Abaela‘rdi
800 2502 920 2528 conium}
943 2501 1037 2528 vitalis
1054 2502 1143 2537 rotulo
1161 2502 1327 2536 subsmipsit:

719 2553 791 2588 Ergo
811 2553 879 2588 quid
897 2553 1019 2584 lacrime,
1038 2553 1106 2587 quid
1124 2554 1168 2580 tot
1185 2553 1315 2587 tantique
1334 2553 1441 2580 dolores

774 2597 929 2623 Prosunt?:
949 2596 989 2623 nil
1009 2597 1122 2631 prodest.
1139 2596 1185 2623 hic
1204 2596 1290 2628 dolor,
1309 2596 1364 2623 imo
1383 2598 1479 2627 nocet3

720 2640 773 2667 Sed
793 2640 859 2667 licet
878 2639 987 2667 utilitas
1006 2649 1039 2667 ex
1058 2640 1125 2667 fletu
1143 2640 1221 2667 nulla
1240 2642 1380 2674 sequatur,

822 2683 872 2710 Est,
890 2685 985 2710 tamen
1005 2691 1072 2717 εφη·

255 2735 310 2761 ride
334 2735 432 2761 Album
455 2736 677 2769 paleoyraphiqne
702 2736 788 2762 Paris.
814 2735 880 2762 1887
903 2736 955 2761 tal».
982 2735 1080 2761 XXX.
1189 2736 1236 2762 192
1259 2743 1293 2761 sc.
1318 2743 1404 2760 annos
1433 2735 1575 2762 XXXIV
1595 2738 1662 2761 matu
1681 2754 1688 2767 ,
1711 2734 1760 2766 cfr.
1788 2732 1851 2767 Ayii
1873 2731 1916 2759 ru.

256 2786 384 2814 Hnthnm.
404 2795 463 2821 cap.
482 2788 516 2814 29
534 2788 596 2821 (SS.
615 2789 630 2815 l.
650 2797 671 2815 c.
688 2797 748 2822 paq.
769 2790 838 2823 1723).
