2040 2996
649 153 696 180 DE
716 154 872 181 RECTORI
876 154 942 181 BUS
961 154 1105 181 CHRISTI
1108 155 1129 180 Α
1135 153 1200 181 NIS.
1690 156 1746 186 161

895 276 958 298 xiv.

262 322 367 358 Quam
389 322 447 353 lux
470 322 567 354 rutilo
589 333 674 354 nova
697 322 790 354 caelo

262 373 315 404 Fit
337 377 431 415 grata
454 374 678 406 habitantibus
702 373 815 405 orbem
1034 373 1205 405 Dominam
1230 374 1412 406 medicatur
1434 375 1600 412 honoram,

263 424 344 456 Post
366 425 478 457 nubila
501 426 604 457 noctis
627 436 749 467 opacae
1036 425 1138 456 Simul
1162 426 1261 457 anxia
1284 437 1360 458 cura
1383 426 1524 458 creantis

262 476 367 508 Phebi
390 477 537 509 radiante
560 487 691 515 corona,
955 483 980 502 2⁰
1032 476 1184 508 Animam
1209 477 1331 526 deitate
1355 477 1537 509 beandam?

1034 322 1100 353 Cur
1123 333 1185 354 non
1209 324 1313 365 potior
1337 324 1497 355 medicina

198 553 209 569 ⁵
262 545 367 581 Quam
392 556 444 576 ros
469 545 653 577 sitientibus
677 545 763 576 arvis

261 596 343 637 Post
365 596 486 628 torrida
510 600 659 628 caumata
682 597 802 635 caneri,

262 647 388 679 Boreae
412 651 487 690 post
509 648 629 690 frigora
653 658 752 679 saeva

262 698 330 730 Ver
352 699 602 741 florigerumque
626 710 777 731 serenum
803 717 842 722 -

1034 545 1114 581 Quis
1138 546 1274 577 vulnera
1296 546 1411 577 tollere
1436 546 1551 588 culpae

1035 596 1162 628 Medico
1186 597 1306 639 poterit
1328 597 1398 628 sine
1422 597 1554 628 docto?:

1035 647 1183 679 Caveant
1205 649 1305 689 igitur
1327 648 1540 687 dominantes,

1034 699 1133 731 Vitiis
1157 700 1184 730 si
1208 702 1318 731 mente
1342 699 1528 735 labascunt;

263 768 317 800 Sic
340 769 571 810 praeveniente
595 769 701 811 piaclo
954 774 978 793 ‘2⁵
1033 767 1163 800 Adeant
1186 769 1392 810 medicosque
1418 768 1548 810 peritos,

184 828 208 845 ¹⁰
260 819 400 851 Animae
424 820 458 851 fit
481 831 556 852 cara
579 819 720 852 medela:
1034 819 1114 856 Quis
1138 820 1266 851 discant
1288 820 1428 852 subdere
1453 820 1546 857 eolla,

262 871 385 903 Morbis
407 871 611 903 medicantur
633 871 759 903 anhelis
1036 870 1156 902 Christi
1181 871 1304 914 pictate
1329 871 1505 909 ministros,

185 1101 207 1119 15

262 921 332 954 Iam
356 923 475 965 quique
498 922 682 954 salubribus
706 922 826 954 herbis.

261 990 409 1022 Tulerint
432 1001 495 1033 quo
519 992 663 1034 corporis
688 1002 788 1033 aegra

263 1041 349 1074 Cura
373 1042 526 1084 vigilante
550 1044 671 1086 sagaci,

261 1093 417 1125 Famulae
441 1094 469 1125 si
492 1097 583 1126 tanta
606 1094 789 1137 rependunt

261 1144 383 1187 Fragili
406 1145 623 1178 medicamina
646 1147 754 1186 carni,v

1037 922 1100 959 Qui
1123 926 1261 965 possunt
1284 923 1408 965 pellere
1433 922 1574 953 morbos.

1037 991 1120 1023 Oleo
1145 992 1284 1033 vinoque
1308 991 1430 1023 salubri

956 1050 981 1068 ³⁰
1033 1042 1104 1075 Nec
1129 1054 1191 1075 non
1216 1043 1413 1075 caelestibus
1437 1042 1546 1074 herbis

1038 1094 1184 1126 Paradisi
1207 1095 1284 1126 flore
1310 1095 1428 1126 creatis

1037 1145 1221 1188 Extingunt
1243 1145 1314 1178 dira
1338 1156 1474 1177 venena.

647 1214 816 1246 Revocant
838 1215 963 1246 animas
987 1218 1021 1246 et
1045 1215 1086 1246 ab
1111 1215 1184 1246 imis

647 1266 759 1298 Verbo
783 1267 941 1308 virgaque
966 1266 1108 1308 potenti:

567 1325 593 1343 ³⁵
647 1317 736 1355 Quas
760 1321 873 1350 saneta
896 1318 1033 1350 caelitus
1057 1321 1128 1350 arte

647 1369 824 1402 Revehunt
846 1369 888 1402 ad
911 1379 1035 1412 pascua
1058 1369 1153 1401 vitae.

900 1501 951 1523 XV.

1035 1551 1085 1583 Ae
1109 1551 1198 1582 zelus
1222 1550 1314 1582 ardet
1337 1552 1422 1582 intus

1037 1603 1146 1634 Caeco
1170 1603 1279 1634 surore
1304 1606 1428 1638 cretus;

1037 1655 1153 1686 Aenea
1175 1654 1279 1686 servet
1302 1655 1366 1685 olla

1035 1706 1105 1738 Nec
1128 1706 1174 1737 sic
1197 1706 1308 1737 furens
1332 1706 1365 1737 in
1388 1708 1487 1743 astra,

364 1551 445 1583 Post
467 1551 594 1582 inclitos
618 1550 748 1583 labores

365 1602 414 1634 Ae
438 1603 550 1634 laurea
572 1603 711 1645 trophea

365 1653 458 1696 Toga
481 1653 641 1686 candente
664 1654 756 1696 pacis
960 1662 983 1680 ι’»

367 1705 410 1737 Et
434 1706 524 1747 regia
548 1716 669 1737 corona

304 1781 314 1798 ⁵
367 1774 479 1805 Lectis
501 1773 642 1806 micante
665 1775 803 1816 gemmis

366 1825 521 1867 Auroque
546 1828 675 1867 compta
697 1825 792 1865 flavo,
1037 1825 1166 1858 Infecta
1188 1837 1280 1858 mens
1304 1836 1446 1857 veneno:

367 1876 448 1908 Cum
473 1887 616 1919 purpura
638 1879 787 1908 coruscet
1037 1877 1160 1909 Nolens
1184 1877 1314 1908 modum
1341 1880 1452 1908 tenere

366 1928 471 1960 Aulae
494 1927 633 1960 decorus
657 1928 748 1967 ordo,
957 1936 982 1954 w
1036 1928 1101 1960 Cor
1124 1929 1230 1960 saevit
1252 1931 1288 1959 ut
1311 1928 1438 1960 leaena.

1038 1774 1107 1806 Ceu
1132 1774 1285 1817 principis
1310 1785 1426 1806 severa

370 1995 525 2028 Feliciter
547 1999 714 2039 regentem

287 2054 311 2073 ¹⁰
364 2047 446 2078 Cum
470 2058 540 2079 sors
564 2048 662 2080 beata
685 2051 792 2079 comat
815 2067 853 2070 —

365 2098 471 2135 Quam
495 2110 594 2142 saepe
618 2099 735 2132 mentis
759 2099 867 2131 aulam

366 2150 540 2182 Perturbat
562 2150 611 2182 ira
633 2161 800 2194 praeceps.

1039 1997 1160 2029 Miscat
1182 2000 1234 2028 tus
1258 2007 1337 2038 ergo
1361 1997 1460 2028 menti

1037 2047 1197 2090 Flagrans
1221 2047 1319 2079 odore
1343 2048 1444 2090 pacis,

1039 2099 1115 2131 Dux
1139 2099 1195 2131 fiat
1217 2110 1255 2130 ac
1279 2110 1414 2131 serenus

1038 2149 1140 2182 Grato
1165 2151 1289 2182 nitente
1313 2150 1415 2182 vultu.

596 2226 621 2246 ‘²⁵
673 2219 744 2251 Nee
768 2219 915 2251 iudicans
940 2219 982 2251 sit
1005 2222 1082 2250 ante

676 2268 781 2308 Quam
806 2271 927 2303 veritas
951 2273 1115 2313 patescat:

677 2321 763 2354 Nam
788 2322 919 2354 notione
942 2325 1048 2354 macte

676 2373 741 2405 Cor
764 2373 916 2416 splendet
939 2377 974 2404 ut
997 2374 1140 2406 lucerna.

207 2484 282 2519 [xm]
301 2485 318 2510 5
335 2486 485 2512 sicientibus
498 2486 523 2511 1²
608 2485 639 2512 14
658 2487 757 2512 uilante
770 2486 795 2512 Ρ
810 2495 877 2511 corr.
890 2486 979 2511 Maius
1445 2484 1476 2510 19
1495 2484 1647 2510 *Simulanti
1666 2485 1723 2509 iura
1733 2484 1758 2508 P

105 2526 136 2553 21
147 2529 278 2554 iulnmP
288 2527 341 2554 *tm
350 2529 473 2555 huleera?
521 2529 638 2556 24vioiia
647 2538 745 2562 nemper·
752 2530 777 2555 P
857 2528 921 2562 [xv.]
935 2529 966 2554 15
973 2531 1042 2554 Enea
1051 2529 1081 2560 P,
1095 2527 1147 2553 *an
1155 2529 1269 2553 Aetnaea
1279 2529 1359 2553 fervet
1368 2528 1434 2553 ocris
1441 2527 1454 2552 3
1501 2526 1550 2552 *17
1561 2527 1596 2552 20
1607 2526 1638 2552 19
1652 2526 1683 2552 18
1691 2527 1755 2552 ordo

104 2575 140 2596 m
155 2571 184 2596 in
196 2570 222 2596 P
303 2571 335 2597 21
354 2570 462 2598 ‘uiuat
473 2573 527 2604 tun]
545 2573 669 2599 Miseatur
678 2573 703 2598 P
787 2571 822 2598 22
839 2573 963 2605 Flagrans
975 2573 1024 2605 cfr.
1037 2580 1118 2604 supra
1129 2580 1154 2603 p.
1169 2569 1204 2596 48
1221 2570 1258 2595 ad
1270 2579 1292 2596 v.
1305 2570 1346 2601 82,
1366 2570 1434 2595 adde
1447 2570 1558 2596 Groeber
1575 2570 1604 2595 in
1619 2569 1753 2602 Woelfflin.

105 2614 176 2640 arch.
194 2614 236 2647 11,
255 2614 306 2641 424
323 2619 346 2641 d
364 2615 540 2648 Enqelbreom.
558 2619 616 2641 actu
635 2625 674 2641 ac.
692 2615 797 2640 Vindob.
819 2614 873 2647 CX,
889 2614 941 2640 512
958 2624 1009 2647 sqq.
1095 2613 1130 2639 27
1148 2613 1236 2638 ‘nacte
1248 2613 1274 2638 P
1290 2617 1364 2638 noete
1382 2613 1470 2638 Maius

1067 2484 1100 2511 17
1119 2486 1205 2519 pocior
1222 2494 1321 2518 :emper
1333 2485 1358 2510 P

211 2690 285 2726 [xm]
305 2691 320 2717 7
339 2691 396 2718 Ed.
417 2691 478 2725 VII,
500 2692 533 2718 51
554 2691 657 2718 Boreae
671 2711 677 2718 .
688 2711 694 2718 .
707 2691 820 2725 frigora.
908 2692 925 2717 8
943 2690 1018 2717 For-t.
1032 2690 1092 2722 ΙΙΙ,
1112 2690 1136 2721 9,
1152 2690 1164 2715 1
1178 2688 1306 2723 florigero
1320 2708 1413 2716 ......
1426 2696 1530 2715 sereno.
1616 2689 1646 2714 ll
1667 2687 1711 2714 Ge.
1725 2688 1759 2714 H

106 2749 127 2767 ο.
143 2742 192 2768 136
204 2741 316 2768 senibus
330 2742 505 2771 medicantur
517 2743 633 2775 anhelis,
646 2743 694 2776 cfr.
709 2742 794 2770 stud.
811 2743 878 2770 cath.
896 2742 933 2776 X,
949 2743 997 2769 105
1008 2750 1044 2775 σᾳ.
1123 2741 1158 2768 34
1175 2741 1252 2767 Fast.
1271 2741 1301 2774 V,
1314 2740 1364 2768 447
1378 2741 1456 2776 virga
1469 2740 1625 2767 venerande
1638 2740 1756 2774 potenti.

106 2793 170 2829 [ιι]
191 2793 223 2821 14
241 2802 339 2822 caecus
358 2795 433 2822 furor
458 2795 601 2830 Ver-quian-
691 2796 723 2822 18
741 2795 808 2821 Aen.
828 2795 892 2828 VIL
906 2795 956 2821 341
975 2794 1129 2829 Gorgoneis
1148 2792 1257 2820 Allecto
1275 2792 1380 2820 infecta
1398 2792 1520 2819 venenis.

207 2843 309 2868 ΡοκτΑι
327 2850 411 2868 unm
429 2850 488 2869 Αινι
507 2840 634 2869 cinnum
652 2844 697 2869 111.
1514 2839 1547 2865 21
