2060 3074
758 154 870 182 VITAE
888 155 915 182 S.
933 154 1102 182 GERMANI
1120 156 1229 183 LIBER
1241 157 1287 183 VI.
1781 160 1842 190 517

563 239 710 282 Cumque
735 244 768 273 et
791 240 1006 283 quadrifidum
1028 242 1102 274 finis
1125 242 1344 285 absumpserit
1367 244 1480 275 orbcm

483 303 523 323 ω»
561 291 780 340 Adfuerisque
804 294 852 325 tui
875 293 975 326 iudex
997 294 1030 326 in
1053 295 1185 327 numine
1209 296 1322 337 patris,

561 342 723 376 Iudicium
746 345 838 376 libris
861 348 1035 387 tecumque
1059 345 1187 378 sedebit
1209 347 1339 389 apertis,

562 394 639 426 Heu
663 396 734 437 quis
757 406 810 428 me
833 396 967 428 instanti
991 400 1059 428 tum
1083 397 1269 430 defensabit
1292 398 1333 430 ab
1357 399 1425 430 ira?

567 445 749 478 Subnixum
772 447 899 487 trabea,
922 448 1055 490 praesul
1079 447 1253 489 Germane,
1277 450 1435 492 perhenni

563 497 655 529 Tunc
679 497 765 530 inter
786 508 940 540 proceres
963 502 996 531 te
1020 509 1154 531 cernere
1178 500 1274 532 credo
1299 511 1466 543 supernos.

486 561 526 580 eso
563 548 652 591 Ergo
675 549 722 581 tui
745 553 825 590 tum,
849 553 962 582 sancte
984 554 1088 592 pater,
1112 551 1315 583 miserescito
1338 553 1432 591 vatis,

562 600 710 643 Cumque
733 601 828 633 olidis
850 602 995 634 iunctum
1018 602 1212 645 despexeris
1235 604 1361 635 eminus
1386 604 1500 636 haedis

562 671 600 676 --
625 652 665 685 Id
687 653 784 684 michi
808 664 883 685 nam
907 653 1068 696 spondent
1091 654 1252 686 scelerum
1275 659 1485 687 monumenta
1507 667 1653 688 meorum
1679 674 1728 694 —-‚

563 703 648 736 Tum
672 715 785 747 regem
809 705 962 747 precibus
985 705 1116 747 pulsare
1140 709 1305 738 memento
1327 706 1488 748 benignis.

560 755 729 788 Flectetur
751 759 850 796 certe,
873 756 961 788 dicet
983 757 1152 799 flexusque
1175 757 1340 789 ministro:

485 819 525 839 σεε
563 806 758 840 ‘Germanus
781 808 901 850 poscit:
926 818 990 840 non
1013 808 1063 840 fas
1086 809 1252 851 sprevisse
1275 813 1473 851 precantem.

562 859 662 891 Hunc
684 859 827 891 haedum
850 860 962 892 niveos
985 870 1082 902 quam
1105 861 1244 903 primum
1268 862 1410 893 transfer
1432 862 1465 893 in
1487 873 1606 904 agnos;

562 911 680 953 Agnus
705 914 759 956 eat
780 911 906 949 dexter,
931 911 1106 944 decoretur
1129 912 1252 944 vellere
1277 912 1433 954 pulchro.'

587 979 804 1006 EXPLICITVS
822 979 888 1006 EST
908 979 1035 1007 LIBER.
1050 980 1108 1007 VI.
1122 979 1234 1007 VITAE
1253 980 1325 1007 TER
1344 980 1451 1007 ΒΕΑΤΙ

198 1029 367 1057 GERMANI
388 1030 594 1059 PONTIFICIS
611 1030 658 1057 ΕΤ
676 1030 921 1059 CONFESSORIS
940 1031 987 1058 DE
1006 1032 1124 1059 PROSA
1149 1032 1189 1058 IN
1208 1032 1366 1059 METRVM
1386 1033 1625 1060 TRANSFVSAE
1644 1035 1691 1060 AB
1710 1035 1844 1062 HERICO

626 1082 696 1110 SVO
715 1083 831 1110 IPSIVS
850 1083 1030 1111 MONACHO
1049 1083 1173 1117 ATQVE
1191 1084 1418 1112 SCOLASTICO.

301 1204 408 1231 Scholia
425 1219 458 1224 —
476 1204 527 1231 661
545 1203 629 1238 onais]
649 1205 750 1231 foetidis

300 1298 352 1325 666
370 1301 491 1326 trmsfert
508 1309 575 1325 corr.
595 1300 620 1326 P
686 1300 895 1332 mhaecriptionem
914 1309 961 1326 om.
983 1300 1106 1326 Bacchius

306 2862 408 2890 Poma
426 2871 510 2890 uruu
527 2857 587 2891 htv·
604 2864 729 2891 Cunnum
746 2863 796 2895 m.
813 2863 839 2890 2.
1606 2864 1640 2890 66
