2092 3094
257 173 318 202 250

546 1013 570 1032 10

547 1273 569 1291 15

545 1533 571 1552 20

548 1791 572 1810 25

547 2052 572 2071 ³0

547 2310 571 2328 ³5

627 167 955 195 BIBLIOTHECARUM
975 167 1022 194 ΕΤ
1042 165 1327 193 PSALTERIORUM
1346 165 1484 192 VERSUS
1504 164 1552 191 III.

723 254 832 296 Leges
857 266 874 286 e
899 254 1019 286 veteris
1044 254 1117 285 sinu
1139 253 1288 284 novellae

723 306 827 338 Almis
851 307 1038 349 pectoribus
1061 306 1228 347 liquantur
1250 315 1339 343 ecce,

723 358 816 395 Quae
841 358 948 390 lucem
972 358 1104 401 populis
1127 356 1248 389 dedere
1274 356 1393 389 multis,

1071 494 1103 516 X.

627 540 655 573 Ο
680 540 792 580 decus,
817 552 836 573 o
859 540 1047 573 veneranda
1071 540 1169 579 salus,
1194 550 1212 571 o
1237 538 1407 582 splendide
1430 537 1548 578 David,

673 593 748 624 Rex
771 592 889 625 Carole
912 593 1008 632 alme,
1033 592 1105 634 vige
1128 590 1382 633 cunctipotentis
1406 601 1479 632 ope.

627 644 750 684 Gloria,
774 645 857 684 laus,
881 644 992 684 honor,
1017 654 1112 675 omne
1137 643 1268 682 decens,
1291 641 1458 673 miseratio
1483 641 1638 680 clemens,

673 696 786 727 Pictus
809 706 845 728 es
868 696 921 727 hic
944 695 1051 727 studio
1075 694 1154 727 artis
1179 694 1220 726 ab
1244 694 1375 726 eximio.

628 747 694 779 Sed
717 748 793 790 quia
816 751 884 779 tam
905 747 989 779 haec
1013 747 1151 778 rutilans
1179 746 1304 788 species
1327 746 1362 784 it,
1385 755 1450 777 non
1473 745 1535 776 nisi
1558 745 1636 777 fecit

673 799 762 831 Vera
785 799 844 838 tui,
868 799 973 831 omnis
997 798 1049 830 cui
1073 797 1160 830 cedit
1183 798 1291 839 imago
1315 796 1392 832 viri;

625 851 671 882 Es
695 851 783 893 prior
807 851 928 893 effigie,
954 861 1053 882 sensu
1076 850 1174 892 prior,
1199 849 1334 886 artibus,
1358 848 1445 880 odis:

673 903 736 935 His
760 903 850 945 prior
873 905 929 934 aut
951 903 1038 934 illis?
1063 921 1104 925 —-
1127 903 1231 933 restat
1253 901 1286 932 in
1310 900 1481 942 ambiguis.

627 954 679 986 En
702 955 786 987 bene
810 958 904 997 grata
926 955 991 986 tuis
1015 954 1097 986 haec
1120 953 1292 995 ignoratio,
1317 951 1439 984 David:

673 1007 795 1049 Fulget
817 1007 938 1049 ubique
962 1006 1053 1038 locus
1077 1005 1224 1037 laetitiae
1246 1004 1374 1036 nimius.

625 1058 704 1090 Fert
727 1062 760 1090 et
784 1058 831 1090 eis
854 1057 1038 1097 manifeste,
1062 1056 1147 1100 quod
1171 1056 1215 1087 sis
1238 1055 1343 1088 maior
1365 1055 1518 1097 utrinque

675 1110 804 1152 Magnis
827 1110 859 1141 in
884 1109 1020 1146 cunetis,
1046 1108 1196 1140 omnibus
1220 1107 1298 1139 orbe
1321 1106 1408 1138 viris.

626 1162 719 1193 Iusta
742 1161 847 1200 iubes,
871 1161 992 1192 iniusta
1014 1163 1118 1199 vetas,
1142 1159 1230 1190 mala
1253 1161 1370 1190 cuneta
1393 1157 1524 1190 recidis:

673 1213 781 1244 Dictis
806 1223 865 1244 seu
888 1212 983 1244 factis
1006 1212 1034 1243 is
1057 1211 1111 1243 via
1133 1213 1246 1242 sancta
1267 1210 1342 1242 tuis.

628 1264 720 1301 Quae
745 1265 845 1305 canis,
869 1265 939 1307 ipse
961 1263 1043 1296 facis
1066 1273 1174 1305 neque
1196 1262 1229 1294 in
1253 1262 1303 1293 his
1327 1261 1539 1304 reprehensio
1563 1261 1687 1293 sordet:

674 1317 766 1349 Haut
788 1317 821 1348 in
844 1320 991 1359 utroque,
1017 1315 1080 1347 nisi
1103 1315 1188 1347 actio
1210 1325 1293 1357 pura
1316 1313 1379 1346 dei.

626 1369 777 1401 Eclesiae
801 1369 896 1408 fotor,
921 1368 1016 1400 eleris
1040 1367 1237 1410 populisque
1260 1366 1410 1398 levamen

677 1421 918 1463 Ordinibusque
943 1420 1046 1452 sacris
1070 1430 1167 1462 quam
1194 1428 1286 1450 sacer
1310 1417 1388 1449 ordo
1414 1417 1504 1449 satis.

628 1473 693 1505 Per
714 1477 747 1505 te
770 1473 943 1515 pontifices
966 1482 1086 1515 pueros
1110 1481 1183 1502 cum
1207 1469 1384 1502 chrismate
1409 1472 1523 1501 sancto

675 1525 816 1557 Nomine
839 1525 880 1556 de
905 1524 1026 1557 Christi
1049 1524 1111 1555 rite
1135 1533 1256 1554 novare
1281 1524 1413 1564 queunt.

628 1577 709 1614 Quis
733 1577 848 1609 tribuis
871 1577 1009 1609 meritos
1032 1575 1149 1607 merito
1173 1573 1305 1606 deitatis
1327 1573 1479 1613 honores,

674 1629 762 1661 Dum
785 1633 818 1661 te
842 1629 954 1661 subdis
979 1628 1025 1660 eis
1049 1627 1147 1659 corde
1171 1637 1270 1669 opere
1294 1636 1350 1657 ore
1374 1625 1448 1658 fide.

629 1681 700 1713 Scis
725 1699 766 1704 —-
789 1680 864 1712 ideo
888 1691 1000 1712 servas
1026 1698 1076 1719 —‚
1101 1677 1187 1721 quod
1210 1678 1316 1721 portio
1340 1677 1459 1709 debeat
1482 1677 1529 1709 ire

674 1732 785 1763 Prima
808 1732 855 1764 tui
879 1731 1014 1771 domini,
1037 1731 1092 1773 qui
1117 1730 1208 1762 dedit
1230 1740 1303 1761 esse
1326 1729 1397 1762 tibi.

630 1784 762 1827 Pauper
786 1794 912 1826 egenus
933 1784 1027 1826 inops
1049 1781 1148 1814 vidua
1171 1781 1304 1814 orfanus
1327 1781 1445 1812 anxius
1470 1780 1569 1812 orbus
1593 1799 1634 1804 -—

675 1835 739 1867 His
763 1835 902 1877 aliisque
927 1834 1023 1866 datus
1047 1845 1083 1866 es
1107 1836 1201 1876 pater
1224 1835 1321 1875 atque
1345 1832 1449 1865 cibus.

627 1887 746 1919 Iudicii
768 1888 870 1919 volvis
894 1887 1015 1919 totiens
1039 1889 1188 1918 extrema
1210 1885 1277 1916 diei

676 1939 834 1982 Quodque
856 1939 962 1982 putris
986 1949 1061 1970 caro
1085 1938 1131 1969 sis
1154 1948 1193 1969 ac
1215 1937 1381 1979 periturus
1405 1936 1511 1968 homo.

627 1992 811 2034 Propterea
834 2002 870 2023 es
893 1992 997 2023 iustus
1020 1989 1164 2032 prudens
1187 1989 1280 2021 fortis
1304 1988 1503 2028 moderatus,

677 2043 815 2086 Semper
836 2043 930 2085 larga
952 2052 1068 2074 manus
1092 2044 1125 2073 et
1147 2041 1282 2084 pietatis
1306 2050 1399 2082 opus.

629 2094 712 2132 Quis
736 2095 867 2137 pluviae
891 2098 1012 2137 guttas,
1037 2104 1208 2125 numerum
1232 2093 1304 2135 quis
1328 2092 1418 2124 novit
1439 2092 1622 2124 harenae&

675 2146 723 2178 Te
746 2146 880 2178 laudare
903 2149 1014 2189 potest
1037 2145 1178 2188 pleniter
1201 2148 1258 2177 aut
1280 2144 1417 2177 merite?

629 2197 698 2230 Ceu
722 2199 891 2241 plumbum
915 2201 1063 2241 argento,
1087 2208 1144 2230 aes
1168 2207 1257 2236 auro,
1280 2207 1337 2228 rus
1361 2195 1468 2228 sidere
1491 2195 1603 2235 distat,

673 2250 812 2282 Gemma
835 2251 934 2282 vitro:
961 2249 1087 2282 scandit
1109 2249 1183 2291 plus
1207 2251 1264 2280 tua
1286 2248 1375 2280 fama
1397 2247 1504 2280 modo.

628 2302 716 2334 Ante
740 2302 832 2334 Brito
856 2302 982 2334 stabilis
1005 2302 1062 2333 fiet
1083 2301 1136 2333 vel
1158 2301 1262 2332 musio
1286 2300 1368 2331 muri

674 2354 746 2385 Pax
768 2353 866 2393 bona,
890 2363 987 2395 quam
1010 2361 1133 2385 nomen·
1153 2352 1239 2384 desit
1262 2351 1429 2394 honosque
1454 2354 1555 2383 tuum.

630 2406 701 2437 Iam
724 2406 788 2437 iam
811 2416 870 2448 pro
892 2408 994 2445 tanto,
1017 2415 1075 2447 pro
1098 2404 1156 2436 tali
1181 2414 1259 2446 rege
1282 2403 1433 2446 profusas

677 2456 776 2488 Orbis
801 2459 878 2498 agat
901 2467 1028 2488 mecum
1050 2459 1137 2487 totus
1161 2455 1291 2487 abunde
1314 2465 1446 2497 preces:

369 2587 414 2621 [x.]
427 2589 453 2621 f-
471 2587 524 2613 422

612 2587 644 2613 16
662 2586 748 2612 *AVT
767 2587 821 2612 cod.

367 2673 413 2706 [x.]
431 2673 464 2699 13
478 2672 617 2704 Theodulf.
629 2672 718 2706 praef.
733 2671 790 2698 Mal.
806 2672 855 2698 149
869 2671 947 2698 Iusta
963 2671 1070 2702 iubent,
1084 2671 1190 2698 iniusta
1205 2672 1312 2703 vetant,
1327 2672 1402 2698 mala
1412 2673 1513 2699 cuncta
1522 2671 1658 2699 recidunt.

258 2724 344 2757 praes.
369 2723 426 2750 bum.
444 2724 497 2750 203
526 2732 641 2750 numero
666 2722 841 2750 transcendit
863 2731 977 2750 arenam
1001 2724 1030 2749 et
1054 2722 1166 2757 pluviae
1188 2723 1293 2757 guttas.

1735 2671 1768 2697 31
1782 2670 1919 2703 Thoodulfi

1383 2723 1418 2750 35
1436 2723 1594 2750 Brittaniam
1613 2732 1676 2758 yma
1697 2731 1795 2757 semper
1811 2722 1920 2756 rebellis,

263 2783 379 2809 qzuwum
393 2783 522 2809 puymms
537 2775 666 2802 Vim'anus
684 2776 735 2802 551
753 2775 904 2808 interfaetus
922 2777 959 2802 est
976 2777 1006 2801 ut
1025 2783 1112 2801 versus
1125 2782 1211 2808 paene
1228 2774 1385 2802 vaticinatio
1402 2778 1461 2808 post
1477 2777 1595 2802 eventum
1611 2775 1741 2803 videatur.
1775 2774 1917 2809 Theodulf.

263 2827 300 2853 ad
318 2827 413 2853 Karol.
431 2835 481 2861 req.
501 2828 539 2861 (p.
558 2827 620 2861 487)
639 2836 661 2854 v.
681 2828 731 2854 163
751 2836 804 2862 sqq.
825 2828 898 2854 Ante
917 2848 923 2854 .
936 2848 942 2854 .
957 2848 962 2854 .
979 2828 983 2861 Ι
999 2828 1050 2854 aut
1068 2826 1176 2855 tumido
1195 2826 1267 2855 muri
1285 2826 1375 2854 musio
1393 2828 1474 2863 terga
1491 2827 1580 2856 dabit.
