2060 3074
735 242 782 269 DE
799 241 1027 269 SOBRIETA'PE
1046 242 1154 269 LIBER
1167 242 1202 269 11.
1733 245 1797 276 647

509 327 626 360 Sobria
648 329 717 361 vita
739 329 809 370 tibi,
833 329 922 360 cuius
945 328 1038 360 dator
1061 329 1168 361 editus
1190 339 1233 361 ex
1255 332 1288 361 te
1312 333 1375 361 est:

506 380 602 412 Hanc
623 380 717 412 nobis
741 381 893 412 comitem
915 383 972 412 tua
994 383 1107 412 sancta
1130 382 1232 413 oratio
1255 381 1381 413 reddat.

506 431 594 463 Alba
616 431 767 463 columba
789 431 898 463 ferens
919 435 956 463 ut
977 442 1110 464 ramum.
1127 432 1243 464 detulit
1265 443 1360 465 arcae

508 483 574 515 Ore
596 494 654 515 suo
677 483 823 524 viridem,
847 483 923 515 dum
945 494 1061 526 pacem
1083 486 1210 517 nuntiat
1233 485 1312 526 orbi,

435 547 460 566 ιο
505 534 568 575 Sic,
590 535 655 577 pia,
679 534 898 576 Christicolae,
923 536 978 577 qui
1000 539 1033 567 te
1055 540 1252 569 venerantur
1273 539 1430 577 amanter,

506 586 586 619 Paci
608 587 754 627 concilia,
777 587 922 629 genitam
946 598 1043 630 quam
1065 591 1179 620 ventre
1201 589 1299 621 beato

506 637 561 670 Ad
583 641 727 671 nostram
749 638 830 670 felix
852 638 972 679 fudisti,
996 639 1098 682 virgo,
1121 641 1269 673 salutem.

549 699 593 731 Π.
615 698 710 731 Nunc
733 699 861 730 Annam
883 699 1015 731 viduam
1038 700 1134 732 laetis
1156 701 1357 733 cantabimus
1381 701 1461 742 odis,

508 750 601 788 Quae
624 751 686 783 sibi
707 754 882 794 praerepto
905 751 1077 783 immatura
1097 755 1203 784 morte
1226 754 1342 785 marito

435 816 462 836 so
504 803 647 835 Ulterius
669 803 793 834 nullum
816 812 877 834 ceu
900 805 1005 835 turtur
1027 807 1117 836 casta
1139 805 1282 847 iugalem

507 854 666 897 Coniugio
690 854 823 897 dignata
845 865 904 886 suo
928 855 1061 887 viduata
1083 857 1248 889 remansit.

507 905 560 938 Sic
583 907 750 965 octogenis
773 910 807 938 et
830 910 982 965 quattuor
1003 908 1135 966 insuper
1157 909 1249 940 annis

505 1010 669 1042 Ardentes
691 1013 797 1042 motus
821 1010 925 1042 carnis
946 1011 1066 1043 virtute
1089 1011 1235 1054 subegit:

433 1075 458 1094 σε
502 1061 591 1094 Rore
614 1061 790 1105 pudicitiae
813 1064 880 1093 tam
903 1072 1040 1104 magnus
1063 1063 1203 1095 concidit
1225 1064 1318 1106 ignis.

504 1114 600 1146 Unde
622 1114 850 1157 prophetalem
873 1114 989 1146 merito
1012 1115 1138 1147 virtutis
1162 1115 1320 1147 honorem

504 1166 677 1209 Accipiens
700 1169 822 1198 tectum
844 1166 1006 1198 velamine
1029 1167 1132 1198 carnis
1154 1167 1264 1199 Iesum

506 1217 676 1260 Cognovit,
700 1217 741 1249 de
765 1227 828 1260 quo
852 1217 953 1249 multo
976 1227 1126 1250 sermone
1149 1219 1259 1251 locuta
1281 1221 1340 1250 est.

505 1269 559 1301 Sic
581 1269 735 1301 Salomon
757 1269 876 1300 Christi
900 1269 1110 1311 epithalamia
1133 1269 1283 1302 laudibus
1305 1281 1422 1302 ornans

434 1334 460 1354 w
502 1321 608 1353 Huius
631 1321 700 1352 avis
722 1323 852 1352 cantum
874 1322 1085 1362 praenuntius
1109 1331 1164 1353 ore
1189 1322 1328 1354 revelat:

505 1372 638 1405 ‘Audita
660 1375 710 1404 est
731 1374 842 1404 nostra
863 1372 896 1403 in
918 1375 1005 1404 terra
1027 1383 1093 1405 vox
1115 1372 1256 1405 turturis'
1279 1374 1391 1416 inquit.

505 1424 624 1456 Turtur
647 1423 750 1464 adest,
773 1423 910 1466 geminis
933 1434 1030 1466 quam
1053 1425 1144 1457 vexit
1165 1425 1272 1467 gratia
1293 1425 1418 1468 pennis,

505 1476 614 1508 Anna:
637 1486 699 1508 nee
720 1475 890 1516 immerito,
913 1479 1026 1508 sancta
1047 1476 1130 1508 haec
1152 1477 1228 1519 quia
1249 1477 1354 1519 gratia
1377 1477 1488 1508 fertur.

505 1528 581 1560 Istis
602 1527 779 1560 turturibus
800 1526 1013 1559 holochausta
1035 1527 1140 1560 fidelis
1163 1528 1329 1560 Abraham

434 1593 459 1613 τι
504 1579 631 1612 Obtulit
651 1579 707 1611 ille
731 1578 805 1619 deo,
830 1578 919 1610 cuius
942 1578 1025 1611 haec
1049 1580 1150 1622 stirpe
1174 1583 1284 1611 creata
1307 1582 1367 1620 est,

505 1631 587 1664 Cum
610 1631 672 1663 sibi
693 1631 787 1673 signa
809 1630 899 1671 deus,
922 1631 1031 1673 proles
1054 1641 1118 1674 qua
1141 1629 1228 1663 s'orte
1252 1631 1360 1663 futura

505 1683 557 1715 Ex
579 1686 670 1715 tanto
693 1682 840 1724 genitore
864 1682 959 1722 foret,
983 1685 1179 1714 monstraret
1201 1683 1316 1723 amico,

505 1734 587 1768 Cum
608 1745 668 1778 pro
690 1743 792 1776 regno
815 1733 910 1774 aries,
933 1744 992 1776 pro
1015 1734 1098 1776 legis
1121 1734 1209 1766 fasce
1232 1735 1369 1767 iuvenca

503 1787 633 1830 Ptoque
656 1785 747 1829 gravi
769 1785 929 1818 scelerum
952 1786 1072 1818 lesciva
1095 1786 1222 1829 capella
1244 1790 1338 1818 reatu

431 1853 458 1874 so
501 1840 611 1882 Atque
633 1838 783 1871 habitura
806 1848 864 1869 sua
886 1848 945 1879 pro
969 1838 1175 1880 simplicitate
1201 1838 1351 1870 columba

244 1969 366 1998 ‘to—105
382 1979 435 1997 um
446 1970 518 2004 solio
535 1969 618 1996 mico
630 1968 768 2001 persomme
779 1967 803 1993 L
890 1966 926 1993 80
945 1966 1096 1994 *columbas
1108 1968 1133 1993 A

244 2047 348 2076 58—435
367 2046 476 2081 amor.
490 2045 588 2072 Mor-11.
603 2044 735 2072 XXXII
743 2044 760 2071 3
777 2044 830 2077 (M.
844 2044 885 2076 76,
898 2044 971 2077 635).
1041 2043 1144 2070 61—68
1162 2042 1229 2069 Luc.
1242 2043 1267 2075 2,
1276 2043 1311 2070 36
1329 2044 1390 2070 eret
1402 2043 1485 2070 Anna
1497 2044 1672 2078 prophetissa
1685 2065 1691 2071 .
1701 2064 1708 2071 .
1720 2045 1753 2071 37
1766 2045 1795 2071 et

140 2099 209 2126 haec
232 2098 318 2126 vidua
340 2106 429 2132 usque
450 2097 487 2124 ad
509 2105 597 2124 annos
621 2095 771 2127 LXXXIV,
795 2103 867 2130 quae
891 2104 947 2122 nou
971 2095 1133 2122 discedebat
1155 2094 1191 2122 de
1216 2095 1335 2129 templo.
1363 2094 1476 2122 ieiuniis
1501 2097 1531 2122 et
1553 2095 1793 2123 obsecrationibus

139 2150 262 2179 serviem
279 2151 362 2178 nocte
379 2157 412 2176 ac
429 2148 484 2177 die.
518 2149 554 2176 38
570 2149 600 2175 et
618 2148 690 2176 haec
709 2147 772 2182 ipsa
791 2147 860 2174 hora
878 2146 1077 2181 superveniens
1101 2146 1288 2173 confitebatur
1311 2146 1424 2174 domino
1449 2147 1478 2173 et
1501 2147 1670 2181 loquebatur
1691 2147 1726 2174 de
1744 2147 1794 2174 illo

139 2202 276 2235 omnibus,
294 2201 343 2236 qui
361 2200 549 2236 expectabant
570 2199 792 2234 redemptionem
805 2199 988 2226 Hierusalem.
1057 2198 1091 2226 67
1109 2197 1199 2225 Sedul.
1219 2198 1334 2225 111294
1353 2197 1426 2225 texit
1444 2198 1590 2225 adoratam
1609 2199 1699 2226 carnis
1718 2198 1793 2226 vela-

140 2253 215 2281 mine
231 2253 357 2281 formam.
443 2252 543 2280 68-‘11
566 2250 670 2278 anaia.
687 2252 712 2284 2.
730 2251 762 2278 12
780 2259 833 2278 vox
857 2249 975 2278 turturis
997 2249 1097 2276 audita
1121 2250 1164 2276 est
1188 2249 1218 2276 iu
1237 2250 1312 2276 terra
1330 2250 1433 2276 nostra.
1521 2250 1562 2276 72.
1579 2250 1613 2277 73
1631 2249 1790 2285 Hier-mmm.

142 2303 235 2332 οιιοιιι.
253 2312 320 2340 m.
336 2303 424 2336 ³211
449 2304 532 2331 Am
548 2303 642 2339 gratia.
661 2296 729 2330 eius'.
821 2303 855 2330 74
877 2302 1024 2337 suffusum.
1045 2301 1100 2328 050.
1117 2301 1162 2328 aa·
1182 2301 1303 2328 XV124
1327 2309 1390 2328 eum
1413 2301 1614 2337 interrogasset
1638 2302 1789 2336 Abraham,

140 2354 291 2386 secuudum
310 2355 379 2390 quid
397 2355 488 2388 sciret,
507 2354 583 2390 quod
601 2354 680 2381 heres
699 2354 759 2381 eius
780 2353 842 2386 erit,
861 2353 935 2380 dixit
953 2353 995 2380 illi
1014 2353 1082 2380 deus
1099 2353 1183 2386 (Gen.
1202 2353 1243 2385 15,
1257 2353 1286 2387 9)
1303 2353 1408 2388 ‘accipe
1426 2353 1496 2380 mihi
1514 2353 1662 2381 iuvencam
1681 2353 1794 2381 trimam

140 2408 170 2435 et
186 2415 298 2442 capram
317 2407 430 2435 trimam
449 2409 479 2435 et
496 2407 615 2434 arietem
632 2406 749 2433 trimum
767 2407 796 2433 et
813 2407 952 2433 turturem
972 2407 1002 2433 et
1019 2405 1194 2432 columbam'.
1223 2426 1229 2432 .
1240 2425 1247 2432 .
1266 2405 1324 2432 sive
1343 2413 1393 2439 per
1411 2405 1559 2432 iuvencam
1580 2405 1739 2440 significata
1757 2405 1795 2432 sit

141 2457 220 2494 plebs
237 2458 331 2494 posite
347 2458 399 2486 sub
416 2458 484 2494 iugo
501 2458 582 2494 legis,
600 2466 650 2493 per
667 2466 780 2493 capram
800 2457 898 2485 eadem
916 2457 995 2492 plebs
1013 2457 1155 2492 peccatrix
1173 2457 1276 2489 futura,
1296 2465 1347 2491 per
1358 2457 1475 2484 arietem
1494 2457 1591 2484 eadem
1610 2457 1689 2492 plebs
1708 2457 1795 2484 etiam

140 2511 334 2545 matura..
352 2510 412 2538 sive
428 2510 538 2545 aliquid
551 2510 631 2538 aliud
643 2509 857 2538 convenientius
875 2509 930 2536 ista
948 2509 1116 2544 significent,
1134 2509 1213 2536 nullo
1232 2508 1313 2535 modo
1332 2510 1426 2536 tamen
1446 2508 1635 2536 dubitaverim
1653 2509 1794 2544 spiritales

140 2560 171 2589 in
188 2569 222 2589 eu
238 2562 440 2597 praefiguratos
458 2561 655 2590 additamento
675 2561 794 2589 turturis
812 2563 841 2588 et
859 2561 1013 2588 columbae.
1042 2562 1206 2595 ..utraque
1230 2561 1326 2587 tamen
1343 2560 1404 2587 avis
1423 2562 1465 2588 est
1485 2560 1603 2595 simplex
1623 2561 1652 2587 et
1670 2560 1793 2594 innoxia,

140 2612 300 2649 significum
317 2615 347 2642 et
364 2613 395 2641 in
411 2613 474 2650 ipso
492 2613 648 2642 Israelitioe
666 2613 780 2648 populo,
801 2613 845 2640 cui
865 2614 941 2640 terra
960 2612 1011 2639 illa
1024 2612 1118 2639 danda
1130 2613 1199 2644 erat,
1218 2612 1327 2639 futuros
1340 2611 1500 2639 individuos
1513 2611 1584 2639 filios
1603 2611 1794 2646 promissionis

141 2665 171 2692 et
186 2664 300 2692 heredes
317 2665 398 2700 regni
415 2665 446 2693 in
463 2666 579 2692 aeterna
596 2665 734 2693 felicitate
753 2665 886 2692 mansuri.
957 2665 998 2692 76.
1012 2664 1044 2691 77
1065 2664 1132 2691 Gen
1152 2665 1193 2696 15.
1206 2666 1226 2692 5
1242 2664 1359 2698 ¹suspice
1378 2664 1485 2691 caelum
1507 2665 1536 2691 et
1554 2671 1670 2691 numera
1689 2663 1793 2696 stellas,

141 2714 167 2742 si
182 2715 270 2750 poto-¹
289 2717 318 2743 et
334 2715 408 2743 dixit
425 2715 452 2743 ei
470 2716 519 2744 ‘sic
537 2717 592 2744 erit
608 2725 703 2744 semen
722 2717 820 2744 tuum'.
895 2717 998 2743 78—81
1019 2716 1163 2750 Intellege:
1176 2723 1226 2749 per
1242 2716 1354 2742 arietem
1371 2723 1490 2749 rmum,
1506 2722 1557 2749 per
1575 2715 1714 2742 iuvem-am
1731 2715 1794 2750 leqis

138 2765 229 2800 funis,
241 2774 292 2801 por
307 2767 436 2802 capellam
452 2768 577 2796 smum
593 2771 684 2795 reatus
696 2768 877 2802 similimum,-
894 2767 1013 2794 columba
1027 2769 1051 2793 et
1062 2769 1160 2799 tin-tm,
1181 2774 1236 2800 qua
1248 2769 1313 2793 namt
1325 2766 1499 2799 simplicitate,
1519 2768 1655 2793 castorum
1672 2766 1794 2800 imiynia

140 2817 1495 2854 mmmmmdtpodmcolumbahabitmaeaswsdwnmiienoncoeritm).
1583 2815 1794 2845 'lem-Lusci

143 2869 272 2904 nequitur
288 2870 394 2898 lasciva
411 2870 530 2906 capella.
564 2868 569 2873 ‘

1533 2921 1587 2948 82*
