2040 2996
289 118 350 149 224
849 115 995 144 SEDULH
1016 116 1145 144 SCOT'I'I
1164 115 1330 143 CARMINA
1349 109 1382 143 11.

656 202 782 235 ‘Frater
805 204 959 236 Sedulius
984 204 1091 235 casiae
1115 203 1156 235 de
1180 204 1258 235 flore
1282 204 1429 235 salutans

703 255 849 298 Exoptat
871 256 963 287 vobis
987 266 1144 298 prospera
1167 266 1316 298 quaeque
1338 255 1456 298 probis.

657 307 745 344 Quot
767 308 863 340 flores
887 308 974 349 ligno
999 309 1096 347 vitae,
1121 311 1199 350 quot
1222 319 1319 350 poma
1343 308 1517 346 virescunt,

575 366 600 384 2⁶0
703 358 742 390 In
765 359 975 401 paradisiacis
999 360 1148 399 cinnama
1171 363 1316 402 quotque
1340 359 1434 400 locis,
1463 353 1469 360 ⁵

657 410 747 447 Quot
771 411 912 453 liquidae
936 415 1069 443 manant
1092 414 1203 453 guttae
1228 411 1268 443 de
1290 412 1379 443 fonte
1404 411 1508 443 Siloa:

702 462 805 494 Vobis
829 463 1011 494 ambrosios
1034 467 1084 495 tos
1108 467 1206 495 vovet
1229 463 1284 495 ille
1309 463 1416 495 seifos.

656 514 794 546 Vestros
818 518 916 557 atque
941 514 1011 546 dies
1036 515 1229 557 multiplicet
1252 516 1338 547 alma
1360 518 1518 558 potestas,

702 565 740 597 In
763 568 851 597 terra
873 566 1024 598 meritum
1046 567 1306 609 multiplicetque
1328 567 1414 609 polo.

574 624 598 643 2⁵
652 617 689 648 In
714 618 844 649 domino
868 618 990 658 valeas,
1014 622 1126 661 pastor
1149 618 1243 658 bone,
1268 629 1416 661 grexque
1439 618 1580 650 decorus

704 669 780 701 Sive
804 680 899 715 rosae
923 671 1086 709 iuvenum,
1111 671 1180 702 lilia
1205 671 1272 702 sive
1298 681 1423 703 senum.

656 721 684 752 Ο
708 722 786 752 mihi
811 722 874 752 iam
899 722 997 753 liceat
1020 733 1095 754 mox
1119 723 1203 754 tales
1228 723 1330 754 visere
1355 722 1478 762 stellas,

701 773 766 805 Per
789 784 868 815 quas
893 777 980 805 terra
1002 775 1111 813 micat,
1136 785 1216 816 quas
1240 774 1409 816 paradisus
1433 778 1532 806 amat.

656 826 750 858 Edon
772 829 808 857 ut
831 825 971 865 videam,
995 826 1143 868 gaudens
1166 826 1233 857 illic
1257 827 1473 868 requiescam,

577 885 602 903 30
707 877 734 909 O
758 880 862 920 pater,
887 877 962 909 huic
986 897 1027 901 —
1051 877 1145 910 avido
1171 897 1212 901 —
1236 878 1412 921 propitiare
1438 877 1527 910 viro?

1070 987 1163 1008 Lxxn.

896 1041 1120 1074 SEDULIUS
1146 1041 1340 1074 OEOINIT.

658 1103 804 1145 Angelus
828 1103 995 1135 altithroni
1020 1103 1194 1135 comitetur
1217 1113 1285 1143 vos,
1311 1114 1401 1146 rogo,
1425 1103 1552 1142 fratres,

702 1155 842 1187 Vestrae
866 1165 978 1187 norma
1002 1155 1073 1187 viae
1098 1166 1138 1186 ne
1163 1155 1335 1187 salebrosa
1357 1155 1424 1194 fiat,

659 1207 725 1239 Sed
748 1207 831 1239 duce
856 1208 1070 1249 grammatica
1095 1218 1151 1238 vos
1175 1218 1227 1239 ars
1251 1211 1431 1250 cornupeta
1453 1207 1542 1239 fandi

703 1259 863 1301 Protegat
884 1262 917 1291 et
941 1263 1034 1291 scuto
1058 1270 1154 1291 sacra
1178 1259 1302 1302 Sophia
1325 1270 1400 1296 suo;

661 1311 761 1342 Cuius
787 1311 922 1342 suxistis
946 1311 1067 1342 teneris
1092 1322 1150 1343 vos
1174 1311 1277 1343 ubera
1299 1311 1411 1350 labris,

706 1363 830 1394 Musica
853 1373 918 1394 non
942 1363 1028 1394 absit
1051 1362 1319 1405 dulcisonumque
1344 1363 1466 1400 melos;

661 1414 801 1446 Messias
825 1414 918 1446 vobis
943 1415 1206 1446 succenturiatus
1230 1414 1363 1457 ubique,

708 1466 758 1498 Sit
782 1477 839 1498 ver
861 1467 1060 1508 florigerum,
1084 1467 1126 1498 sit
1149 1467 1298 1508 ariesque
1323 1466 1408 1509 poli;

659 1517 777 1548 Ethica
801 1517 1014 1549 Christicolas
1038 1517 1136 1550 ducat
1159 1521 1307 1549 cosmeta
1331 1517 1494 1560 sophistas

579 1576 603 1594 ¹⁰
707 1569 801 1608 Illuc,
825 1569 974 1601 Iordanis
998 1580 1061 1612 quo
1086 1570 1157 1601 fluit
1179 1569 1266 1601 unda
1289 1569 1395 1601 ferax.

658 1620 744 1652 Hinc
767 1621 868 1652 vestri
893 1621 1047 1652 Solimam
1071 1621 1190 1653 hilares
1213 1621 1353 1653 cernatis
1377 1621 1518 1664 opimam

706 1672 804 1704 Cultu
828 1673 952 1704 divitiis
977 1673 1209 1716 nobilibusque
1234 1673 1321 1705 viris.

659 1724 731 1760 Qua
754 1725 884 1756 Bachus
909 1729 1035 1767 regnat,
1060 1725 1155 1758 sedes
1180 1728 1213 1757 et
1235 1725 1330 1757 Musa
1353 1725 1484 1765 locavit,

705 1777 801 1816 Urbs⁷
826 1777 911 1817 colit,
935 1788 970 1809 es
993 1778 1083 1817 felix,
1108 1788 1204 1820 quam
1227 1777 1309 1810 deus
1333 1781 1430 1820 atque
1455 1777 1533 1814 dea;

578 1836 601 1854 1³
660 1828 807 1871 Incli(ta)
833 1832 865 1861 te
891 1829 1051 1872 Stephani
1077 1829 1135 1862 sed
1159 1830 1263 1861 maior
1285 1829 1374 1861 doxa
1397 1829 1553 1869 celebrat,

705 1881 802 1912 Unde
824 1881 916 1913 levas
940 1884 1057 1923 gnatos
1080 1884 1185 1913 mater
1208 1882 1241 1913 in
1264 1884 1353 1913 astra
1375 1884 1461 1913 tuos.

659 1933 706 1964 Te
731 1936 836 1975 pater,
859 1933 947 1965 alma
970 1944 1100 1975 parens,
1123 1933 1318 1973 Adventius,
1343 1944 1444 1965 aurea
1466 1933 1600 1976 lampas,

705 1985 853 2017 Moribus
878 1989 1015 2017 exornat
1038 1989 1151 2028 pastor
1174 1989 1208 2018 et
1231 1996 1287 2018 ore
1311 1985 1431 2025 rethor,

658 2037 763 2074 Quem
787 2037 908 2069 domini
931 2037 1033 2079 gratis
1059 2037 1248 2069 chrismavit
1272 2037 1387 2079 <st>illa
1410 2037 1561 2077 tonantis,

575 2095 601 2114 2¹⁰
706 2089 778 2125 Quo
804 2092 897 2130 regat
920 2089 947 2120 is
972 2089 1084 2121 niveas
1108 2100 1194 2132 papa
1217 2089 1334 2121 beatus
1358 2100 1447 2121 oves.

658 2140 759 2172 Cuius
783 2140 998 2172 aromaticum
1022 2140 1234 2173 transcendat
1257 2140 1366 2173 sidera
1389 2143 1511 2180 votum,

704 2193 825 2224 Vincat
847 2192 1018 2224 Pancheos
1042 2192 1284 2235 turibulumque
1309 2193 1447 2230 thimos;

659 2245 760 2276 Cuius
784 2244 904 2285 libetis,
928 2255 1006 2287 rogo
1031 2248 1168 2287 vosmet,
1192 2248 1227 2277 ut
1251 2245 1362 2277 oscula
1384 2245 1489 2288 pacis:

705 2296 814 2328 Dicite
839 2295 969 2328 cordaci
991 2297 1210 2339 florigeroque
1234 2297 1336 2340 patri:

397 2410 426 2435 17
451 2409 563 2436 *salutes
578 2411 600 2435 Ο
703 2410 734 2435 18
757 2410 832 2435 uobis
851 2408 884 2442 0]
909 2410 960 2435 del.
983 2414 1006 2435 et
1029 2410 1115 2436 adeor.
1138 2411 1224 2444 probis
1245 2411 1272 2437 0·
1295 2411 1345 2444 cfr.
1365 2410 1447 2443 XIX,
1471 2410 1487 2435 6
1507 2419 1534 2443 p.
1552 2410 1602 2436 185
1699 2409 1732 2435 19
1755 2410 1830 2442 Quod
1844 2410 1867 2435 0
1880 2419 1948 2435 corr.

292 2454 439 2479 Duemmler
561 2453 659 2487 [1,xxn.]
683 2454 740 2478 edd.
760 2453 910 2478 Duemmler
933 2453 1022 2479 Sedzd.
1046 2463 1125 2479 carm.
1140 2463 1169 2486 p.
1188 2453 1223 2479 30
1240 2463 1276 2486 eq.
1295 2454 1355 2479 iude
1373 2463 1391 2479 α
1408 2453 1443 2479 24
1463 2454 1576 2479 Pirenm
1588 2463 1618 2486 p.
1637 2453 1671 2478 69
1763 2453 1780 2478 5
1802 2453 1915 2478 tenebris
1929 2453 1952 2478 Ο

290 2505 356 2521 corr.
375 2496 524 2522 Duemmcer
607 2496 623 2521 8
642 2497 676 2522 sis
691 2497 714 2521 Ο
728 2505 795 2521 corr.
812 2496 962 2521 Duemmler
1047 2495 1079 2521 15
1097 2497 1189 2522 Inclita
1202 2497 1225 2522 0
1240 2506 1307 2522 corr.
1320 2497 1413 2530 Haupt
1499 2495 1531 2521 17
1549 2497 1690 2522 adveneius
1702 2497 1725 2522 G
1804 2494 1837 2521 19
1854 2495 1915 2522 *illo
1928 2496 1952 2522 0

289 2540 355 2564 inter
373 2538 406 2565 23
425 2544 451 2565 et
467 2539 501 2565 24
518 2541 616 2573 positus
633 2544 669 2565 eet
686 2549 711 2565 n.
732 2540 862 2565 LXXIII
877 2540 906 2564 ι”ιι
919 2540 942 2565 0

393 2617 428 2642 30
446 2616 599 2650 propitiare
617 2617 737 2650 imperat.
754 2616 906 2650 deponentis
924 2616 1072 2651 propitiari
1091 2624 1124 2643 az·
1138 2615 1264 2650 Vulyatae
1281 2624 1342 2648 usu,
1362 2615 1445 2642 avido
1464 2615 1529 2642 milui
1546 2615 1650 2642 videtur
1660 2615 1792 2649 serame
1805 2623 1858 2649 pro
1869 2605 1948 2647 aveo,-

289 2677 349 2694 cum
373 2667 401 2693 ίη
419 2668 567 2701 9Ζοε3αναηι
591 2668 709 2702 quodam
733 2668 797 2694 libro
821 2668 918 2702 leqisset
942 2668 1038 2702 auido]
1063 2668 1144 2702 cupio
1165 2676 1216 2702 pro
1241 2667 1344 2702 cupido
1366 2668 1413 2700 cfr.
1434 2667 1536 2694 Placia.
1556 2667 1593 2694 αἱ.
1613 2667 1765 2701 Densi-lina.
1785 2666 1824 2693 ad
1836 2668 1904 2701 μδ,
1921 2667 1946 2694 7.

291 2720 389 2754 [1,xx11.]
411 2720 441 2746 17
456 2719 605 2746 Adventms
623 2720 757 2753 wiscopus
771 2720 906 2746 Mcttensis
920 2721 1079 2753 (858-875)
1098 2720 1144 2752 cfr.
1158 2720 1311 2746 Duemmzcr
1328 2719 1415 2746 Sedul.
1427 2727 1508 2746 carm.
1523 2728 1551 2753 p.
1565 2719 1583 2745 2
1595 2719 1658 2745 adn.
1674 2719 1714 2745 10.
1795 2718 1830 2745 24
1845 2718 1946 2746 eordax

289 2772 306 2798 i.
326 2780 349 2805 q.
369 2771 498 2798 cordatus
519 2772 566 2804 cfr.
587 2772 758 2805 Enqdbrecht
775 2772 907 2806 Sitzysber.
926 2771 952 2798 d.
970 2771 1057 2798 Wien.
1076 2771 1127 2798 Alc.
1149 2771 1209 2804 CX,
1228 2771 1288 2798 466.
