2040 2996
774 139 884 168 LIBER
902 141 949 168 DE
968 141 1090 169 FONTE
1111 142 1229 169 VITAE.
1785 149 1824 179 79

539 226 663 268 Hostis,
686 230 723 258 ut
745 227 880 269 agnovit
901 228 1046 260 revocari
1070 229 1215 260 carmine
1239 230 1391 269 vinctum,

539 278 668 311 Fraude
692 279 783 311 dolos
807 280 894 311 acuit
916 279 1052 322 figitque
1076 282 1245 313 cacumine
1271 283 1368 314 culmi

539 329 745 362 Mortiferum
768 341 910 373 pomum,
934 332 1026 363 nexit
1049 332 1276 375 calamumque
1300 334 1454 375 dracone,

443 388 481 406 2¹⁵
539 380 668 413 Extulit
691 385 724 414 et
746 383 840 424 virga
861 383 991 425 signum
1013 394 1109 426 pomo
1134 385 1331 427 colubroque

538 432 625 465 Ante
648 437 775 476 patrem
798 435 989 476 prolemque
1013 445 1120 472 suam;
1144 446 1208 467 non
1232 437 1340 469 intulit
1361 438 1425 470 illis

539 483 625 524 Vim,
649 484 735 527 quod
758 488 874 527 sponte
898 496 958 517 sua
981 486 1092 517 cuncti
1114 487 1242 528 periere
1267 492 1454 530 sequentes

541 536 596 568 Sic
619 537 723 569 victor
745 547 882 580 serpens
905 538 1052 570 victricia
1076 538 1169 581 signa
1192 540 1314 572 levavit

539 588 582 620 Et
605 588 667 620 sibi
688 599 748 631 per
769 600 901 632 campos
924 590 1088 632 urbesque
1112 590 1294 634 domusque
1317 594 1432 635 petivit

443 647 481 666 22³⁰
538 639 582 672 Et
604 651 738 672 nemora
761 641 865 684 sculpi
889 641 1089 674 simulachra
1111 642 1272 685 deumque
1294 645 1421 685 precari

539 691 582 724 Se
605 692 702 724 iussit
724 692 955 735 hominumque
977 704 1082 735 genus
1107 694 1170 725 sibi
1195 694 1338 727 subdidit
1360 707 1463 728 omne.

501 744 613 786 Incipe
636 755 722 776 nunc
745 755 884 785 mecum,
907 746 1058 777 caelestis
1081 747 1198 788 gratia,
1222 757 1351 779 carmen

500 796 636 828 Aeterni
659 795 769 836 fontis,
793 797 917 839 scyphi,
940 797 1105 839 paschalis
1129 801 1162 830 et
1186 798 1296 830 horae.

539 848 606 880 Sed
629 848 710 880 deus
732 852 885 881 aeternus
909 849 1072 882 hominem
1098 850 1220 883 servire
1244 852 1377 883 metallo

443 907 480 925 22⁵
539 899 680 932 Indoluit
702 901 846 943 legitque
869 902 967 941 viros,
991 911 1071 944 quos
1095 913 1170 934 esse
1193 902 1372 945 prophetas

538 951 638 984 Iussit
660 956 694 984 et
717 957 880 985 errantem
903 953 1013 985 docuit
1036 964 1192 986 revocare
1216 958 1396 996 parentem.

538 1003 582 1035 Hi
605 1003 727 1036 domini
742 1004 860 1037 >videre
883 1004 1015 1037 domum
1037 1005 1224 1048 fontemque
1249 1006 1412 1045 biberunt⁷

539 1054 696 1087 Gustarat
717 1055 845 1099 palmae
868 1057 1008 1088 fructum
1033 1056 1092 1089 sed
1115 1057 1223 1089 nullus
1248 1068 1368 1097 eorum,

538 1106 680 1139 Vincula
702 1118 763 1139 nec
785 1109 890 1151 potuit
913 1109 1034 1151 captivi
1059 1109 1187 1140 solvere
1211 1109 1382 1151 quisquam
1406 1129 1447 1133 -—

443 1165 482 1184 ‘³³⁰
533 1159 692 1201 Aequalis
715 1160 802 1202 patri
825 1160 930 1192 donec
954 1160 995 1192 dc
1019 1161 1146 1202 virgine
1171 1165 1266 1193 natus

539 1210 642 1242 Filius
665 1210 798 1243 advenit
820 1211 967 1244 homines
989 1212 1132 1244 retinere
1156 1213 1307 1245 labantes

539 1262 582 1294 Et
606 1273 760 1295 revocare
784 1263 847 1296 sibi
869 1264 984 1296 mortis
1008 1263 1048 1295 de
1072 1274 1204 1296 carcere
1229 1265 1348 1307 lapsos.

539 1314 616 1356 Ipse
639 1314 768 1357 quidem
791 1325 949 1358 praesens
972 1315 1122 1347 dominus
1146 1316 1229 1348 haec
1253 1317 1352 1349 verba
1376 1317 1491 1349 salutis

540 1365 680 1408 Eloquio
704 1366 802 1406 dulci,
826 1367 948 1399 saliens
971 1366 1054 1406 fons,
1078 1367 1187 1399 intulit
1209 1367 1294 1399 orbi:

444 1424 481 1443 2³⁵
539 1417 772 1460 “Terrigenae,
795 1418 980 1461 quicunque
1004 1419 1092 1451 sitim
1115 1419 1319 1462 restinguere
1343 1420 1410 1452 rivo

539 1469 660 1509 Vultis,
685 1470 752 1511 (ad)
776 1474 945 1502 aeternum
970 1471 1090 1503 cursim
1114 1471 1302 1503 contendite
1326 1472 1460 1503 fontem:

539 1520 664 1554 Unicus
687 1532 766 1554 ecce
789 1522 843 1554 dei
866 1523 938 1554 fons
962 1523 1047 1555 vitae
1072 1523 1142 1555 iure
1165 1524 1319 1566 perennis

541 1572 648 1605 Effluo
673 1584 757 1605 nunc
781 1574 892 1617 largos
915 1574 1009 1607 vobis
1033 1575 1219 1607 sitientibus
1243 1575 1384 1617 ymbres.

539 1624 689 1668 Namque
713 1637 804 1659 meas
827 1626 993 1659 hominum
1017 1627 1163 1669 quisquis
1186 1627 1368 1668 gustaverit
1390 1627 1504 1665 undas,

445 1683 483 1702 2⁴⁰
540 1676 636 1708 Ultra
657 1687 723 1709 non
746 1677 848 1716 sitiet,
870 1678 950 1710 felix
974 1678 1032 1711 sed
1056 1679 1145 1711 vivet
1168 1679 1199 1710 in
1223 1689 1350 1711 aevum.

541 1728 682 1760 Oernitis
705 1740 782 1761 ecce
806 1730 937 1772 quidem
960 1731 1126 1773 praesenti
1151 1741 1287 1773 corpore
1313 1734 1426 1762 natum

542 1779 606 1818 Mc,
632 1781 733 1823 patris
757 1782 882 1814 aeterni
905 1782 1052 1824 genitum
1075 1782 1146 1814 sine
1169 1783 1324 1824 temporis
1348 1782 1444 1814 hora:

541 1831 592 1864 De
615 1843 668 1864 me
691 1833 798 1876 deque
822 1837 915 1876 patre
938 1834 1084 1876 procedit
1108 1834 1241 1876 spiritus
1265 1834 1380 1873 almus,

541 1883 647 1920 Quem
671 1887 798 1927 septem
822 1886 960 1927 palmae,
985 1886 1103 1918 faciem
1127 1895 1210 1928 quae
1234 1885 1333 1917 fontis
1357 1886 1512 1917 amictant

446 1943 483 1962 2⁴⁵
542 1935 716 1978 Multiplici
738 1936 823 1968 dono
847 1937 1030 1976 distinctae,
1054 1938 1182 1969 mistice
1206 1938 1346 1979 signant.

541 1986 625 2019 Nam
648 1986 800 2020 dederam
824 1989 944 2020 mundo
968 1989 1078 2028 vitam,
1102 1999 1198 2031 quam
1222 1989 1348 2031 respuit
1370 1988 1475 2021 Adam

538 2039 692 2071 Humano
715 2041 829 2082 generi
851 2041 991 2083 gignens
1015 2042 1137 2073 loetale
1160 2051 1337 2073 venenum:

281 2148 333 2175 214
344 2150 495 2183 calamoque
507 2151 640 2177 draconem
658 2151 680 2176 O
748 2151 800 2177 218
812 2152 947 2178 victricum
960 2152 986 2177 B
997 2161 1063 2178 corr.
1075 2152 1107 2177 F.
1118 2151 1267 2177 Duemmlcr
1279 2152 1328 2184 cfr.
1338 2160 1361 2176 υ.
1370 2150 1422 2176 294
1433 2151 1557 2176 victorum
1574 2150 1595 2175 0
1663 2149 1715 2175 219
1727 2150 1824 2175 domos-

177 2200 228 2225 que
248 2193 270 2217 0
358 2192 410 2219 225
427 2194 556 2227 elegitque
577 2195 615 2229 00
690 2195 821 2228 prophetis
838 2204 906 2220 corr.
925 2195 950 2220 B
1042 2194 1092 2220 227
1110 2195 1155 2220 flii
1174 2194 1198 2219 R
1288 2192 1339 2219 228
1356 2194 1472 2226 gustavit
1493 2194 1514 2218 Ο
1599 2193 1648 2218 231
1668 2193 1782 2219 labentes
1804 2194 1825 2218 O

177 2246 229 2273 235
251 2249 403 2282 restringere
426 2249 451 2274 R
539 2248 592 2275 ‘236
614 2251 646 2275 ad
669 2250 732 2276 add.
758 2250 791 2276 F.
811 2250 959 2276 Duemmler
999 2286 1002 2287 .
1050 2250 1100 2275 237
1124 2251 1230 2284 perenni
1256 2251 1277 2275 0
1293 2251 1360 2283 sort.
1384 2253 1449 2275 recte
1540 2248 1592 2275 ‘245
1615 2234 1775 2282 multiplicdn
1800 2249 1825 2274 R

279 2320 331 2347 218
349 2320 442 2347 Aleion
462 2321 532 2347 Avis.
554 2321 591 2355 ῙΙ,
610 2321 661 2348 408
683 2321 754 2348 Tum
779 2321 868 2348 victor
891 2330 1011 2356 serpens.
1036 2321 1170 2355 [Orient]
1193 2320 1230 2347 ed.
1257 2320 1342 2354 Miyn.
1364 2328 1393 2353 p.
1412 2320 1478 2346 1002
1496 2327 1517 2345 v.
1536 2319 1569 2346 67
1595 2319 1721 2347 victricia
1743 2320 1825 2355 signa

177 2370 296 2403 cruoris,
322 2371 368 2404 dr.
394 2371 471 2399 Fert.
496 2371 524 2398 V.
548 2373 588 2398 M.
613 2373 643 2406 I,
666 2374 684 2399 2
709 2373 836 2400 Aldhelm.
860 2374 876 2400 l.
902 2382 922 2400 v.
944 2374 1003 2400 852.
1123 2373 1174 2399 219
1200 2373 1262 2398 Met.
1286 2380 1306 2398 e.
1325 2380 1349 2405 y.
1372 2372 1400 2405 I,
1425 2373 1474 2398 301
1503 2371 1640 2405 urbesque
1664 2371 1824 2406 domosque.

177 2423 228 2450 226
253 2423 301 2450 Ge.
322 2423 380 2456 ΙΙΙ,
399 2424 451 2451 262
473 2432 602 2451 revocare
624 2426 762 2459 parentes.
865 2426 918 2452 234
934 2425 982 2457 cfr.
1002 2425 1058 2451 181.
1164 2425 1216 2450 235
1233 2424 1279 2456 cfr.
1298 2424 1340 2450 37.
1445 2423 1495 2450 237
1517 2423 1577 2449 fons
1601 2422 1678 2450 vitae
1703 2423 1825 2450 Christus

178 2474 336 2501 nomio-atur
351 2483 371 2501 ι.
387 2483 412 2510 q.
432 2475 466 2501 ab
483 2475 632 2502 Hincmaro
649 2475 679 2502 in
694 2477 830 2510 sraqnwnt.
847 2477 941 2509 ferculi
961 2477 1095 2503 Salomon.
1114 2476 1152 2502 cd.
1171 2475 1304 2502 semona.
1324 2475 1363 2508 II,
1382 2475 1434 2502 844
1451 2483 1474 2501 v.
1492 2476 1516 2502 3.
1553 2474 1589 2501 E.
1605 2482 1630 2508 9.
1651 2474 1738 2501 Sodal.
1753 2475 1778 2508 Ι,
1790 2476 1824 2502 30

178 2525 238 2554 iure
256 2527 379 2562 pereuni.
482 2528 532 2555 237
550 2535 604 2562 sqq.
618 2528 658 2554 Ιο.
669 2529 695 2560 4,
714 2529 747 2555 14
765 2529 814 2563 qui
831 2530 926 2556 autem
945 2528 1049 2555 biberit
1067 2537 1099 2555 ex
1118 2536 1192 2562 aqua
1210 2536 1295 2562 quam
1314 2535 1366 2561 ego
1385 2526 1457 2552 dabo
1470 2534 1524 2552 non
1539 2525 1617 2552 sitiet
1629 2525 1658 2552 in
1671 2527 1823 2557 aeternum,

177 2578 224 2605 sed
243 2587 318 2613 aqua
335 2587 419 2613 quam
438 2579 511 2606 dabo
529 2579 555 2606 ei
574 2580 623 2606 fiet
639 2579 670 2606 in
689 2589 720 2607 eo
739 2580 800 2607 fons
817 2589 908 2614 aquae
926 2580 1052 2607 salientis
1071 2580 1100 2606 in
1117 2579 1206 2606 vitam
1225 2581 1375 2606 aeternam.
1461 2578 1513 2604 238
1533 2577 1578 2604 Ge.
1591 2578 1613 2611 Ι,
1626 2578 1661 2604 23
1673 2578 1765 2612 largos
1778 2598 1784 2604 .
1798 2599 1804 2604 .
1818 2598 1824 2604 .

178 2629 288 2658 imbres.
391 2631 444 2658 243
465 2631 581 2666 spiritus
605 2631 694 2658 almus
713 2632 744 2658 in
759 2632 813 2664 fine
829 2631 974 2658 hexametri
991 2639 1010 2658 e.
1027 2641 1051 2665 9.
1072 2631 1182 2658 Arator.
1200 2631 1223 2664 1,
1243 2631 1301 2658 958.
1405 2629 1456 2656 244
1475 2629 1521 2662 cfr.
1541 2629 1598 2656 199.
1635 2629 1730 2655 Mor.
1749 2631 1824 2663 etym.

184 2679 251 2714 VII,
268 2682 293 2713 3,
314 2683 346 2710 13
363 2682 483 2717 Spiritus
500 2684 613 2710 sanctus
630 2683 694 2710 ideo
712 2683 881 2717 septiformis
899 2685 1078 2717 nuncupatur
1096 2683 1210 2717 propter
1227 2682 1313 2713 dona,
1331 2689 1403 2715 quae
1421 2681 1456 2708 de
1474 2681 1553 2707 unita
1571 2680 1631 2707 eius
1649 2680 1825 2714 plenitudine

178 2733 369 2767 particulatim
387 2733 501 2768 quique,
519 2735 552 2761 ut
569 2734 649 2769 digni
666 2735 740 2765 sunt.
759 2735 891 2768 consequi
909 2735 1109 2769 promerentur.
1146 2733 1208 2767 Ipse
1227 2732 1300 2760 enim
1320 2732 1436 2767 spiritus
1449 2732 1604 2767 sapientiae
1617 2733 1646 2759 et
1656 2731 1824 2761 intellectus.

179 2783 294 2821 spiritus
312 2784 421 2818 consilii
440 2786 469 2815 et
486 2785 669 2817 fortitudinis.
687 2785 803 2825 spiritus
821 2785 956 2815 scientiae
974 2786 1003 2812 et
1020 2784 1143 2823 pietatis,
1162 2783 1278 2822 spiritus
1295 2783 1403 2813 timoris
1421 2783 1536 2812 domini.
