2138 3106
318 154 379 184 340

619 302 644 320 30

614 819 640 838 40

919 150 1061 177 CARMIN
1064 150 1087 176 A
1106 150 1300 187 CENTULEN
1304 150 1368 177 SIA.

681 238 885 270 Alterutrum
907 248 1014 279 neque
1039 237 1111 277 sint,
1134 247 1277 275 moneas,
1301 237 1449 269 mordere
1473 237 1589 279 parati,

682 289 755 321 Hoc
780 290 933 331 quoniam
956 289 1071 320 vitium
1096 289 1227 331 gravius
1251 299 1346 330 quam
1369 289 1481 330 vipera
1503 287 1622 321 laedit:

685 340 750 372 Sed
775 341 860 372 circa
883 343 1014 372 maneat
1036 340 1166 379 caritas⁷
1189 339 1318 372 dilectio
1342 340 1430 371 clara

683 393 763 424 Illos
788 395 884 434 atque
908 392 990 424 fides
1015 392 1152 431 stabilis,
1175 392 1339 424 fraternus
1363 402 1527 434 amorque,

685 444 772 480 Quin
797 445 939 486 gravitas
962 444 1208 483 frumentorum,
1230 444 1347 475 levitas
1371 444 1537 486 palearum

681 496 802 528 Pareat
824 497 909 528 inter
933 506 990 527 eos
1015 495 1202 537 Christique
1226 506 1304 527 area
1325 499 1477 538 reparata

683 547 737 579 Sic
762 548 907 580 stabilita
930 548 1046 579 dehinc
1062 550 1202 580 ,maneat
1226 547 1294 578 sine
1317 547 1395 579 felle
1419 547 1579 579 draconis.

680 600 755 631 Hoc
779 600 878 632 faciat
901 600 1013 642 patulo
1038 600 1187 641 geminos
1212 600 1360 641 interque
1385 599 1530 631 latrones

681 652 865 694 Suspensus
890 652 988 694 ligno,
1012 651 1096 683 foret
1118 654 1154 682 ut
1177 651 1263 683 vitae
1286 655 1458 694 reparator

680 704 834 736 Amissae
859 704 992 736 humani
1015 703 1144 745 generis
1169 714 1227 746 per
1250 703 1357 735 Adam
1380 704 1629 746 protoplastum,

682 755 789 792 Quem
812 756 898 787 male
922 757 1100 797 temptator
1123 754 1245 786 domini
1270 755 1407 797 privavit
1430 755 1536 786 inanis

678 807 816 839 Munere
839 807 985 846 caelesti,
1010 806 1127 838 merito
1152 806 1237 848 quod
1260 805 1402 849 perdidit
1425 805 1515 848 ipse’.

1097 1107 1184 1140 CIX.

987 1180 1052 1216 AD
1081 1180 1289 1216 GALLVM.

682 1265 830 1302 Quantas
853 1265 988 1308 incipiat
1010 1268 1119 1307 grates
1144 1265 1284 1304 edicere,
1309 1263 1416 1303 Galle,

725 1318 768 1350 Se
791 1321 892 1360 negat
915 1317 977 1349 hoc
1000 1327 1098 1349 nosse
1122 1317 1232 1348 fistula
1255 1319 1378 1355 nostra,
1402 1316 1460 1348 tibi

680 1370 816 1402 Munere
840 1380 898 1412 pro
921 1372 1012 1401 tanto
1035 1369 1114 1401 mihi
1138 1369 1257 1401 collato
1282 1369 1351 1400 sine
1375 1371 1485 1400 nostro

724 1422 868 1454 Ostenso
891 1432 1054 1464 nusquam
1078 1421 1236 1463 obsequio
1260 1420 1397 1452 tibimet.

629 1487 640 1505 s
679 1473 789 1505 Unum
814 1484 850 1505 se
873 1476 999 1505 tantum
1023 1473 1125 1505 iactat
1147 1472 1209 1504 hoc
1233 1472 1337 1504 cordis
1359 1473 1390 1503 in
1414 1475 1508 1504 antro

612 1747 637 1765 10

611 2007 635 2025 15

608 2266 633 2285 2⁰

724 1525 883 1563 Condere,
908 1525 934 1557 si
958 1524 1051 1556 nobis
1075 1525 1144 1556 vita
1167 1524 1273 1556 aderit
1297 1524 1394 1563 socia,

680 1577 796 1609 Donec
821 1580 956 1609 econtra
978 1577 1088 1608 valeat
1112 1579 1253 1608 certare:
1277 1575 1364 1618 quod
1387 1578 1500 1618 aptum

723 1629 774 1661 Sit
796 1640 915 1661 munus
938 1629 995 1660 tali
1018 1628 1157 1660 reddere
1179 1627 1333 1659 munifici.

677 1681 811 1714 Interea
833 1682 937 1713 virtus
961 1684 994 1713 te
1019 1681 1124 1713 salvet
1143 1683 1298 1723 protegat
1321 1683 1419 1722 atque

719 1733 842 1765 Christi
864 1743 924 1776 per
947 1733 1047 1765 saecli
1070 1733 1210 1775 plurima
1234 1732 1394 1763 curricula

679 1785 910 1828 Oentuplicata
931 1785 979 1817 illi
1002 1785 1133 1828 placeat
1155 1784 1215 1816 tibi
1239 1784 1377 1816 reddere
1401 1784 1486 1815 dona

720 1837 783 1869 Hic
807 1841 841 1869 et
863 1837 897 1869 in
921 1840 1090 1869 aeternum
1113 1835 1234 1879 gaudia
1256 1838 1424 1879 perpetua.

678 1890 783 1922 Multa
805 1889 866 1922 tibi
889 1889 989 1921 habui
1012 1893 1123 1921 mente
1147 1888 1325 1931 depingere
1349 1891 1471 1925 nostra,

718 1942 862 1984 Aspexit
885 1941 1002 1973 faciem
1027 1941 1085 1973 sed
1109 1941 1205 1983 lupus
1230 1943 1305 1972 ante
1329 1950 1453 1972 meam:

674 1994 801 2026 Idcirco
826 2004 959 2025 sensum
984 1993 1158 2035 subitoque
1182 1992 1354 2035 dirempsit
1377 1994 1410 2023 et
1431 1992 1537 2034 ipsum

718 2045 793 2077 Una
816 2056 888 2077 cum
911 2055 1006 2076 voce:
1037 2047 1073 2076 tu
1096 2054 1236 2086 quoque,
1260 2043 1364 2083 Galle,
1388 2043 1471 2076 vale.

676 2097 729 2129 Ad
752 2098 850 2130 finem
873 2097 990 2129 nimias
1014 2096 1094 2128 dicit
1117 2096 1177 2128 tibi
1199 2099 1311 2128 nostra
1335 2095 1456 2127 salutes

719 2149 856 2190 Fistula,
881 2159 961 2192 quas
985 2159 1084 2192 supra
1106 2148 1262 2181 conticuit
1285 2148 1403 2191 capite.

675 2201 746 2233 Mos
770 2203 882 2233 manet
905 2201 938 2232 in
962 2201 1090 2243 scriptis
1114 2211 1194 2243 erga
1217 2200 1322 2232 vitare
1346 2200 1470 2242 priores

714 2253 785 2285 Has
809 2263 828 2285 a
853 2253 1018 2292 subiectis,
1042 2252 1175 2284 nomina
1198 2262 1260 2284 ceu
1282 2252 1423 2295 propria.

674 2305 910 2347 Blandiloquas
934 2304 1008 2336 ideo
1032 2304 1164 2336 minime
1187 2304 1248 2336 fuit
1272 2314 1352 2335 ausa
1376 2304 1499 2336 salutes

719 2357 848 2389 Offerre
870 2357 904 2388 in
927 2357 1033 2399 prima
1055 2356 1163 2388 fronte
1188 2355 1366 2387 salutifera.

410 2504 440 2529 31
462 2504 559 2530 *carita
576 2505 621 2530 sed
639 2514 647 2529 1
665 2505 836 2538 superscripto
855 2505 954 2530 litterae
972 2513 986 2530 c
1004 2504 1042 2529 B.-
1062 2513 1098 2529 απ
1115 2503 1226 2529 *clarina
1244 2502 1271 2536 (ι’.
1289 2512 1308 2529 e.
1328 2503 1434 2536 clariga)
1453 2503 1465 2528 ,9
1481 2511 1543 2528 ‘nam
1565 2502 1719 2528 doctiusmde
1737 2502 1805 2535 loqui
1822 2503 1901 2527 voluit
1917 2502 1962 2535 φη·

306 2557 328 2572 ⁷⁸.
347 2546 381 2572 28
400 2548 431 2573 da
448 2558 497 2580 pro
515 2550 556 2574 dic
570 2549 697 2581 pomtiesel
807 2547 841 2573 35
859 2549 897 2574 Sit
914 2548 939 2573 B
957 2557 1024 2573 corr.
1043 2547 1142 2573 Betlz‘m.

411 2599 497 2633 [ClX.]
516 2600 533 2625 2
551 2600 640 2633 *posse
659 2601 684 2625 R
788 2600 819 2626 11
839 2601 885 2625 tibi
904 2609 935 2626 επ
952 2608 1019 2626 corr.
1038 2599 1063 2624 B
1168 2598 1200 2624 18
1218 2608 1269 2632 qua¹
1287 2607 1353 2624 corr.
1373 2598 1398 2623 B
1501 2597 1535 2624 22
1553 2598 1683 2624 salutifere
1701 2607 1766 2624 corr.
1786 2598 1812 2623 B

411 2693 501 2727 [CIX]
520 2694 537 2719 3
555 2702 591 2727 sq.
609 2694 656 2726 cfr.
675 2702 695 2720 c.
716 2694 762 2727 (ΙΙ,
776 2695 792 2720 5
810 2702 846 2727 sq.
920 2695 936 2720 5
948 2694 993 2727 cfr.
1007 2701 1029 2721 c.
1045 2693 1138 2727 XCII,
1151 2693 1193 2720 43.
1272 2694 1288 2719 9
1300 2701 1336 2727 sq.
1350 2693 1398 2726 cfr.
1412 2701 1434 2720 c.
1447 2692 1596 2726 LXXXI,
1605 2693 1647 2719 20.

307 2745 339 2771 13
361 2745 411 2777 cfr.
435 2753 455 2772 c.
481 2745 524 2779 01,
538 2747 579 2772 31.

305 2797 340 2822 22
357 2797 405 2829 cfr.
424 2805 444 2823 c.
466 2797 511 2829 01,
521 2797 563 2824 41.

1724 2692 1757 2718 10
1769 2692 1819 2725 cfr.
1831 2699 1852 2719 c.
1867 2691 1924 2725 CV,
1934 2692 1959 2718 2.

702 2746 734 2772 14
752 2746 800 2778 cfr.
819 2753 839 2772 e.
856 2754 880 2779 9.
899 2745 964 2773 zeid.
988 2746 1052 2780 orry.
1073 2745 1142 2778 ΧΠ,
1155 2746 1180 2778 2,
1193 2745 1226 2771 24
1249 2747 1273 2771 et
1297 2745 1412 2779 Dunyal
1435 2746 1466 2771 in
1491 2745 1613 2771 thum.
1634 2744 1722 2771 carol.
1741 2743 1831 2776 Iaffeii
1851 2751 1881 2776 p.
1899 2743 1959 2769 397.
