2060 3074
318 141 378 170 744
787 136 952 163 AUDRADI
970 135 1167 163 CARMINUM
1186 134 1492 162 SUPPLEMENTUM.

679 223 827 264 Longam
851 222 909 254 sed
933 223 1018 254 claro
1041 222 1141 254 vitam
1164 221 1406 253 transcenderet
1428 224 1502 253 actu

681 275 724 306 Et
746 277 914 317 repararet
938 285 1022 315 eum,
1047 274 1191 306 decimus
1215 284 1311 316 quem
1333 273 1475 316 perdidit
1498 274 1587 314 ordo,

682 327 875 368 Angelicum
898 325 1067 368 laudisque
1091 325 1223 357 chorum
1246 328 1422 367 cantusque
1446 325 1597 357 decorem

680 378 823 410 Vocibus
846 378 988 410 aeternis
1010 378 1096 420 patri
1117 380 1258 419 natoque
1281 378 1427 409 referret.

612 443 637 462 25
683 430 758 471 Sed,
783 430 836 472 qui
861 429 901 461 de
925 429 1017 461 caelo
1041 429 1154 461 nolens
1177 429 1298 461 servire
1321 429 1443 460 tonanti

680 482 808 514 Corruit
831 485 864 514 et
886 485 1030 513 mentem
1053 482 1153 513 nutrit
1175 481 1243 512 sine
1266 481 1329 513 fine
1353 481 1536 524 superbam,

679 534 798 566 Invidit
819 534 984 566 hominem
1007 533 1150 576 paradisi
1172 534 1282 565 vivere
1304 533 1409 576 pomis

679 586 723 618 Et
744 586 878 618 laudare
902 585 999 618 deum
1022 586 1222 628 stimulisque
1247 586 1388 628 agitatur
1409 586 1535 628 iniquis.

681 638 876 681 Splendidus
899 638 1047 680 angelico
1071 637 1192 669 dudum
1215 637 1270 680 qui
1292 637 1380 669 fulsit
1401 637 1534 678 honore,

613 703 637 723 30
682 690 826 722 Callidus
849 691 882 722 in
906 690 1069 722 hominem
1092 692 1161 721 tota
1185 689 1342 721 desaeviit
1364 692 1444 730 arte,

680 743 806 785 Anguis
830 745 863 774 et
884 743 917 774 in
941 743 1050 784 specie
1074 741 1204 784 decepit
1227 744 1261 773 et
1284 741 1409 784 expulit
1430 741 1516 782 inde,

680 795 724 826 Et
747 795 944 837 captivatum
968 804 1077 826 secum
1099 794 1260 836 pertraxit
1281 793 1315 825 in
1336 794 1418 825 imas

679 847 802 878 Inferni
824 857 948 889 poenas
970 846 1123 878 miserum
1145 846 1343 888 longumque
1366 855 1425 888 per
1447 855 1573 877 aevum.

679 898 752 930 Hae
775 909 903 930 servum
926 898 1064 941 propriis
1086 899 1191 930 tenuit
1213 898 1272 930 sub
1296 898 1371 940 lege
1395 898 1527 938 catenis,

613 963 637 982 ³⁵
684 950 803 982 Unicus
825 951 896 993 ipse
920 950 974 983 dei
996 950 1100 982 donec
1123 950 1164 982 de
1188 950 1266 982 sede
1289 953 1435 992 paterna,

680 1002 778 1034 Cuius
802 1013 875 1034 cum
898 1003 1045 1045 genitore
1069 1007 1178 1034 manet
1201 1002 1380 1034 substantia
1402 1002 1550 1045 simplex,

678 1054 789 1096 Filius,
812 1055 845 1087 in
867 1055 956 1087 cuius
979 1055 1108 1098 genitor
1130 1055 1278 1097 regnavit
1300 1064 1411 1086 amore

680 1109 765 1139 Ante
790 1107 876 1139 diem
899 1118 1095 1150 quemquam
1118 1108 1180 1148 vel,
1205 1106 1356 1149 quicquid
1379 1107 1521 1138 eontinet
1544 1106 1640 1147 orbis,

681 1158 779 1191 Cuius
803 1160 934 1191 consilio
959 1160 1087 1202 genitor
1111 1159 1192 1191 deus
1215 1159 1323 1190 omnia
1345 1158 1431 1199 fecit,

613 1223 639 1242 40
684 1210 879 1254 Compassus
901 1211 1066 1243 hominem
1089 1221 1217 1243 servum
1241 1211 1309 1242 sine
1333 1210 1397 1242 fine
1420 1211 1524 1242 teneri

678 1263 778 1299 Venit
801 1266 834 1294 et
855 1263 890 1294 in
911 1263 1005 1294 terris
1028 1263 1169 1305 pretium
1192 1262 1233 1294 de
1256 1262 1380 1304 virgine
1404 1262 1550 1304 sumpsit.

681 1315 766 1347 Hinc
788 1316 886 1347 homo
908 1316 973 1347 iam
997 1315 1144 1347 dominus
1167 1314 1287 1357 captivi
1309 1314 1436 1346 solvere
1458 1314 1563 1346 vincla

679 1367 722 1399 Et
744 1378 899 1399 revocare
923 1367 984 1399 sibi
1006 1367 1118 1399 mortis
1141 1367 1182 1399 de
1207 1376 1336 1399 carcere
1360 1367 1467 1409 coepit

679 1419 722 1450 Et
745 1420 815 1451 fuso
837 1419 943 1462 pretio
966 1419 1174 1451 tenebrarum
1196 1429 1299 1461 regna
1320 1419 1444 1462 petivit.

610 1484 636 1503 45
680 1471 789 1514 thue
813 1482 905 1503 suum
929 1471 1009 1504 vidit
1030 1472 1174 1515 torqueri
1196 1472 1321 1514 plasma
1343 1471 1531 1514 redemptor

679 1524 834 1556 Flammis
859 1527 892 1556 et
914 1524 1013 1566 fumo,
1037 1524 1195 1556 subvertit
1217 1524 1289 1556 luce
1313 1524 1475 1565 tenebras,

681 1576 946 1619 Oppressumque
970 1576 1061 1608 dedit
1082 1576 1246 1608 hominem
1269 1586 1423 1618 superare
1446 1576 1620 1619 superbum

679 1628 802 1660 Inferni
825 1628 1000 1669 dominum,
1025 1629 1079 1671 qui
1101 1639 1258 1671 spernens
1280 1628 1367 1660 iussa
1389 1629 1540 1670 tonantis,

681 1680 807 1724 Lapsus
829 1681 863 1713 in
884 1681 1044 1713 infernum
1068 1680 1198 1724 decepit
1221 1684 1254 1712 et
1275 1681 1403 1723 ignibus
1425 1681 1518 1714 illum

614 1745 639 1765 50
682 1732 839 1774 Tradidit,
863 1735 1015 1765 aeternus
1039 1732 1142 1765 donec
1165 1733 1306 1765 salvator
1328 1732 1371 1764 ad
1391 1733 1482 1765 illum

678 1784 891 1817 Descendens
914 1787 1046 1817 revocat
1068 1785 1153 1828 patri
1174 1784 1395 1827 praedamque
1418 1788 1573 1828 reportat,

678 1837 844 1869 Infernum
867 1837 984 1880 spoliat
1008 1837 1173 1880 captivans
1197 1837 1303 1869 omnia
1326 1837 1438 1878 victor,

678 1889 792 1921 Victor
816 1892 849 1921 et
870 1890 903 1921 in
927 1890 1053 1921 caelum
1075 1890 1202 1922 revehit
1224 1900 1327 1932 genus
1350 1900 1446 1922 omne
1468 1890 1603 1932 piorum,

679 1941 788 1983 Atque
812 1942 919 1973 locum
941 1944 1081 1984 reparat,
1106 1941 1250 1973 decimus
1273 1952 1371 1984 quem
1393 1941 1535 1984 perdidit
1558 1942 1647 1974 ordo.

613 2006 638 2025 55
681 1993 767 2025 Hinc
789 1993 835 2025 illi
857 1993 970 2025 laudes
995 1994 1117 2026 electus
1141 1994 1280 2026 concinit
1303 1994 1406 2026 omnis

679 2045 857 2088 Angelicus
880 2046 1111 2088 hominumque
1135 2046 1260 2086 chorus,
1285 2046 1360 2088 quia
1382 2046 1484 2078 victor
1505 2046 1538 2078 in
1560 2047 1653 2078 astris

678 2097 774 2129 Illum
797 2098 863 2129 iam
886 2107 1024 2140 regnare
1048 2097 1136 2139 facit,
1160 2108 1256 2141 quem
1280 2098 1433 2130 Tartarus
1455 2099 1570 2141 ingens

679 2149 867 2192 Torquebat
889 2150 1053 2182 hominem
1075 2151 1174 2193 longo
1197 2151 1262 2183 iam
1285 2154 1432 2194 tempore
1457 2155 1596 2195 captum.

679 2201 848 2245 Quemque
871 2202 933 2235 sibi
955 2202 1096 2235 daemon
1117 2213 1247 2235 servum
1269 2203 1442 2246 temptavit
1463 2203 1596 2245 habere,

610 2266 636 2286 so
679 2253 775 2286 Hunc
799 2254 860 2286 sibi
883 2258 1066 2287 consortem
1089 2254 1240 2297 dignatur
1262 2255 1401 2287 reddere
1426 2255 1571 2288 Christus

677 2305 910 2349 Heredemque
934 2307 1012 2339 facit
1034 2307 1155 2350 proprii
1178 2308 1335 2350 regnique
1357 2308 1494 2350 paterni.

677 2358 805 2390 Felices
827 2359 984 2400 homines,
1010 2359 1126 2402 quibus
1148 2359 1230 2391 haec
1252 2360 1307 2402 pia
1330 2359 1415 2391 dona
1437 2359 1624 2402 redemptor

679 2410 842 2453 Indulget,
867 2411 982 2454 quibus
1006 2415 1039 2443 et
1060 2422 1179 2443 nomen
1202 2411 1350 2444 concedit
1372 2412 1494 2444 habere

678 2462 848 2506 Multiplici
871 2474 1006 2495 numero
1029 2466 1188 2504 natorum,
1213 2464 1268 2507 qui
1289 2464 1389 2507 patris
1411 2474 1493 2496 unus

611 2527 637 2546 65
681 2514 781 2546 Filius
805 2515 950 2557 aequalis
972 2525 1112 2558 regnans
1134 2525 1194 2558 per
1217 2516 1325 2547 omnia
1348 2515 1493 2547 Christus

677 2566 715 2597 In
738 2567 831 2598 terris
853 2566 1002 2599 homines
1025 2567 1164 2609 genitori
1188 2566 1296 2599 dicere
1319 2566 1433 2599 laudes

415 2735 446 2760 21
461 2740 520 2761 actu
534 2738 569 2762 sic
582 2738 604 2762 Ο
662 2738 696 2764 25
714 2741 813 2766 tonanti
831 2741 867 2766 sic
880 2740 902 2766 C'
961 2741 995 2767 34
1008 2742 1124 2767 cathenis
1139 2741 1161 2766 O
1219 2740 1252 2766 37
1266 2739 1407 2774 *regnabit
1420 2740 1444 2767 Ο
1501 2739 1536 2765 45
1547 2739 1654 2773 *Atque
1668 2740 1690 2765 O
1730 2744 1848 2773 torquere
1862 2739 1886 2764 G
1894 2748 1961 2765 corr.

313 2778 342 2803 P.
356 2778 387 2803 de
402 2778 552 2812 Winterfeld
612 2780 646 2806 53
665 2783 765 2808 reuehit
782 2784 818 2809 sic
836 2783 858 2808 Ο
917 2783 951 2810 54
970 2783 1117 2810 *decimum
1137 2784 1160 2810 C
1217 2783 1251 2809 56
1269 2782 1362 2817 *quia]
1382 2792 1432 2816 que
1451 2783 1473 2808 0
1532 2782 1566 2808 64
1585 2787 1704 2809 natorum
1722 2783 1757 2808 uic
1775 2782 1798 2808 0
1838 2782 1930 2834 *pa'lzis
1943 2781 1967 2808 θ
2028 2802 2031 2803 ⁷
