<?xml version="1.0" encoding="UTF-8"?>
<!DOCTYPE html PUBLIC "-//W3C//DTD XHTML 1.0 Transitional//EN"
    "http://www.w3.org/TR/xhtml1/DTD/xhtml1-transitional.dtd">
<html xmlns="http://www.w3.org/1999/xhtml" xml:lang="en" lang="en">
 <head>
  <title>
</title>
<meta http-equiv="Content-Type" content="text/html;charset=utf-8" />
  <meta name='ocr-system' content='tesseract 3.04.00' />
  <meta name='ocr-capabilities' content='ocr_page ocr_carea ocr_par ocr_line ocrx_word'/>
</head>
<body>
  <div class='ocr_page' id='page_1' title='image "./monumentagerma03geseuoft/monumentagerma03geseuoft_0120.png"; bbox 0 0 2040 2996; ppageno 0'>
   <div class='ocr_carea' id='block_1_1' title="bbox 256 130 1329 163">
    <p class='ocr_par' dir='ltr' id='par_1_1' title="bbox 256 130 1329 163">
     <span class='ocr_line' id='line_1_1' title="bbox 256 130 1329 163; baseline -0.007 0"><span class='ocrx_word' id='word_1_1' title='bbox 256 133 314 163; x_wconf 82' lang='lat'><strong>104</strong></span> <span class='ocrx_word' id='word_1_2' title='bbox 826 131 988 158; x_wconf 83' lang='lat' dir='ltr'>AUDRADI</span> <span class='ocrx_word' id='word_1_3' title='bbox 1007 131 1134 157; x_wconf 90' lang='lat' dir='ltr'><strong>MODlCI</strong></span> <span class='ocrx_word' id='word_1_4' title='bbox 1153 130 1329 157; x_wconf 75' lang='lat' dir='ltr'>CARMINA.</span> 
     </span>
    </p>
   </div>
   <div class='ocr_carea' id='block_1_2' title="bbox 247 217 1643 1865">
    <p class='ocr_par' dir='ltr' id='par_1_2' title="bbox 521 217 1510 467">
     <span class='ocr_line' id='line_1_2' title="bbox 521 217 1493 259; baseline 0 -11"><span class='ocrx_word' id='word_1_5' title='bbox 521 224 557 243; x_wconf 81' lang='lat'><strong>¹00</strong></span> <span class='ocrx_word' id='word_1_6' title='bbox 616 218 906 259; x_wconf 84' lang='lat' dir='ltr'><strong>Argenti‚·suetus</strong></span> <span class='ocrx_word' id='word_1_7' title='bbox 930 218 1116 259; x_wconf 79' lang='lat' dir='ltr'><strong>sanctisque</strong></span> <span class='ocrx_word' id='word_1_8' title='bbox 1141 217 1220 248; x_wconf 93' lang='lat' dir='ltr'><strong>odor</strong></span> <span class='ocrx_word' id='word_1_9' title='bbox 1243 217 1347 248; x_wconf 77' lang='lat' dir='ltr'><strong>adfuit</strong></span> <span class='ocrx_word' id='word_1_10' title='bbox 1370 220 1404 249; x_wconf 89' lang='lat' dir='ltr'><strong>et</strong></span> <span class='ocrx_word' id='word_1_11' title='bbox 1428 227 1493 248; x_wconf 85' lang='lat' dir='ltr'><strong>vox</strong></span> 
     </span>
     <span class='ocr_line' id='line_1_3' title="bbox 616 269 1479 311; baseline 0 -11"><span class='ocrx_word' id='word_1_12' title='bbox 616 269 819 301; x_wconf 85' lang='lat' dir='ltr'><strong>Psallentum</strong></span> <span class='ocrx_word' id='word_1_13' title='bbox 843 270 935 301; x_wconf 82' lang='lat' dir='ltr'><strong>caelo</strong></span> <span class='ocrx_word' id='word_1_14' title='bbox 959 272 1106 300; x_wconf 85' lang='lat' dir='ltr'><strong>resonat:</strong></span> <span class='ocrx_word' id='word_1_15' title='bbox 1131 269 1229 300; x_wconf 79' lang='lat' dir='ltr'><strong>‘Vere</strong></span> <span class='ocrx_word' id='word_1_16' title='bbox 1253 269 1326 311; x_wconf 88' lang='lat' dir='ltr'><strong>pius</strong></span> <span class='ocrx_word' id='word_1_17' title='bbox 1351 280 1387 301; x_wconf 91' lang='lat' dir='ltr'><strong>es</strong></span> <span class='ocrx_word' id='word_1_18' title='bbox 1412 279 1479 307; x_wconf 82' lang='lat' dir='ltr'><strong>rex,</strong></span> 
     </span>
     <span class='ocr_line' id='line_1_4' title="bbox 617 320 1510 363; baseline 0.001 -11"><span class='ocrx_word' id='word_1_19' title='bbox 617 321 727 352; x_wconf 82' lang='lat' dir='ltr'><strong>Gratis</strong></span> <span class='ocrx_word' id='word_1_20' title='bbox 751 321 806 363; x_wconf 91' lang='lat' dir='ltr'><strong>qui</strong></span> <span class='ocrx_word' id='word_1_21' title='bbox 830 322 995 353; x_wconf 85' lang='lat' dir='ltr'><strong>inmeritas</strong></span> <span class='ocrx_word' id='word_1_22' title='bbox 1020 321 1144 352; x_wconf 79' lang='lat' dir='ltr'><strong>animas</strong></span> <span class='ocrx_word' id='word_1_23' title='bbox 1169 324 1202 352; x_wconf 90' lang='lat' dir='ltr'><strong>et</strong></span> <span class='ocrx_word' id='word_1_24' title='bbox 1225 331 1360 363; x_wconf 86' lang='lat' dir='ltr'><strong>corpora</strong></span> <span class='ocrx_word' id='word_1_25' title='bbox 1381 320 1510 353; x_wconf 51' lang='lat' dir='ltr'><strong>salvas&amp;</strong></span> 
     </span>
     <span class='ocr_line' id='line_1_5' title="bbox 617 372 1474 415; baseline 0 -11"><span class='ocrx_word' id='word_1_26' title='bbox 617 372 731 404; x_wconf 82' lang='lat' dir='ltr'><strong>Audiit</strong></span> <span class='ocrx_word' id='word_1_27' title='bbox 754 373 839 405; x_wconf 84' lang='lat' dir='ltr'><strong>haec·</strong></span> <span class='ocrx_word' id='word_1_28' title='bbox 859 376 964 405; x_wconf 80' lang='lat' dir='ltr'><strong>mater</strong></span> <span class='ocrx_word' id='word_1_29' title='bbox 989 372 1090 404; x_wconf 84' lang='lat' dir='ltr'><strong>Celsii</strong></span> <span class='ocrx_word' id='word_1_30' title='bbox 1115 373 1299 414; x_wconf 77' lang='lat' dir='ltr'><strong>clamatque</strong></span> <span class='ocrx_word' id='word_1_31' title='bbox 1323 375 1474 415; x_wconf 88' lang='lat' dir='ltr'><strong>repente:</strong></span> 
     </span>
     <span class='ocr_line' id='line_1_6' title="bbox 615 424 1425 467; baseline 0.001 -12"><span class='ocrx_word' id='word_1_32' title='bbox 615 424 787 467; x_wconf 84' lang='lat' dir='ltr'>‘Tempore</span> <span class='ocrx_word' id='word_1_33' title='bbox 812 435 875 466; x_wconf 94' lang='lat' dir='ltr'><strong>quo</strong></span> <span class='ocrx_word' id='word_1_34' title='bbox 899 427 966 456; x_wconf 89' lang='lat' dir='ltr'><strong>toto</strong></span> <span class='ocrx_word' id='word_1_35' title='bbox 991 424 1101 456; x_wconf 89' lang='lat' dir='ltr'><strong>mundi</strong></span> <span class='ocrx_word' id='word_1_36' title='bbox 1125 435 1183 466; x_wconf 84' lang='lat' dir='ltr'><strong>per</strong></span> <span class='ocrx_word' id='word_1_37' title='bbox 1206 424 1325 466; x_wconf 79' lang='lat' dir='ltr'><strong>gaudia</strong></span> <span class='ocrx_word' id='word_1_38' title='bbox 1350 425 1425 463; x_wconf 75' lang='lat' dir='ltr'><strong>vixi,</strong></span> 
     </span>
    </p>

    <p class='ocr_par' dir='ltr' id='par_1_3' title="bbox 521 476 1643 717">
     <span class='ocr_line' id='line_1_7' title="bbox 521 476 1525 518; baseline 0.001 -11"><span class='ocrx_word' id='word_1_39' title='bbox 521 484 557 501; x_wconf 75' lang='lat'><strong>1⁰5</strong></span> <span class='ocrx_word' id='word_1_40' title='bbox 617 476 690 508; x_wconf 91' lang='lat' dir='ltr'><strong>Non</strong></span> <span class='ocrx_word' id='word_1_41' title='bbox 714 487 765 507; x_wconf 88' lang='lat' dir='ltr'><strong>me</strong></span> <span class='ocrx_word' id='word_1_42' title='bbox 791 480 900 508; x_wconf 85' lang='lat' dir='ltr'><strong>tantus</strong></span> <span class='ocrx_word' id='word_1_43' title='bbox 925 476 1014 514; x_wconf 84' lang='lat' dir='ltr'><strong>odor,</strong></span> <span class='ocrx_word' id='word_1_44' title='bbox 1040 480 1180 518; x_wconf 80' lang='lat' dir='ltr'><strong>quantus</strong></span> <span class='ocrx_word' id='word_1_45' title='bbox 1205 487 1301 516; x_wconf 86' lang='lat' dir='ltr'><strong>nunc,</strong></span> <span class='ocrx_word' id='word_1_46' title='bbox 1326 477 1525 508; x_wconf 84' lang='lat' dir='ltr'><strong>laetificavit.</strong></span> 
     </span>
     <span class='ocr_line' id='line_1_8' title="bbox 616 523 1527 570; baseline 0.001 -11"><span class='ocrx_word' id='word_1_47' title='bbox 616 528 739 560; x_wconf 81' lang='lat' dir='ltr'>Hortus</span> <span class='ocrx_word' id='word_1_48' title='bbox 764 539 921 560; x_wconf 79' lang='lat' dir='ltr'><strong>amoenus</strong></span> <span class='ocrx_word' id='word_1_49' title='bbox 946 523 1031 560; x_wconf 87' lang='lat' dir='ltr'><strong>enim</strong></span> <span class='ocrx_word' id='word_1_50' title='bbox 1058 529 1157 566; x_wconf 85' lang='lat' dir='ltr'><strong>sicut,</strong></span> <span class='ocrx_word' id='word_1_51' title='bbox 1181 538 1278 570; x_wconf 89' lang='lat' dir='ltr'><strong>quem</strong></span> <span class='ocrx_word' id='word_1_52' title='bbox 1300 529 1368 560; x_wconf 82' lang='lat' dir='ltr'><strong>lilia</strong></span> <span class='ocrx_word' id='word_1_53' title='bbox 1390 532 1527 560; x_wconf 83' lang='lat' dir='ltr'><strong>vernant</strong></span> 
     </span>
     <span class='ocr_line' id='line_1_9' title="bbox 617 580 1643 624; baseline 0.001 -12"><span class='ocrx_word' id='word_1_54' title='bbox 617 581 726 622; x_wconf 81' lang='lat' dir='ltr'><strong>Atque</strong></span> <span class='ocrx_word' id='word_1_55' title='bbox 744 591 852 620; x_wconf 86' lang='lat' dir='ltr'><strong>rosae,</strong></span> <span class='ocrx_word' id='word_1_56' title='bbox 878 580 1066 622; x_wconf 80' lang='lat' dir='ltr'><strong>redoletque</strong></span> <span class='ocrx_word' id='word_1_57' title='bbox 1083 591 1197 612; x_wconf 87' lang='lat' dir='ltr'><strong>crocus</strong></span> <span class='ocrx_word' id='word_1_58' title='bbox 1215 591 1274 612; x_wconf 91' lang='lat' dir='ltr'><strong>seu</strong></span> <span class='ocrx_word' id='word_1_59' title='bbox 1290 581 1437 612; x_wconf 85' lang='lat' dir='ltr'><strong>balsama</strong></span> <span class='ocrx_word' id='word_1_60' title='bbox 1452 582 1586 624; x_wconf 82' lang='lat' dir='ltr'><strong>spirant,</strong></span> <span class='ocrx_word' id='word_1_61' title='bbox 1603 601 1643 605; x_wconf 90' lang='lat'><strong>—-</strong></span> 
     </span>
     <span class='ocr_line' id='line_1_10' title="bbox 616 633 1474 675; baseline 0.001 -11"><span class='ocrx_word' id='word_1_62' title='bbox 616 633 749 664; x_wconf 85' lang='lat' dir='ltr'><strong>Cunctis</strong></span> <span class='ocrx_word' id='word_1_63' title='bbox 774 633 819 664; x_wconf 89' lang='lat' dir='ltr'><strong>sic</strong></span> <span class='ocrx_word' id='word_1_64' title='bbox 843 633 962 664; x_wconf 83' lang='lat' dir='ltr'><strong>olfacta</strong></span> <span class='ocrx_word' id='word_1_65' title='bbox 984 633 1080 664; x_wconf 89' lang='lat' dir='ltr'><strong>bonis</strong></span> <span class='ocrx_word' id='word_1_66' title='bbox 1105 644 1174 664; x_wconf 90' lang='lat' dir='ltr'><strong>sum</strong></span> <span class='ocrx_word' id='word_1_67' title='bbox 1198 633 1296 675; x_wconf 82' lang='lat' dir='ltr'><strong>plena</strong></span> <span class='ocrx_word' id='word_1_68' title='bbox 1319 633 1474 675; x_wconf 85' lang='lat' dir='ltr'><strong>dolorque</strong></span> 
     </span>
     <span class='ocr_line' id='line_1_11' title="bbox 615 684 1421 717; baseline 0 -1"><span class='ocrx_word' id='word_1_69' title='bbox 615 684 808 716; x_wconf 88' lang='lat' dir='ltr'><strong>Abscedens</strong></span> <span class='ocrx_word' id='word_1_70' title='bbox 832 685 935 717; x_wconf 90' lang='lat' dir='ltr'><strong>omnis</strong></span> <span class='ocrx_word' id='word_1_71' title='bbox 958 685 1123 716; x_wconf 86' lang='lat' dir='ltr'><strong>reminisci</strong></span> <span class='ocrx_word' id='word_1_72' title='bbox 1146 696 1211 716; x_wconf 90' lang='lat' dir='ltr'><strong>non</strong></span> <span class='ocrx_word' id='word_1_73' title='bbox 1235 685 1312 716; x_wconf 85' lang='lat' dir='ltr'><strong>sinit</strong></span> <span class='ocrx_word' id='word_1_74' title='bbox 1334 686 1421 717; x_wconf 86' lang='lat' dir='ltr'><strong>ultra</strong></span> 
     </span>
    </p>

    <p class='ocr_par' dir='ltr' id='par_1_4' title="bbox 521 736 1585 987">
     <span class='ocr_line' id='line_1_12' title="bbox 521 736 1543 779; baseline 0.002 -11"><span class='ocrx_word' id='word_1_75' title='bbox 521 744 557 762; x_wconf 87' lang='lat'><strong>110</strong></span> <span class='ocrx_word' id='word_1_76' title='bbox 615 737 654 768; x_wconf 93' lang='lat' dir='ltr'><strong>In</strong></span> <span class='ocrx_word' id='word_1_77' title='bbox 678 740 815 769; x_wconf 85' lang='lat' dir='ltr'><strong>mortem</strong></span> <span class='ocrx_word' id='word_1_78' title='bbox 838 737 962 779; x_wconf 78' lang='lat' dir='ltr'><strong>geniti,</strong></span> <span class='ocrx_word' id='word_1_79' title='bbox 986 736 1108 768; x_wconf 92' lang='lat' dir='ltr'><strong>dudum</strong></span> <span class='ocrx_word' id='word_1_80' title='bbox 1132 747 1214 779; x_wconf 82' lang='lat' dir='ltr'><strong>quae</strong></span> <span class='ocrx_word' id='word_1_81' title='bbox 1237 748 1335 779; x_wconf 83' lang='lat' dir='ltr'><strong>passa</strong></span> <span class='ocrx_word' id='word_1_82' title='bbox 1358 738 1543 779; x_wconf 84' lang='lat' dir='ltr'><strong>gemebam.</strong></span> 
     </span>
     <span class='ocr_line' id='line_1_13' title="bbox 615 788 1504 831; baseline 0 -11"><span class='ocrx_word' id='word_1_83' title='bbox 615 789 683 821; x_wconf 87' lang='lat' dir='ltr'><strong>Nec</strong></span> <span class='ocrx_word' id='word_1_84' title='bbox 707 800 868 831; x_wconf 84' lang='lat' dir='ltr'>cognosco</span> <span class='ocrx_word' id='word_1_85' title='bbox 892 789 980 821; x_wconf 84' lang='lat' dir='ltr'><strong>aliud</strong></span> <span class='ocrx_word' id='word_1_86' title='bbox 1004 788 1094 820; x_wconf 91' lang='lat' dir='ltr'><strong>cordi</strong></span> <span class='ocrx_word' id='word_1_87' title='bbox 1118 800 1306 828; x_wconf 86' lang='lat' dir='ltr'><strong>remanere,</strong></span> <span class='ocrx_word' id='word_1_88' title='bbox 1331 789 1389 820; x_wconf 90' lang='lat' dir='ltr'><strong>sed</strong></span> <span class='ocrx_word' id='word_1_89' title='bbox 1413 790 1504 821; x_wconf 89' lang='lat' dir='ltr'><strong>illum</strong></span> 
     </span>
     <span class='ocr_line' id='line_1_14' title="bbox 617 841 1484 883; baseline 0 -11"><span class='ocrx_word' id='word_1_90' title='bbox 617 841 699 872; x_wconf 82' lang='lat' dir='ltr'><strong>Esse</strong></span> <span class='ocrx_word' id='word_1_91' title='bbox 723 841 820 872; x_wconf 89' lang='lat' dir='ltr'><strong>deum</strong></span> <span class='ocrx_word' id='word_1_92' title='bbox 844 851 972 880; x_wconf 84' lang='lat' dir='ltr'><strong>verum,</strong></span> <span class='ocrx_word' id='word_1_93' title='bbox 996 852 1056 883; x_wconf 91' lang='lat' dir='ltr'><strong>pro</strong></span> <span class='ocrx_word' id='word_1_94' title='bbox 1079 851 1142 883; x_wconf 95' lang='lat' dir='ltr'><strong>quo</strong></span> <span class='ocrx_word' id='word_1_95' title='bbox 1166 852 1258 873; x_wconf 85' lang='lat' dir='ltr'><strong>meus</strong></span> <span class='ocrx_word' id='word_1_96' title='bbox 1281 841 1396 872; x_wconf 90' lang='lat' dir='ltr'><strong>unicus</strong></span> <span class='ocrx_word' id='word_1_97' title='bbox 1420 842 1484 873; x_wconf 81' lang='lat' dir='ltr'><strong>ista</strong></span> 
     </span>
     <span class='ocr_line' id='line_1_15' title="bbox 618 892 1585 935; baseline 0.001 -11"><span class='ocrx_word' id='word_1_98' title='bbox 618 892 805 935; x_wconf 81' lang='lat' dir='ltr'><strong>Intrepidus</strong></span> <span class='ocrx_word' id='word_1_99' title='bbox 830 892 971 935; x_wconf 83' lang='lat' dir='ltr'><strong>patitur&#39;.</strong></span> <span class='ocrx_word' id='word_1_100' title='bbox 1017 892 1123 929; x_wconf 84' lang='lat' dir='ltr'><strong>Quam</strong></span> <span class='ocrx_word' id='word_1_101' title='bbox 1147 903 1224 924; x_wconf 87' lang='lat' dir='ltr'><strong>mox</strong></span> <span class='ocrx_word' id='word_1_102' title='bbox 1247 893 1394 924; x_wconf 82' lang='lat' dir='ltr'><strong>Iulianus</strong></span> <span class='ocrx_word' id='word_1_103' title='bbox 1417 896 1451 925; x_wconf 88' lang='lat' dir='ltr'><strong>et</strong></span> <span class='ocrx_word' id='word_1_104' title='bbox 1473 904 1585 926; x_wconf 86' lang='lat' dir='ltr'><strong>omnes</strong></span> 
     </span>
     <span class='ocr_line' id='line_1_16' title="bbox 617 944 1399 987; baseline 0 -11"><span class='ocrx_word' id='word_1_105' title='bbox 617 944 755 982; x_wconf 82' lang='lat' dir='ltr'><strong>Taliter,</strong></span> <span class='ocrx_word' id='word_1_106' title='bbox 778 947 814 976; x_wconf 88' lang='lat' dir='ltr'><strong>ut</strong></span> <span class='ocrx_word' id='word_1_107' title='bbox 837 945 956 984; x_wconf 77' lang='lat' dir='ltr'><strong>fertur,</strong></span> <span class='ocrx_word' id='word_1_108' title='bbox 980 944 1088 976; x_wconf 90' lang='lat' dir='ltr'><strong>divino</strong></span> <span class='ocrx_word' id='word_1_109' title='bbox 1112 955 1184 976; x_wconf 88' lang='lat' dir='ltr'><strong>rore</strong></span> <span class='ocrx_word' id='word_1_110' title='bbox 1208 945 1399 987; x_wconf 85' lang='lat' dir='ltr'><strong>propinant:</strong></span> 
     </span>
    </p>

    <p class='ocr_par' dir='ltr' id='par_1_5' title="bbox 520 996 1642 1245">
     <span class='ocr_line' id='line_1_17' title="bbox 520 996 1477 1034; baseline 0 -6"><span class='ocrx_word' id='word_1_111' title='bbox 520 1004 557 1022; x_wconf 70' lang='lat'><strong>¹15</strong></span> <span class='ocrx_word' id='word_1_112' title='bbox 616 996 710 1028; x_wconf 84' lang='lat' dir='ltr'><strong>‘Vive</strong></span> <span class='ocrx_word' id='word_1_113' title='bbox 734 997 832 1028; x_wconf 80' lang='lat' dir='ltr'><strong>beata</strong></span> <span class='ocrx_word' id='word_1_114' title='bbox 855 996 917 1028; x_wconf 89' lang='lat' dir='ltr'><strong>deo</strong></span> <span class='ocrx_word' id='word_1_115' title='bbox 942 996 1095 1034; x_wconf 82' lang='lat' dir='ltr'><strong>eredens,</strong></span> <span class='ocrx_word' id='word_1_116' title='bbox 1119 1007 1196 1028; x_wconf 85' lang='lat' dir='ltr'><strong>mox</strong></span> <span class='ocrx_word' id='word_1_117' title='bbox 1219 997 1321 1028; x_wconf 83' lang='lat' dir='ltr'><strong>verba</strong></span> <span class='ocrx_word' id='word_1_118' title='bbox 1344 997 1477 1029; x_wconf 79' lang='lat' dir='ltr'><strong>fatentis</strong></span> 
     </span>
     <span class='ocr_line' id='line_1_18' title="bbox 617 1040 1488 1091; baseline 0 -11"><span class='ocrx_word' id='word_1_119' title='bbox 617 1048 769 1091; x_wconf 82' lang='lat' dir='ltr'><strong>Corporis</strong></span> <span class='ocrx_word' id='word_1_120' title='bbox 793 1050 825 1079; x_wconf 89' lang='lat' dir='ltr'><strong>et</strong></span> <span class='ocrx_word' id='word_1_121' title='bbox 847 1048 966 1079; x_wconf 86' lang='lat' dir='ltr'><strong>mentis</strong></span> <span class='ocrx_word' id='word_1_122' title='bbox 989 1048 1113 1090; x_wconf 87' lang='lat' dir='ltr'><strong>pariter</strong></span> <span class='ocrx_word' id='word_1_123' title='bbox 1136 1040 1298 1080; x_wconf 80' lang='lat' dir='ltr'><strong>medicina</strong></span> <span class='ocrx_word' id='word_1_124' title='bbox 1320 1051 1488 1090; x_wconf 83' lang='lat' dir='ltr'><strong>sequetur:</strong></span> 
     </span>
     <span class='ocr_line' id='line_1_19' title="bbox 615 1099 1642 1142; baseline 0 -11"><span class='ocrx_word' id='word_1_125' title='bbox 615 1100 704 1131; x_wconf 82' lang='lat' dir='ltr'><strong>Talis</strong></span> <span class='ocrx_word' id='word_1_126' title='bbox 717 1100 809 1132; x_wconf 90' lang='lat' dir='ltr'><strong>-enim</strong></span> <span class='ocrx_word' id='word_1_127' title='bbox 833 1102 884 1131; x_wconf 88' lang='lat' dir='ltr'><strong>est</strong></span> <span class='ocrx_word' id='word_1_128' title='bbox 898 1099 1060 1139; x_wconf 83' lang='lat' dir='ltr'><strong>medicus,</strong></span> <span class='ocrx_word' id='word_1_129' title='bbox 1084 1111 1143 1131; x_wconf 89' lang='lat' dir='ltr'><strong>nos</strong></span> <span class='ocrx_word' id='word_1_130' title='bbox 1166 1100 1199 1131; x_wconf 92' lang='lat' dir='ltr'><strong>in</strong></span> <span class='ocrx_word' id='word_1_131' title='bbox 1223 1111 1319 1142; x_wconf 90' lang='lat' dir='ltr'><strong>quem</strong></span> <span class='ocrx_word' id='word_1_132' title='bbox 1341 1100 1503 1132; x_wconf 89' lang='lat' dir='ltr'><strong>credimus</strong></span> <span class='ocrx_word' id='word_1_133' title='bbox 1519 1111 1642 1139; x_wconf 77' lang='lat' dir='ltr'><strong>omnes,</strong></span> 
     </span>
     <span class='ocr_line' id='line_1_20' title="bbox 616 1151 1439 1194; baseline 0 -11"><span class='ocrx_word' id='word_1_134' title='bbox 616 1151 679 1187; x_wconf 87' lang='lat' dir='ltr'><strong>Qui</strong></span> <span class='ocrx_word' id='word_1_135' title='bbox 703 1152 800 1183; x_wconf 81' lang='lat' dir='ltr'><strong>facile</strong></span> <span class='ocrx_word' id='word_1_136' title='bbox 825 1162 941 1183; x_wconf 84' lang='lat' dir='ltr'><strong>curans</strong></span> <span class='ocrx_word' id='word_1_137' title='bbox 965 1152 1090 1183; x_wconf 79' lang='lat' dir='ltr'><strong>animas</strong></span> <span class='ocrx_word' id='word_1_138' title='bbox 1114 1151 1265 1194; x_wconf 84' lang='lat' dir='ltr'><strong>detergat</strong></span> <span class='ocrx_word' id='word_1_139' title='bbox 1287 1152 1329 1183; x_wconf 86' lang='lat' dir='ltr'><strong>ab</strong></span> <span class='ocrx_word' id='word_1_140' title='bbox 1352 1152 1439 1183; x_wconf 87' lang='lat' dir='ltr'><strong>omni</strong></span> 
     </span>
     <span class='ocr_line' id='line_1_21' title="bbox 615 1203 1408 1245; baseline 0 -10"><span class='ocrx_word' id='word_1_141' title='bbox 615 1204 777 1242; x_wconf 75' lang='lat' dir='ltr'><strong>Vulnere,</strong></span> <span class='ocrx_word' id='word_1_142' title='bbox 801 1203 872 1245; x_wconf 86' lang='lat' dir='ltr'><strong>quis</strong></span> <span class='ocrx_word' id='word_1_143' title='bbox 895 1203 995 1235; x_wconf 84' lang='lat' dir='ltr'><strong>fuerit</strong></span> <span class='ocrx_word' id='word_1_144' title='bbox 1018 1203 1095 1235; x_wconf 87' lang='lat' dir='ltr'><strong>fidei</strong></span> <span class='ocrx_word' id='word_1_145' title='bbox 1120 1203 1284 1235; x_wconf 86' lang='lat' dir='ltr'><strong>confessio</strong></span> <span class='ocrx_word' id='word_1_146' title='bbox 1306 1203 1408 1245; x_wconf 87' lang='lat' dir='ltr'><strong>pura’.</strong></span> 
     </span>
    </p>

    <p class='ocr_par' dir='ltr' id='par_1_6' title="bbox 519 1254 1596 1504">
     <span class='ocr_line' id='line_1_22' title="bbox 519 1254 1528 1287; baseline 0 0"><span class='ocrx_word' id='word_1_147' title='bbox 519 1262 556 1281; x_wconf 80' lang='lat'><strong>120</strong></span> <span class='ocrx_word' id='word_1_148' title='bbox 576 1262 580 1268; x_wconf 78' lang='grc'><em>’</em></span> <span class='ocrx_word' id='word_1_149' title='bbox 616 1255 744 1287; x_wconf 79' lang='lat' dir='ltr'><strong>Celsius</strong></span> <span class='ocrx_word' id='word_1_150' title='bbox 769 1255 935 1286; x_wconf 83' lang='lat' dir='ltr'><strong>adiunxit:</strong></span> <span class='ocrx_word' id='word_1_151' title='bbox 961 1254 1069 1286; x_wconf 84' lang='lat' dir='ltr'><strong>‘Modo</strong></span> <span class='ocrx_word' id='word_1_152' title='bbox 1093 1255 1157 1287; x_wconf 85' lang='lat' dir='ltr'><strong>iam</strong></span> <span class='ocrx_word' id='word_1_153' title='bbox 1180 1266 1232 1287; x_wconf 91' lang='lat' dir='ltr'><strong>me</strong></span> <span class='ocrx_word' id='word_1_154' title='bbox 1257 1255 1366 1287; x_wconf 85' lang='lat' dir='ltr'><strong>dicere</strong></span> <span class='ocrx_word' id='word_1_155' title='bbox 1389 1258 1528 1287; x_wconf 82' lang='lat' dir='ltr'><strong>matrem</strong></span> 
     </span>
     <span class='ocr_line' id='line_1_23' title="bbox 614 1306 1449 1349; baseline -0.002 -11"><span class='ocrx_word' id='word_1_156' title='bbox 614 1307 661 1339; x_wconf 85' lang='lat' dir='ltr'><strong>Te</strong></span> <span class='ocrx_word' id='word_1_157' title='bbox 685 1307 830 1349; x_wconf 83' lang='lat' dir='ltr'><strong>gratulor</strong></span> <span class='ocrx_word' id='word_1_158' title='bbox 853 1306 982 1348; x_wconf 88' lang='lat' dir='ltr'><strong>dicique</strong></span> <span class='ocrx_word' id='word_1_159' title='bbox 1006 1310 1082 1338; x_wconf 87' lang='lat' dir='ltr'><strong>tuus</strong></span> <span class='ocrx_word' id='word_1_160' title='bbox 1107 1317 1171 1338; x_wconf 90' lang='lat' dir='ltr'><strong>non</strong></span> <span class='ocrx_word' id='word_1_161' title='bbox 1194 1307 1312 1339; x_wconf 89' lang='lat' dir='ltr'><strong>horreo</strong></span> <span class='ocrx_word' id='word_1_162' title='bbox 1336 1310 1449 1339; x_wconf 85' lang='lat' dir='ltr'><strong>natus:</strong></span> 
     </span>
     <span class='ocr_line' id='line_1_24' title="bbox 614 1358 1525 1400; baseline 0.001 -11"><span class='ocrx_word' id='word_1_163' title='bbox 614 1358 701 1390; x_wconf 89' lang='lat' dir='ltr'><strong>Vere</strong></span> <span class='ocrx_word' id='word_1_164' title='bbox 724 1368 865 1400; x_wconf 87' lang='lat' dir='ltr'><strong>agnosco</strong></span> <span class='ocrx_word' id='word_1_165' title='bbox 890 1369 995 1390; x_wconf 81' lang='lat' dir='ltr'><strong>meam</strong></span> <span class='ocrx_word' id='word_1_166' title='bbox 1021 1361 1173 1398; x_wconf 85' lang='lat' dir='ltr'><strong>matrem,</strong></span> <span class='ocrx_word' id='word_1_167' title='bbox 1197 1362 1232 1390; x_wconf 90' lang='lat' dir='ltr'><strong>tu</strong></span> <span class='ocrx_word' id='word_1_168' title='bbox 1255 1359 1378 1390; x_wconf 90' lang='lat' dir='ltr'><strong>noscito</strong></span> <span class='ocrx_word' id='word_1_169' title='bbox 1403 1362 1525 1391; x_wconf 84' lang='lat' dir='ltr'><strong>natum.</strong></span> 
     </span>
     <span class='ocr_line' id='line_1_25' title="bbox 614 1410 1596 1452; baseline 0.001 -10"><span class='ocrx_word' id='word_1_170' title='bbox 614 1410 687 1442; x_wconf 89' lang='lat' dir='ltr'><strong>Non</strong></span> <span class='ocrx_word' id='word_1_171' title='bbox 712 1420 772 1452; x_wconf 84' lang='lat' dir='ltr'><strong>ego</strong></span> <span class='ocrx_word' id='word_1_172' title='bbox 795 1413 828 1442; x_wconf 88' lang='lat' dir='ltr'><strong>te</strong></span> <span class='ocrx_word' id='word_1_173' title='bbox 851 1410 1002 1452; x_wconf 83' lang='lat' dir='ltr'><strong>perdam,</strong></span> <span class='ocrx_word' id='word_1_174' title='bbox 1027 1411 1194 1452; x_wconf 85' lang='lat' dir='ltr'><strong>genetrix;</strong></span> <span class='ocrx_word' id='word_1_175' title='bbox 1218 1421 1345 1442; x_wconf 89' lang='lat' dir='ltr'><strong>mecum</strong></span> <span class='ocrx_word' id='word_1_176' title='bbox 1370 1411 1428 1442; x_wconf 88' lang='lat' dir='ltr'><strong>sed</strong></span> <span class='ocrx_word' id='word_1_177' title='bbox 1451 1411 1492 1443; x_wconf 87' lang='lat' dir='ltr'><strong>ad</strong></span> <span class='ocrx_word' id='word_1_178' title='bbox 1515 1412 1596 1443; x_wconf 89' lang='lat' dir='ltr'><strong>illud</strong></span> 
     </span>
     <span class='ocr_line' id='line_1_26' title="bbox 614 1462 1543 1504; baseline 0.001 -10"><span class='ocrx_word' id='word_1_179' title='bbox 614 1462 727 1494; x_wconf 83' lang='lat' dir='ltr'><strong>Tende</strong></span> <span class='ocrx_word' id='word_1_180' title='bbox 752 1462 890 1501; x_wconf 69' lang='lat' dir='ltr'><strong>bonum,</strong></span> <span class='ocrx_word' id='word_1_181' title='bbox 913 1473 972 1504; x_wconf 89' lang='lat' dir='ltr'><strong>pro</strong></span> <span class='ocrx_word' id='word_1_182' title='bbox 996 1473 1059 1504; x_wconf 92' lang='lat' dir='ltr'><strong>quo</strong></span> <span class='ocrx_word' id='word_1_183' title='bbox 1084 1466 1210 1494; x_wconf 83' lang='lat' dir='ltr'><strong>tantum</strong></span> <span class='ocrx_word' id='word_1_184' title='bbox 1234 1462 1371 1494; x_wconf 83' lang='lat' dir='ltr'><strong>sufferre</strong></span> <span class='ocrx_word' id='word_1_185' title='bbox 1396 1463 1543 1495; x_wconf 77' lang='lat' dir='ltr'><strong>laborem</strong></span> 
     </span>
    </p>

    <p class='ocr_par' dir='ltr' id='par_1_7' title="bbox 518 1514 1586 1556">
     <span class='ocr_line' id='line_1_27' title="bbox 518 1514 1586 1556; baseline 0.005 -15"><span class='ocrx_word' id='word_1_186' title='bbox 518 1521 554 1541; x_wconf 75' lang='lat'><strong>12⁵</strong></span> <span class='ocrx_word' id='word_1_187' title='bbox 614 1515 740 1546; x_wconf 85' lang='lat' dir='ltr'><strong>Parvus</strong></span> <span class='ocrx_word' id='word_1_188' title='bbox 764 1525 847 1556; x_wconf 85' lang='lat' dir='ltr'><strong>grex</strong></span> <span class='ocrx_word' id='word_1_189' title='bbox 869 1514 1008 1556; x_wconf 80' lang='lat' dir='ltr'><strong>gaudet,</strong></span> <span class='ocrx_word' id='word_1_190' title='bbox 1033 1525 1105 1545; x_wconf 87' lang='lat' dir='ltr'><strong>cum</strong></span> <span class='ocrx_word' id='word_1_191' title='bbox 1130 1525 1194 1556; x_wconf 92' lang='lat' dir='ltr'><strong>quo</strong></span> <span class='ocrx_word' id='word_1_192' title='bbox 1219 1515 1284 1546; x_wconf 85' lang='lat' dir='ltr'><strong>iam</strong></span> <span class='ocrx_word' id='word_1_193' title='bbox 1308 1515 1420 1546; x_wconf 83' lang='lat' dir='ltr'><strong>clausa</strong></span> <span class='ocrx_word' id='word_1_194' title='bbox 1442 1515 1586 1548; x_wconf 88' lang='lat' dir='ltr'><strong>teneris&#39;.</strong></span> 
     </span>
    </p>

    <p class='ocr_par' dir='ltr' id='par_1_8' title="bbox 247 1566 1447 1608">
     <span class='ocr_line' id='line_1_28' title="bbox 247 1566 1447 1608; baseline 0.001 -11"><span class='ocrx_word' id='word_1_195' title='bbox 247 1568 270 1588; x_wconf 84' lang='lat' dir='ltr'><strong>C·</strong></span> <span class='ocrx_word' id='word_1_196' title='bbox 287 1568 349 1588; x_wconf 81' lang='lat' dir='ltr'><strong>vm.</strong></span> <span class='ocrx_word' id='word_1_197' title='bbox 616 1566 802 1608; x_wconf 84' lang='lat' dir='ltr'><strong>Respondit</strong></span> <span class='ocrx_word' id='word_1_198' title='bbox 825 1566 992 1608; x_wconf 82' lang='lat' dir='ltr'><strong>genetrix,</strong></span> <span class='ocrx_word' id='word_1_199' title='bbox 1016 1566 1107 1597; x_wconf 90' lang='lat' dir='ltr'><strong>cuius</strong></span> <span class='ocrx_word' id='word_1_200' title='bbox 1132 1566 1197 1597; x_wconf 85' lang='lat' dir='ltr'><strong>iarn</strong></span> <span class='ocrx_word' id='word_1_201' title='bbox 1218 1567 1358 1608; x_wconf 82' lang='lat' dir='ltr'><strong>pectoris</strong></span> <span class='ocrx_word' id='word_1_202' title='bbox 1381 1566 1447 1598; x_wconf 81' lang='lat' dir='ltr'><strong>ima</strong></span> 
     </span>
    </p>

    <p class='ocr_par' dir='ltr' id='par_1_9' title="bbox 612 1617 1519 1763">
     <span class='ocr_line' id='line_1_29' title="bbox 616 1617 1447 1660; baseline 0.001 -11"><span class='ocrx_word' id='word_1_203' title='bbox 616 1618 731 1650; x_wconf 76' lang='lat' dir='ltr'><strong>Gratia</strong></span> <span class='ocrx_word' id='word_1_204' title='bbox 754 1617 913 1649; x_wconf 84' lang='lat' dir='ltr'><strong>lustrabat</strong></span> <span class='ocrx_word' id='word_1_205' title='bbox 936 1617 1046 1649; x_wconf 82' lang='lat' dir='ltr'><strong>divina</strong></span> <span class='ocrx_word' id='word_1_206' title='bbox 1069 1618 1276 1660; x_wconf 83' lang='lat' dir='ltr'><strong>animamque</strong></span> <span class='ocrx_word' id='word_1_207' title='bbox 1298 1618 1447 1650; x_wconf 83' lang='lat' dir='ltr'><strong>fovebat:</strong></span> 
     </span>
     <span class='ocr_line' id='line_1_30' title="bbox 616 1669 1464 1708; baseline 0 -7"><span class='ocrx_word' id='word_1_208' title='bbox 616 1669 759 1701; x_wconf 84' lang='lat' dir='ltr'><strong>‘Noscito</strong></span> <span class='ocrx_word' id='word_1_209' title='bbox 783 1670 863 1708; x_wconf 78' lang='lat' dir='ltr'><strong>iam,</strong></span> <span class='ocrx_word' id='word_1_210' title='bbox 887 1669 946 1701; x_wconf 91' lang='lat' dir='ltr'><strong>fili:</strong></span> <span class='ocrx_word' id='word_1_211' title='bbox 971 1669 1051 1701; x_wconf 89' lang='lat' dir='ltr'><strong>nihil</strong></span> <span class='ocrx_word' id='word_1_212' title='bbox 1075 1669 1149 1701; x_wconf 91' lang='lat' dir='ltr'><strong>hinc</strong></span> <span class='ocrx_word' id='word_1_213' title='bbox 1173 1669 1253 1701; x_wconf 90' lang='lat' dir='ltr'><strong>mihi</strong></span> <span class='ocrx_word' id='word_1_214' title='bbox 1277 1670 1384 1701; x_wconf 86' lang='lat' dir='ltr'><strong>carius</strong></span> <span class='ocrx_word' id='word_1_215' title='bbox 1408 1670 1464 1702; x_wconf 88' lang='lat' dir='ltr'><strong>illo</strong></span> 
     </span>
     <span class='ocr_line' id='line_1_31' title="bbox 612 1721 1519 1763; baseline 0.002 -11"><span class='ocrx_word' id='word_1_216' title='bbox 612 1721 781 1753; x_wconf 79' lang='lat' dir='ltr'><strong>Essedeo</strong></span> <span class='ocrx_word' id='word_1_217' title='bbox 804 1721 941 1763; x_wconf 75' lang='lat' dir='ltr'><strong>poterit,</strong></span> <span class='ocrx_word' id='word_1_218' title='bbox 965 1721 1091 1753; x_wconf 82' lang='lat' dir='ltr'><strong>ta‘ntum</strong></span> <span class='ocrx_word' id='word_1_219' title='bbox 1115 1731 1210 1763; x_wconf 91' lang='lat' dir='ltr'><strong>quem</strong></span> <span class='ocrx_word' id='word_1_220' title='bbox 1234 1721 1356 1763; x_wconf 85' lang='lat' dir='ltr'><strong>diligis;</strong></span> <span class='ocrx_word' id='word_1_221' title='bbox 1380 1725 1413 1758; x_wconf 85' lang='lat' dir='ltr'><strong>et</strong></span> <span class='ocrx_word' id='word_1_222' title='bbox 1435 1733 1519 1754; x_wconf 87' lang='lat' dir='ltr'><strong>nunc</strong></span> 
     </span>
    </p>

    <p class='ocr_par' dir='ltr' id='par_1_10' title="bbox 518 1772 1466 1865">
     <span class='ocr_line' id='line_1_32' title="bbox 518 1772 1466 1815; baseline 0.001 -11"><span class='ocrx_word' id='word_1_223' title='bbox 518 1780 556 1800; x_wconf 82' lang='lat'><strong>1³⁰</strong></span> <span class='ocrx_word' id='word_1_224' title='bbox 613 1772 725 1804; x_wconf 83' lang='lat' dir='ltr'><strong>Pande</strong></span> <span class='ocrx_word' id='word_1_225' title='bbox 750 1773 864 1804; x_wconf 87' lang='lat' dir='ltr'><strong>salutis</strong></span> <span class='ocrx_word' id='word_1_226' title='bbox 887 1783 999 1815; x_wconf 87' lang='lat' dir='ltr'><strong>opem:</strong></span> <span class='ocrx_word' id='word_1_227' title='bbox 1023 1773 1087 1804; x_wconf 86' lang='lat' dir='ltr'><strong>iam</strong></span> <span class='ocrx_word' id='word_1_228' title='bbox 1110 1773 1175 1804; x_wconf 85' lang='lat' dir='ltr'><strong>iam</strong></span> <span class='ocrx_word' id='word_1_229' title='bbox 1199 1773 1322 1815; x_wconf 83' lang='lat' dir='ltr'><strong>parebo</strong></span> <span class='ocrx_word' id='word_1_230' title='bbox 1347 1773 1466 1806; x_wconf 86' lang='lat' dir='ltr'><strong>saluti&#39;.</strong></span> 
     </span>
     <span class='ocr_line' id='line_1_33' title="bbox 613 1824 1420 1865; baseline 0.001 -10"><span class='ocrx_word' id='word_1_231' title='bbox 613 1824 656 1856; x_wconf 88' lang='lat' dir='ltr'><strong>Et</strong></span> <span class='ocrx_word' id='word_1_232' title='bbox 679 1824 763 1855; x_wconf 86' lang='lat' dir='ltr'><strong>dixit</strong></span> <span class='ocrx_word' id='word_1_233' title='bbox 786 1827 931 1856; x_wconf 83' lang='lat' dir='ltr'><strong>sanctus:</strong></span> <span class='ocrx_word' id='word_1_234' title='bbox 956 1824 1033 1856; x_wconf 86' lang='lat' dir='ltr'><strong>‘Cor</strong></span> <span class='ocrx_word' id='word_1_235' title='bbox 1055 1824 1192 1857; x_wconf 85' lang='lat' dir='ltr'><strong>credens</strong></span> <span class='ocrx_word' id='word_1_236' title='bbox 1216 1825 1420 1865; x_wconf 72' lang='lat' dir='ltr'><strong>iustificetur,</strong></span> 
     </span>
    </p>
   </div>
   <div class='ocr_carea' id='block_1_3' title="bbox 355 1896 545 1922">
    <p class='ocr_par' dir='ltr' id='par_1_11' title="bbox 355 1896 545 1922">
     <span class='ocr_line' id='line_1_34' title="bbox 355 1896 545 1922; baseline -0.005 -1"><span class='ocrx_word' id='word_1_237' title='bbox 355 1896 422 1922; x_wconf 79' lang='lat' dir='ltr'><strong>Acta</strong></span> <span class='ocrx_word' id='word_1_238' title='bbox 441 1896 472 1921; x_wconf 89' lang='lat' dir='ltr'><strong>B.</strong></span> <span class='ocrx_word' id='word_1_239' title='bbox 493 1896 545 1921; x_wconf 72' lang='lat' dir='ltr'><em>Iul.</em></span> 
     </span>
    </p>
   </div>
   <div class='ocr_carea' id='block_1_4' title="bbox 245 1939 1935 2541">
    <p class='ocr_par' dir='ltr' id='par_1_12' title="bbox 245 1939 1903 2197">
     <span class='ocr_line' id='line_1_35' title="bbox 245 1939 1903 1982; baseline 0 -8"><span class='ocrx_word' id='word_1_240' title='bbox 245 1939 353 1974; x_wconf 76' lang='lat' dir='ltr'><strong>emicuit</strong></span> <span class='ocrx_word' id='word_1_241' title='bbox 371 1949 483 1981; x_wconf 87' lang='lat' dir='ltr'><strong>odorque</strong></span> <span class='ocrx_word' id='word_1_242' title='bbox 501 1951 641 1973; x_wconf 81' lang='lat' dir='ltr'><strong>consuetus</strong></span> <span class='ocrx_word' id='word_1_243' title='bbox 660 1947 753 1972; x_wconf 78' lang='lat' dir='ltr'><strong>sanctis</strong></span> <span class='ocrx_word' id='word_1_244' title='bbox 771 1947 844 1972; x_wconf 79' lang='lat' dir='ltr'><strong>affuit</strong></span> <span class='ocrx_word' id='word_1_245' title='bbox 868 1951 893 1972; x_wconf 85' lang='lat' dir='ltr'><strong>et</strong></span> <span class='ocrx_word' id='word_1_246' title='bbox 917 1956 967 1972; x_wconf 88' lang='lat' dir='ltr'><strong>vox</strong></span> <span class='ocrx_word' id='word_1_247' title='bbox 986 1948 1150 1980; x_wconf 80' lang='lat' dir='ltr'><strong>psallentium</strong></span> <span class='ocrx_word' id='word_1_248' title='bbox 1173 1948 1200 1972; x_wconf 92' lang='lat' dir='ltr'><strong>in</strong></span> <span class='ocrx_word' id='word_1_249' title='bbox 1224 1956 1282 1972; x_wconf 86' lang='lat' dir='ltr'><strong>aere</strong></span> <span class='ocrx_word' id='word_1_250' title='bbox 1299 1948 1419 1973; x_wconf 80' lang='lat' dir='ltr'><strong>sonabat:</strong></span> <span class='ocrx_word' id='word_1_251' title='bbox 1450 1947 1524 1973; x_wconf 83' lang='lat' dir='ltr'><strong>‘Vere</strong></span> <span class='ocrx_word' id='word_1_252' title='bbox 1542 1948 1601 1982; x_wconf 87' lang='lat' dir='ltr'><strong>pius</strong></span> <span class='ocrx_word' id='word_1_253' title='bbox 1617 1949 1693 1981; x_wconf 78' lang='lat' dir='ltr'><strong>dous,</strong></span> <span class='ocrx_word' id='word_1_254' title='bbox 1717 1948 1762 1981; x_wconf 93' lang='lat' dir='ltr'><strong>qui</strong></span> <span class='ocrx_word' id='word_1_255' title='bbox 1779 1947 1903 1974; x_wconf 64' lang='lat' dir='ltr'><strong>iustificat</strong></span> 
     </span>
     <span class='ocr_line' id='line_1_36' title="bbox 246 1990 1902 2025; baseline 0 -8"><span class='ocrx_word' id='word_1_256' title='bbox 246 1992 343 2017; x_wconf 80' lang='lat' dir='ltr'><strong>animas</strong></span> <span class='ocrx_word' id='word_1_257' title='bbox 361 1992 515 2025; x_wconf 76' lang='lat' dir='ltr'><strong>peccatrices</strong></span> <span class='ocrx_word' id='word_1_258' title='bbox 534 1991 589 2016; x_wconf 89' lang='lat' dir='ltr'><strong>sine</strong></span> <span class='ocrx_word' id='word_1_259' title='bbox 607 1991 744 2024; x_wconf 61' lang='lat' dir='ltr'><strong>operibus!</strong></span> <span class='ocrx_word' id='word_1_260' title='bbox 780 1992 852 2016; x_wconf 81' lang='lat' dir='ltr'><strong>Haec</strong></span> <span class='ocrx_word' id='word_1_261' title='bbox 870 1991 962 2016; x_wconf 87' lang='lat' dir='ltr'><strong>mulier</strong></span> <span class='ocrx_word' id='word_1_262' title='bbox 981 1991 1070 2016; x_wconf 82' lang='lat' dir='ltr'><strong>videns</strong></span> <span class='ocrx_word' id='word_1_263' title='bbox 1088 1994 1114 2016; x_wconf 86' lang='lat' dir='ltr'><strong>et</strong></span> <span class='ocrx_word' id='word_1_264' title='bbox 1130 1991 1238 2016; x_wconf 79' lang='lat' dir='ltr'><strong>audiens</strong></span> <span class='ocrx_word' id='word_1_265' title='bbox 1255 1991 1392 2016; x_wconf 78' lang='lat' dir='ltr'><strong>elambat:</strong></span> <span class='ocrx_word' id='word_1_266' title='bbox 1421 1990 1575 2025; x_wconf 75' lang='lat' dir='ltr'><strong>‘Numquam</strong></span> <span class='ocrx_word' id='word_1_267' title='bbox 1593 1992 1620 2016; x_wconf 89' lang='lat' dir='ltr'><strong>in</strong></span> <span class='ocrx_word' id='word_1_268' title='bbox 1637 1992 1728 2017; x_wconf 82' lang='lat' dir='ltr'><strong>diebus</strong></span> <span class='ocrx_word' id='word_1_269' title='bbox 1743 1991 1813 2017; x_wconf 72' lang='lat' dir='ltr'><strong>vitae</strong></span> <span class='ocrx_word' id='word_1_270' title='bbox 1830 1998 1902 2017; x_wconf 69' lang='lat' dir='ltr'><strong>mene</strong></span> 
     </span>
     <span class='ocr_line' id='line_1_37' title="bbox 246 2033 1900 2067; baseline 0.001 -7"><span class='ocrx_word' id='word_1_271' title='bbox 246 2035 316 2060; x_wconf 88' lang='lat' dir='ltr'><strong>hunc</strong></span> <span class='ocrx_word' id='word_1_272' title='bbox 328 2038 428 2060; x_wconf 80' lang='lat' dir='ltr'><strong>tantum</strong></span> <span class='ocrx_word' id='word_1_273' title='bbox 447 2038 472 2060; x_wconf 88' lang='lat' dir='ltr'><strong>et</strong></span> <span class='ocrx_word' id='word_1_274' title='bbox 489 2038 542 2060; x_wconf 83' lang='lat' dir='ltr'><strong>tam</strong></span> <span class='ocrx_word' id='word_1_275' title='bbox 555 2042 659 2059; x_wconf 80' lang='lat' dir='ltr'><strong>suavem</strong></span> <span class='ocrx_word' id='word_1_276' title='bbox 678 2034 780 2059; x_wconf 87' lang='lat' dir='ltr'><strong>odorem</strong></span> <span class='ocrx_word' id='word_1_277' title='bbox 797 2034 923 2067; x_wconf 81' lang='lat' dir='ltr'><strong>comperi:</strong></span> <span class='ocrx_word' id='word_1_278' title='bbox 942 2043 1001 2058; x_wconf 80' lang='lat' dir='ltr'><strong>nam</strong></span> <span class='ocrx_word' id='word_1_279' title='bbox 1019 2034 1061 2059; x_wconf 88' lang='lat' dir='ltr'><strong>hic</strong></span> <span class='ocrx_word' id='word_1_280' title='bbox 1073 2034 1241 2059; x_wconf 77' lang='lat' dir='ltr'><strong>amenissimis</strong></span> <span class='ocrx_word' id='word_1_281' title='bbox 1259 2034 1338 2059; x_wconf 87' lang='lat' dir='ltr'><strong>hortis</strong></span> <span class='ocrx_word' id='word_1_282' title='bbox 1356 2033 1433 2067; x_wconf 86' lang='lat' dir='ltr'><strong>(sieut</strong></span> <span class='ocrx_word' id='word_1_283' title='bbox 1445 2035 1472 2059; x_wconf 90' lang='lat' dir='ltr'><strong>in</strong></span> <span class='ocrx_word' id='word_1_284' title='bbox 1484 2043 1507 2059; x_wconf 80' lang='lat' dir='ltr'><strong>a.</strong></span> <span class='ocrx_word' id='word_1_285' title='bbox 1520 2035 1545 2059; x_wconf 88' lang='lat' dir='ltr'><strong>h.</strong></span> <span class='ocrx_word' id='word_1_286' title='bbox 1558 2034 1594 2067; x_wconf 92' lang='lat' dir='ltr'><strong>B)</strong></span> <span class='ocrx_word' id='word_1_287' title='bbox 1612 2035 1724 2060; x_wconf 87' lang='lat' dir='ltr'><strong>liliorum</strong></span> <span class='ocrx_word' id='word_1_288' title='bbox 1742 2038 1769 2060; x_wconf 82' lang='lat' dir='ltr'><strong>et</strong></span> <span class='ocrx_word' id='word_1_289' title='bbox 1785 2043 1900 2062; x_wconf 66' lang='lat' dir='ltr'><strong>rosetum</strong></span> 
     </span>
     <span class='ocr_line' id='line_1_38' title="bbox 246 2077 1900 2110; baseline 0 -7"><span class='ocrx_word' id='word_1_290' title='bbox 246 2087 364 2104; x_wconf 86' lang='lat' dir='ltr'><strong>croceum</strong></span> <span class='ocrx_word' id='word_1_291' title='bbox 383 2081 471 2103; x_wconf 75' lang='lat' dir='ltr'><strong>nectar</strong></span> <span class='ocrx_word' id='word_1_292' title='bbox 488 2077 595 2103; x_wconf 74' lang='lat' dir='ltr'><strong>balsami</strong></span> <span class='ocrx_word' id='word_1_293' title='bbox 613 2081 639 2102; x_wconf 86' lang='lat' dir='ltr'><strong>et</strong></span> <span class='ocrx_word' id='word_1_294' title='bbox 657 2077 729 2102; x_wconf 78' lang='lat' dir='ltr'><strong>nardi</strong></span> <span class='ocrx_word' id='word_1_295' title='bbox 749 2077 894 2102; x_wconf 88' lang='lat' dir='ltr'><strong>redundant</strong></span> <span class='ocrx_word' id='word_1_296' title='bbox 911 2077 1000 2102; x_wconf 87' lang='lat' dir='ltr'><strong>odores</strong></span> <span class='ocrx_word' id='word_1_297' title='bbox 1019 2077 1087 2102; x_wconf 89' lang='lat' dir='ltr'><strong>boni.</strong></span> <span class='ocrx_word' id='word_1_298' title='bbox 1124 2078 1162 2102; x_wconf 73' lang='lat' dir='ltr'><strong>Ita</strong></span> <span class='ocrx_word' id='word_1_299' title='bbox 1180 2086 1238 2102; x_wconf 80' lang='lat' dir='ltr'><strong>sum</strong></span> <span class='ocrx_word' id='word_1_300' title='bbox 1252 2078 1320 2102; x_wconf 90' lang='lat' dir='ltr'><strong>enim</strong></span> <span class='ocrx_word' id='word_1_301' title='bbox 1337 2078 1432 2103; x_wconf 76' lang='lat' dir='ltr'><strong>refecta</strong></span> <span class='ocrx_word' id='word_1_302' title='bbox 1449 2078 1489 2103; x_wconf 79' lang='lat' dir='ltr'><strong>his</strong></span> <span class='ocrx_word' id='word_1_303' title='bbox 1506 2078 1586 2103; x_wconf 79' lang='lat' dir='ltr'><strong>tantis</strong></span> <span class='ocrx_word' id='word_1_304' title='bbox 1601 2078 1759 2103; x_wconf 74' lang='lat' dir='ltr'><strong>suavissimis</strong></span> <span class='ocrx_word' id='word_1_305' title='bbox 1771 2078 1900 2110; x_wconf 71' lang='lat' dir='ltr'><strong>odoribus,</strong></span> 
     </span>
     <span class='ocr_line' id='line_1_39' title="bbox 246 2118 1901 2154; baseline -0.001 -7"><span class='ocrx_word' id='word_1_306' title='bbox 246 2125 276 2146; x_wconf 81' lang='lat' dir='ltr'><strong>ut</strong></span> <span class='ocrx_word' id='word_1_307' title='bbox 293 2121 476 2147; x_wconf 66' lang='lat' dir='ltr'><strong>maestitiarum</strong></span> <span class='ocrx_word' id='word_1_308' title='bbox 495 2121 609 2146; x_wconf 90' lang='lat' dir='ltr'><strong>omnium</strong></span> <span class='ocrx_word' id='word_1_309' title='bbox 627 2121 795 2153; x_wconf 84' lang='lat' dir='ltr'><strong>dolorumque</strong></span> <span class='ocrx_word' id='word_1_310' title='bbox 813 2129 928 2146; x_wconf 82' lang='lat' dir='ltr'><strong>meorum</strong></span> <span class='ocrx_word' id='word_1_311' title='bbox 946 2120 1075 2145; x_wconf 87' lang='lat' dir='ltr'><strong>oblivione</strong></span> <span class='ocrx_word' id='word_1_312' title='bbox 1094 2121 1183 2153; x_wconf 79' lang='lat' dir='ltr'><strong>potiar.</strong></span> <span class='ocrx_word' id='word_1_313' title='bbox 1219 2121 1272 2146; x_wconf 86' lang='lat' dir='ltr'><strong>Nec</strong></span> <span class='ocrx_word' id='word_1_314' title='bbox 1290 2121 1359 2145; x_wconf 89' lang='lat' dir='ltr'><strong>aliud</strong></span> <span class='ocrx_word' id='word_1_315' title='bbox 1378 2121 1448 2146; x_wconf 79' lang='lat' dir='ltr'><strong>cordi</strong></span> <span class='ocrx_word' id='word_1_316' title='bbox 1467 2129 1524 2146; x_wconf 88' lang='lat' dir='ltr'><strong>meo</strong></span> <span class='ocrx_word' id='word_1_317' title='bbox 1543 2129 1674 2146; x_wconf 75' lang='lat' dir='ltr'><strong>remanere</strong></span> <span class='ocrx_word' id='word_1_318' title='bbox 1692 2118 1832 2154; x_wconf 72' lang='lat' dir='ltr'><strong>cognosco,</strong></span> <span class='ocrx_word' id='word_1_319' title='bbox 1850 2121 1901 2146; x_wconf 80' lang='lat' dir='ltr'><strong>nisi</strong></span> 
     </span>
     <span class='ocr_line' id='line_1_40' title="bbox 246 2159 1776 2197; baseline -0.001 -8"><span class='ocrx_word' id='word_1_320' title='bbox 246 2165 330 2197; x_wconf 90' lang='lat' dir='ltr'><strong>ipsum</strong></span> <span class='ocrx_word' id='word_1_321' title='bbox 349 2173 439 2190; x_wconf 84' lang='lat' dir='ltr'><strong>verum</strong></span> <span class='ocrx_word' id='word_1_322' title='bbox 458 2164 542 2196; x_wconf 88' lang='lat' dir='ltr'><strong>deum,</strong></span> <span class='ocrx_word' id='word_1_323' title='bbox 561 2172 606 2196; x_wconf 89' lang='lat' dir='ltr'><strong>pro</strong></span> <span class='ocrx_word' id='word_1_324' title='bbox 625 2172 676 2196; x_wconf 90' lang='lat' dir='ltr'><strong>quo</strong></span> <span class='ocrx_word' id='word_1_325' title='bbox 694 2164 763 2188; x_wconf 87' lang='lat' dir='ltr'><strong>filius</strong></span> <span class='ocrx_word' id='word_1_326' title='bbox 781 2172 854 2189; x_wconf 90' lang='lat' dir='ltr'><strong>meus</strong></span> <span class='ocrx_word' id='word_1_327' title='bbox 872 2163 1037 2196; x_wconf 78' lang='lat' dir='ltr'><strong>agonizatur&#39;.</strong></span> <span class='ocrx_word' id='word_1_328' title='bbox 1773 2159 1776 2163; x_wconf 69' lang='grc'><strong>’</strong></span> 
     </span>
    </p>

    <p class='ocr_par' dir='ltr' id='par_1_13' title="bbox 245 2206 1935 2541">
     <span class='ocr_line' id='line_1_41' title="bbox 348 2206 1935 2239; baseline 0.001 -7"><span class='ocrx_word' id='word_1_329' title='bbox 348 2206 382 2232; x_wconf 87' lang='grc'><strong>49</strong></span> <span class='ocrx_word' id='word_1_330' title='bbox 401 2208 473 2232; x_wconf 66' lang='lat' dir='ltr'><strong>Haec</strong></span> <span class='ocrx_word' id='word_1_331' title='bbox 490 2207 597 2232; x_wconf 76' lang='lat' dir='ltr'><strong>audiens</strong></span> <span class='ocrx_word' id='word_1_332' title='bbox 614 2208 642 2232; x_wconf 88' lang='lat'><strong>13.</strong></span> <span class='ocrx_word' id='word_1_333' title='bbox 663 2208 681 2232; x_wconf 87' lang='lat'><strong>1.</strong></span> <span class='ocrx_word' id='word_1_334' title='bbox 700 2215 759 2232; x_wconf 92' lang='lat' dir='ltr'><strong>cum</strong></span> <span class='ocrx_word' id='word_1_335' title='bbox 778 2207 898 2232; x_wconf 86' lang='lat' dir='ltr'><strong>omnibus</strong></span> <span class='ocrx_word' id='word_1_336' title='bbox 916 2207 1010 2232; x_wconf 80' lang='lat' dir='ltr'><strong>sanctis</strong></span> <span class='ocrx_word' id='word_1_337' title='bbox 1028 2207 1105 2232; x_wconf 83' lang='lat' dir='ltr'><strong>talem</strong></span> <span class='ocrx_word' id='word_1_338' title='bbox 1128 2207 1209 2231; x_wconf 82' lang='lat' dir='ltr'><strong>fertur</strong></span> <span class='ocrx_word' id='word_1_339' title='bbox 1226 2206 1327 2231; x_wconf 89' lang='lat' dir='ltr'><strong>mulieri</strong></span> <span class='ocrx_word' id='word_1_340' title='bbox 1346 2206 1493 2238; x_wconf 79' lang='lat' dir='ltr'><strong>propinasse</strong></span> <span class='ocrx_word' id='word_1_341' title='bbox 1512 2206 1664 2231; x_wconf 76' lang='lat' dir='ltr'><strong>doctrinam:</strong></span> <span class='ocrx_word' id='word_1_342' title='bbox 1695 2206 1781 2232; x_wconf 73' lang='lat' dir='ltr'><strong>‘Beata</strong></span> <span class='ocrx_word' id='word_1_343' title='bbox 1799 2210 1828 2232; x_wconf 82' lang='lat' dir='ltr'><strong>tu</strong></span> <span class='ocrx_word' id='word_1_344' title='bbox 1845 2215 1901 2233; x_wconf 76' lang='lat' dir='ltr'><strong>ere-</strong></span> <span class='ocrx_word' id='word_1_345' title='bbox 1929 2237 1935 2239; x_wconf 27' lang='grc' dir='ltr'><strong>Α</strong></span> 
     </span>
     <span class='ocr_line' id='line_1_42' title="bbox 245 2245 1900 2283; baseline -0.001 -7"><span class='ocrx_word' id='word_1_346' title='bbox 245 2251 364 2276; x_wconf 85' lang='lat' dir='ltr'><strong>dentibus</strong></span> <span class='ocrx_word' id='word_1_347' title='bbox 388 2251 463 2276; x_wconf 82' lang='lat' dir='ltr'><strong>arbor</strong></span> <span class='ocrx_word' id='word_1_348' title='bbox 485 2251 635 2280; x_wconf 73' lang='lat' dir='ltr'><strong>dinosceris,</strong></span> <span class='ocrx_word' id='word_1_349' title='bbox 660 2259 725 2283; x_wconf 79' lang='lat' dir='ltr'><strong>quae</strong></span> <span class='ocrx_word' id='word_1_350' title='bbox 748 2251 784 2276; x_wconf 88' lang='lat' dir='ltr'><strong>sie</strong></span> <span class='ocrx_word' id='word_1_351' title='bbox 809 2251 908 2276; x_wconf 78' lang='lat' dir='ltr'><strong>fructus</strong></span> <span class='ocrx_word' id='word_1_352' title='bbox 932 2250 971 2275; x_wconf 84' lang='lat' dir='ltr'><strong>tui</strong></span> <span class='ocrx_word' id='word_1_353' title='bbox 994 2251 1085 2275; x_wconf 79' lang='lat' dir='ltr'><strong>merito</strong></span> <span class='ocrx_word' id='word_1_354' title='bbox 1107 2250 1219 2283; x_wconf 86' lang='lat' dir='ltr'><strong>corporis</strong></span> <span class='ocrx_word' id='word_1_355' title='bbox 1243 2253 1268 2274; x_wconf 83' lang='lat' dir='ltr'><strong>et</strong></span> <span class='ocrx_word' id='word_1_356' title='bbox 1291 2249 1391 2278; x_wconf 68' lang='lat' dir='ltr'><strong>animae</strong></span> <span class='ocrx_word' id='word_1_357' title='bbox 1415 2249 1565 2274; x_wconf 73' lang='lat' dir='ltr'><strong>medicinam</strong></span> <span class='ocrx_word' id='word_1_358' title='bbox 1585 2250 1701 2275; x_wconf 84' lang='lat' dir='ltr'><strong>celeriter</strong></span> <span class='ocrx_word' id='word_1_359' title='bbox 1721 2245 1900 2283; x_wconf 61' lang='lat' dir='ltr'><strong>consequa-ie:</strong></span> 
     </span>
     <span class='ocr_line' id='line_1_43' title="bbox 246 2292 1900 2326; baseline 0 -8"><span class='ocrx_word' id='word_1_360' title='bbox 246 2303 303 2319; x_wconf 79' lang='lat' dir='ltr'><strong>nam</strong></span> <span class='ocrx_word' id='word_1_361' title='bbox 322 2294 379 2319; x_wconf 78' lang='lat' dir='ltr'><strong>talis</strong></span> <span class='ocrx_word' id='word_1_362' title='bbox 403 2298 442 2319; x_wconf 87' lang='lat' dir='ltr'><strong>est</strong></span> <span class='ocrx_word' id='word_1_363' title='bbox 460 2294 587 2325; x_wconf 88' lang='lat' dir='ltr'><strong>medicus,</strong></span> <span class='ocrx_word' id='word_1_364' title='bbox 613 2293 657 2326; x_wconf 87' lang='lat' dir='ltr'><strong>qui</strong></span> <span class='ocrx_word' id='word_1_365' title='bbox 679 2297 750 2318; x_wconf 79' lang='lat' dir='ltr'><strong>tuam</strong></span> <span class='ocrx_word' id='word_1_366' title='bbox 774 2293 881 2326; x_wconf 84' lang='lat' dir='ltr'><strong>suscipit</strong></span> <span class='ocrx_word' id='word_1_367' title='bbox 899 2293 1045 2324; x_wconf 76' lang='lat' dir='ltr'><strong>sanitatem,</strong></span> <span class='ocrx_word' id='word_1_368' title='bbox 1071 2296 1101 2318; x_wconf 91' lang='lat' dir='ltr'><strong>ut</strong></span> <span class='ocrx_word' id='word_1_369' title='bbox 1119 2300 1170 2317; x_wconf 90' lang='lat' dir='ltr'><strong>non</strong></span> <span class='ocrx_word' id='word_1_370' title='bbox 1189 2292 1298 2318; x_wconf 77' lang='lat' dir='ltr'><strong>secando</strong></span> <span class='ocrx_word' id='word_1_371' title='bbox 1316 2296 1388 2317; x_wconf 85' lang='lat' dir='ltr'><strong>curet</strong></span> <span class='ocrx_word' id='word_1_372' title='bbox 1406 2292 1514 2317; x_wconf 77' lang='lat' dir='ltr'><strong>vulnera</strong></span> <span class='ocrx_word' id='word_1_373' title='bbox 1531 2296 1588 2323; x_wconf 73' lang='lat' dir='ltr'><strong>tua,</strong></span> <span class='ocrx_word' id='word_1_374' title='bbox 1612 2293 1656 2318; x_wconf 85' lang='lat' dir='ltr'><strong>sed</strong></span> <span class='ocrx_word' id='word_1_375' title='bbox 1674 2293 1805 2326; x_wconf 73' lang='lat' dir='ltr'><strong>probando</strong></span> <span class='ocrx_word' id='word_1_376' title='bbox 1823 2293 1900 2324; x_wconf 73' lang='lat' dir='ltr'><strong>fidem</strong></span> 
     </span>
     <span class='ocr_line' id='line_1_44' title="bbox 245 2335 1900 2370; baseline 0 -8"><span class='ocrx_word' id='word_1_377' title='bbox 245 2337 332 2362; x_wconf 80' lang='lat' dir='ltr'><strong>tuam’.</strong></span> <span class='ocrx_word' id='word_1_378' title='bbox 370 2337 528 2362; x_wconf 79' lang='lat' dir='ltr'><strong>Venerabilis</strong></span> <span class='ocrx_word' id='word_1_379' title='bbox 546 2345 610 2370; x_wconf 85' lang='lat' dir='ltr'><strong>puer</strong></span> <span class='ocrx_word' id='word_1_380' title='bbox 629 2335 741 2369; x_wconf 82' lang='lat' dir='ltr'><strong>(Celsius</strong></span> <span class='ocrx_word' id='word_1_381' title='bbox 760 2336 795 2369; x_wconf 79' lang='lat' dir='ltr'><strong>B)</strong></span> <span class='ocrx_word' id='word_1_382' title='bbox 817 2337 972 2362; x_wconf 86' lang='lat' dir='ltr'><strong>subsecutus</strong></span> <span class='ocrx_word' id='word_1_383' title='bbox 990 2336 1067 2361; x_wconf 83' lang='lat' dir='ltr'><strong>dixit:</strong></span> <span class='ocrx_word' id='word_1_384' title='bbox 1098 2335 1172 2361; x_wconf 82' lang='lat' dir='ltr'><strong>‘Vere</strong></span> <span class='ocrx_word' id='word_1_385' title='bbox 1190 2339 1215 2361; x_wconf 80' lang='lat' dir='ltr'><strong>te</strong></span> <span class='ocrx_word' id='word_1_386' title='bbox 1234 2343 1303 2361; x_wconf 85' lang='lat' dir='ltr'><strong>nuuc</strong></span> <span class='ocrx_word' id='word_1_387' title='bbox 1321 2344 1407 2360; x_wconf 79' lang='lat' dir='ltr'><strong>veram</strong></span> <span class='ocrx_word' id='word_1_388' title='bbox 1430 2338 1537 2360; x_wconf 81' lang='lat' dir='ltr'><strong>matrem</strong></span> <span class='ocrx_word' id='word_1_389' title='bbox 1556 2336 1687 2368; x_wconf 74' lang='lat' dir='ltr'><strong>profiteor,</strong></span> <span class='ocrx_word' id='word_1_390' title='bbox 1713 2344 1799 2361; x_wconf 75' lang='lat' dir='ltr'><strong>veram</strong></span> <span class='ocrx_word' id='word_1_391' title='bbox 1817 2344 1900 2362; x_wconf 75' lang='lat' dir='ltr'><strong>meam</strong></span> 
     </span>
     <span class='ocr_line' id='line_1_45' title="bbox 245 2379 1900 2413; baseline 0.001 -9"><span class='ocrx_word' id='word_1_392' title='bbox 245 2380 394 2412; x_wconf 83' lang='lat' dir='ltr'><strong>genitricem</strong></span> <span class='ocrx_word' id='word_1_393' title='bbox 416 2388 541 2413; x_wconf 76' lang='lat' dir='ltr'><strong>agnosco3</strong></span> <span class='ocrx_word' id='word_1_394' title='bbox 566 2388 614 2405; x_wconf 89' lang='lat' dir='ltr'><strong>nec</strong></span> <span class='ocrx_word' id='word_1_395' title='bbox 635 2383 664 2404; x_wconf 83' lang='lat' dir='ltr'><strong>tu</strong></span> <span class='ocrx_word' id='word_1_396' title='bbox 687 2380 775 2405; x_wconf 81' lang='lat' dir='ltr'><strong>amitte</strong></span> <span class='ocrx_word' id='word_1_397' title='bbox 798 2379 907 2411; x_wconf 76' lang='lat' dir='ltr'><strong>(amittes</strong></span> <span class='ocrx_word' id='word_1_398' title='bbox 925 2379 1006 2408; x_wconf 76' lang='lat' dir='ltr'><strong>Bon.)</strong></span> <span class='ocrx_word' id='word_1_399' title='bbox 1026 2379 1107 2404; x_wconf 84' lang='lat' dir='ltr'><strong>filium</strong></span> <span class='ocrx_word' id='word_1_400' title='bbox 1126 2387 1239 2412; x_wconf 84' lang='lat' dir='ltr'><strong>nec-ego</strong></span> <span class='ocrx_word' id='word_1_401' title='bbox 1257 2382 1377 2410; x_wconf 77' lang='lat' dir='ltr'><strong>matrem,</strong></span> <span class='ocrx_word' id='word_1_402' title='bbox 1402 2379 1423 2403; x_wconf 89' lang='lat' dir='ltr'><strong>si</strong></span> <span class='ocrx_word' id='word_1_403' title='bbox 1441 2387 1493 2403; x_wconf 86' lang='lat' dir='ltr'><strong>una</strong></span> <span class='ocrx_word' id='word_1_404' title='bbox 1511 2386 1611 2403; x_wconf 88' lang='lat' dir='ltr'><strong>mecum</strong></span> <span class='ocrx_word' id='word_1_405' title='bbox 1628 2379 1661 2404; x_wconf 77' lang='lat' dir='ltr'><strong>ad</strong></span> <span class='ocrx_word' id='word_1_406' title='bbox 1678 2379 1743 2404; x_wconf 87' lang='lat' dir='ltr'><strong>illud</strong></span> <span class='ocrx_word' id='word_1_407' title='bbox 1760 2379 1900 2405; x_wconf 63' lang='lat' dir='ltr'><strong>contendas</strong></span> 
     </span>
     <span class='ocr_line' id='line_1_46' title="bbox 246 2422 1900 2455; baseline 0.001 -9"><span class='ocrx_word' id='word_1_408' title='bbox 246 2422 348 2454; x_wconf 86' lang='lat' dir='ltr'><strong>donum,</strong></span> <span class='ocrx_word' id='word_1_409' title='bbox 368 2431 412 2455; x_wconf 84' lang='lat' dir='ltr'><strong>pro</strong></span> <span class='ocrx_word' id='word_1_410' title='bbox 431 2432 482 2455; x_wconf 90' lang='lat' dir='ltr'><strong>quo</strong></span> <span class='ocrx_word' id='word_1_411' title='bbox 500 2423 581 2448; x_wconf 75' lang='lat' dir='ltr'><strong>sancti</strong></span> <span class='ocrx_word' id='word_1_412' title='bbox 599 2423 662 2448; x_wconf 84' lang='lat' dir='ltr'><strong>haec</strong></span> <span class='ocrx_word' id='word_1_413' title='bbox 675 2427 745 2448; x_wconf 75' lang='lat' dir='ltr'><strong>tanta</strong></span> <span class='ocrx_word' id='word_1_414' title='bbox 758 2423 902 2448; x_wconf 61' lang='lat' dir='ltr'><strong>sustinent!</strong></span> <span class='ocrx_word' id='word_1_415' title='bbox 930 2422 1088 2448; x_wconf 81' lang='lat' dir='ltr'><strong>Venerabilis</strong></span> <span class='ocrx_word' id='word_1_416' title='bbox 1101 2422 1200 2454; x_wconf 83' lang='lat' dir='ltr'><strong>mulier,</strong></span> <span class='ocrx_word' id='word_1_417' title='bbox 1219 2422 1293 2447; x_wconf 89' lang='lat' dir='ltr'><strong>cuius</strong></span> <span class='ocrx_word' id='word_1_418' title='bbox 1305 2422 1395 2447; x_wconf 85' lang='lat' dir='ltr'><strong>intima</strong></span> <span class='ocrx_word' id='word_1_419' title='bbox 1407 2422 1515 2454; x_wconf 83' lang='lat' dir='ltr'><strong>pectoris</strong></span> <span class='ocrx_word' id='word_1_420' title='bbox 1528 2422 1615 2446; x_wconf 77' lang='lat' dir='ltr'><strong>divina</strong></span> <span class='ocrx_word' id='word_1_421' title='bbox 1626 2422 1708 2455; x_wconf 73' lang='lat' dir='ltr'><strong>gratia</strong></span> <span class='ocrx_word' id='word_1_422' title='bbox 1725 2422 1777 2448; x_wconf 70' lang='lat' dir='ltr'><strong>iam</strong></span> <span class='ocrx_word' id='word_1_423' title='bbox 1788 2422 1900 2448; x_wconf 69' lang='lat' dir='ltr'><strong>illustra-</strong></span> 
     </span>
     <span class='ocr_line' id='line_1_47' title="bbox 246 2461 1898 2499; baseline 0.001 -9"><span class='ocrx_word' id='word_1_424' title='bbox 246 2469 330 2497; x_wconf 79' lang='lat' dir='ltr'><strong>verat,</strong></span> <span class='ocrx_word' id='word_1_425' title='bbox 354 2466 484 2498; x_wconf 83' lang='lat' dir='ltr'><strong>respondit</strong></span> <span class='ocrx_word' id='word_1_426' title='bbox 506 2466 558 2491; x_wconf 88' lang='lat' dir='ltr'><strong>filio</strong></span> <span class='ocrx_word' id='word_1_427' title='bbox 582 2469 607 2491; x_wconf 83' lang='lat' dir='ltr'><strong>et</strong></span> <span class='ocrx_word' id='word_1_428' title='bbox 630 2466 706 2491; x_wconf 83' lang='lat' dir='ltr'><strong>dixit:</strong></span> <span class='ocrx_word' id='word_1_429' title='bbox 735 2466 890 2499; x_wconf 75' lang='lat' dir='ltr'><strong>‘Cognoseas</strong></span> <span class='ocrx_word' id='word_1_430' title='bbox 914 2474 965 2498; x_wconf 81' lang='lat' dir='ltr'><strong>me,</strong></span> <span class='ocrx_word' id='word_1_431' title='bbox 992 2466 1042 2497; x_wconf 83' lang='lat' dir='ltr'><strong>fili,</strong></span> <span class='ocrx_word' id='word_1_432' title='bbox 1067 2466 1131 2490; x_wconf 89' lang='lat' dir='ltr'><strong>nihil</strong></span> <span class='ocrx_word' id='word_1_433' title='bbox 1149 2466 1229 2490; x_wconf 87' lang='lat' dir='ltr'><strong>amori</strong></span> <span class='ocrx_word' id='word_1_434' title='bbox 1247 2466 1302 2490; x_wconf 89' lang='lat' dir='ltr'><strong>eius</strong></span> <span class='ocrx_word' id='word_1_435' title='bbox 1321 2473 1485 2498; x_wconf 75' lang='lat' dir='ltr'><strong>praeponere,</strong></span> <span class='ocrx_word' id='word_1_436' title='bbox 1511 2473 1588 2497; x_wconf 87' lang='lat' dir='ltr'><strong>quern</strong></span> <span class='ocrx_word' id='word_1_437' title='bbox 1606 2467 1636 2490; x_wconf 86' lang='lat' dir='ltr'><strong>tu</strong></span> <span class='ocrx_word' id='word_1_438' title='bbox 1656 2462 1705 2498; x_wconf 84' lang='lat' dir='ltr'><strong>(sic</strong></span> <span class='ocrx_word' id='word_1_439' title='bbox 1722 2461 1783 2496; x_wconf 87' lang='grc' dir='ltr'><strong>ΒΕ)</strong></span> <span class='ocrx_word' id='word_1_440' title='bbox 1805 2461 1898 2498; x_wconf 78' lang='lat' dir='ltr'><strong>diligis.</strong></span> 
     </span>
     <span class='ocr_line' id='line_1_48' title="bbox 246 2507 1898 2541; baseline 0.001 -9"><span class='ocrx_word' id='word_1_441' title='bbox 246 2508 295 2533; x_wconf 91' lang='lat' dir='ltr'><strong>Pro</strong></span> <span class='ocrx_word' id='word_1_442' title='bbox 313 2517 364 2540; x_wconf 79' lang='lat' dir='ltr'><strong>qua</strong></span> <span class='ocrx_word' id='word_1_443' title='bbox 382 2517 408 2533; x_wconf 87' lang='lat' dir='ltr'><strong>re</strong></span> <span class='ocrx_word' id='word_1_444' title='bbox 426 2509 547 2541; x_wconf 88' lang='lat' dir='ltr'><strong>quiequid</strong></span> <span class='ocrx_word' id='word_1_445' title='bbox 560 2509 731 2534; x_wconf 78' lang='lat' dir='ltr'><strong>necessarium</strong></span> <span class='ocrx_word' id='word_1_446' title='bbox 750 2509 827 2534; x_wconf 82' lang='lat' dir='ltr'><strong>saluti</strong></span> <span class='ocrx_word' id='word_1_447' title='bbox 845 2517 916 2534; x_wconf 79' lang='lat' dir='ltr'><strong>meae</strong></span> <span class='ocrx_word' id='word_1_448' title='bbox 934 2517 989 2534; x_wconf 78' lang='lat' dir='ltr'><strong>esse</strong></span> <span class='ocrx_word' id='word_1_449' title='bbox 1002 2509 1143 2541; x_wconf 77' lang='lat' dir='ltr'><strong>cognoscis,</strong></span> <span class='ocrx_word' id='word_1_450' title='bbox 1162 2508 1268 2534; x_wconf 83' lang='lat' dir='ltr'><strong>exerce&#39;.</strong></span> <span class='ocrx_word' id='word_1_451' title='bbox 1300 2508 1369 2533; x_wconf 86' lang='lat' dir='ltr'><strong>Puer</strong></span> <span class='ocrx_word' id='word_1_452' title='bbox 1386 2508 1460 2532; x_wconf 84' lang='lat' dir='ltr'><strong>dixit:</strong></span> <span class='ocrx_word' id='word_1_453' title='bbox 1482 2507 1571 2533; x_wconf 82' lang='lat' dir='ltr'><strong>‘Corde</strong></span> <span class='ocrx_word' id='word_1_454' title='bbox 1588 2507 1700 2533; x_wconf 81' lang='lat' dir='ltr'><strong>creditur</strong></span> <span class='ocrx_word' id='word_1_455' title='bbox 1718 2508 1750 2532; x_wconf 79' lang='lat' dir='ltr'><strong>ad</strong></span> <span class='ocrx_word' id='word_1_456' title='bbox 1761 2508 1898 2540; x_wconf 68' lang='lat' dir='ltr'><strong>iusticiam,</strong></span> 
     </span>
    </p>
   </div>
   <div class='ocr_carea' id='block_1_5' title="bbox 954 2584 1794 2590">
    <p class='ocr_par' dir='ltr' id='par_1_14' title="bbox 954 2584 1794 2590">
     <span class='ocr_line' id='line_1_49' title="bbox 954 2584 1794 2590; baseline 0 0"><span class='ocrx_word' id='word_1_457' title='bbox 954 2584 1794 2590; x_wconf 95' lang='lat' dir='ltr'><strong> </strong></span> 
     </span>
    </p>
   </div>
   <div class='ocr_carea' id='block_1_6' title="bbox 352 2643 1899 2679">
    <p class='ocr_par' dir='ltr' id='par_1_15' title="bbox 352 2643 1899 2679">
     <span class='ocr_line' id='line_1_50' title="bbox 352 2643 1899 2679; baseline 0.001 -10"><span class='ocrx_word' id='word_1_458' title='bbox 352 2644 400 2670; x_wconf 71' lang='lat'><strong>1⁰6</strong></span> <span class='ocrx_word' id='word_1_459' title='bbox 423 2644 510 2671; x_wconf 71' lang='lat' dir='ltr'><strong>*ortus</strong></span> <span class='ocrx_word' id='word_1_460' title='bbox 529 2646 554 2671; x_wconf 81' lang='lat'><strong>1&gt;</strong></span> <span class='ocrx_word' id='word_1_461' title='bbox 674 2645 724 2671; x_wconf 84' lang='lat'><strong>120</strong></span> <span class='ocrx_word' id='word_1_462' title='bbox 746 2645 812 2679; x_wconf 55' lang='grc' dir='ltr'><strong>ἤτω]</strong></span> <span class='ocrx_word' id='word_1_463' title='bbox 837 2650 862 2672; x_wconf 83' lang='lat' dir='ltr'><strong>te</strong></span> <span class='ocrx_word' id='word_1_464' title='bbox 885 2655 939 2679; x_wconf 71' lang='lat' dir='ltr'><strong>sup.</strong></span> <span class='ocrx_word' id='word_1_465' title='bbox 963 2646 1007 2671; x_wconf 80' lang='lat' dir='ltr'><strong>lin.</strong></span> <span class='ocrx_word' id='word_1_466' title='bbox 1027 2645 1052 2670; x_wconf 91' lang='lat' dir='ltr'><em>P</em></span> <span class='ocrx_word' id='word_1_467' title='bbox 1172 2645 1221 2671; x_wconf 83' lang='lat'><strong>123</strong></span> <span class='ocrx_word' id='word_1_468' title='bbox 1243 2646 1287 2671; x_wconf 84' lang='lat' dir='ltr'><strong>sed</strong></span> <span class='ocrx_word' id='word_1_469' title='bbox 1310 2646 1381 2671; x_wconf 79' lang='lat' dir='ltr'><strong>allud</strong></span> <span class='ocrx_word' id='word_1_470' title='bbox 1404 2654 1471 2671; x_wconf 83' lang='lat' dir='ltr'><strong>corr.</strong></span> <span class='ocrx_word' id='word_1_471' title='bbox 1490 2645 1516 2670; x_wconf 87' lang='lat' dir='ltr'><em>P</em></span> <span class='ocrx_word' id='word_1_472' title='bbox 1549 2655 1551 2657; x_wconf 60' lang='lat'><strong><em>¹</em></strong></span> <span class='ocrx_word' id='word_1_473' title='bbox 1636 2643 1686 2670; x_wconf 85' lang='lat'><strong>130</strong></span> <span class='ocrx_word' id='word_1_474' title='bbox 1709 2646 1803 2679; x_wconf 73' lang='lat' dir='ltr'><strong>parebo</strong></span> <span class='ocrx_word' id='word_1_475' title='bbox 1821 2646 1899 2671; x_wconf 76' lang='lat' dir='ltr'><strong>saluti</strong></span> 
     </span>
    </p>
   </div>
   <div class='ocr_carea' id='block_1_7' title="bbox 250 2687 393 2712">
    <p class='ocr_par' dir='ltr' id='par_1_16' title="bbox 250 2687 393 2712">
     <span class='ocr_line' id='line_1_51' title="bbox 250 2687 393 2712; baseline 0 0"><span class='ocrx_word' id='word_1_476' title='bbox 250 2689 278 2712; x_wconf 78' lang='lat' dir='ltr'><strong>in</strong></span> <span class='ocrx_word' id='word_1_477' title='bbox 295 2696 349 2712; x_wconf 68' lang='lat' dir='ltr'><strong>ran.</strong></span> <span class='ocrx_word' id='word_1_478' title='bbox 368 2687 393 2712; x_wconf 90' lang='lat' dir='ltr'><em>P</em></span> 
     </span>
    </p>
   </div>
   <div class='ocr_carea' id='block_1_8' title="bbox 351 2772 958 2806">
    <p class='ocr_par' dir='ltr' id='par_1_17' title="bbox 351 2772 958 2806">
     <span class='ocr_line' id='line_1_52' title="bbox 351 2772 958 2806; baseline 0.005 -9"><span class='ocrx_word' id='word_1_479' title='bbox 351 2772 399 2797; x_wconf 86' lang='lat'><strong>131</strong></span> <span class='ocrx_word' id='word_1_480' title='bbox 418 2772 476 2798; x_wconf 75' lang='lat' dir='ltr'><strong>Act.</strong></span> <span class='ocrx_word' id='word_1_481' title='bbox 498 2773 537 2804; x_wconf 84' lang='lat'><strong>13,</strong></span> <span class='ocrx_word' id='word_1_482' title='bbox 555 2773 589 2799; x_wconf 75' lang='lat'><strong>39</strong></span> <span class='ocrx_word' id='word_1_483' title='bbox 608 2773 656 2806; x_wconf 90' lang='lat' dir='ltr'><strong>qui</strong></span> <span class='ocrx_word' id='word_1_484' title='bbox 675 2773 764 2800; x_wconf 87' lang='lat' dir='ltr'><strong>credit</strong></span> <span class='ocrx_word' id='word_1_485' title='bbox 782 2773 958 2800; x_wconf 71' lang='lat' dir='ltr'><strong>iustificatur.</strong></span> 
     </span>
    </p>
   </div>
  </div>
 </body>
</html>
