2040 2996
781 107 977 136 ENCOMIUM
996 110 1212 137 GUNTHARH.
1757 114 1819 144 239

535 194 589 227 Sic
613 205 732 227 exorsa
755 206 814 227 sua
837 195 938 227 verba
960 196 1180 238 pulcherrima
1205 197 1306 239 virgo,

582 247 663 278 Cum
686 246 817 288 gelidus
842 246 941 278 sudor
962 247 1092 280 fuderat
1115 259 1191 280 ossa
1214 259 1301 281 mea:

507 339 509 341 ι
534 297 640 338 Quid,
665 298 772 338 miser,
798 309 834 330 es
857 298 1028 341 trepidus?
1051 310 1116 331 non
1139 311 1210 331 sum
1232 301 1378 333 fallentis
1401 302 1518 344 imag0‚

581 349 648 382 Sed
671 361 732 392 per
754 350 844 382 iussa
867 350 921 382 dei
945 361 1023 383 vera
1046 351 1170 383 referre
1194 352 1290 383 sinor.

456 409 479 428 1⁵
533 402 672 444 Cognita
696 401 896 444 Graiugenis
920 403 967 434 sic
991 413 1072 443 sum,
1096 403 1284 435 veneranda
1305 404 1445 436 Latinis:

579 453 737 496 Utrisque
760 454 876 486 merito
900 454 1056 497 signaque
1081 455 1181 498 dupla
1203 455 1296 487 veho.

533 505 616 537 Inde
641 506 757 548 sophia
779 516 877 538 vocor
900 505 1040 545 Graece,
1065 508 1228 550 sapientia
1249 507 1384 548 Romae,

582 557 676 589 Unus
700 557 758 589 sed
782 568 899 590 sensus
922 559 1054 591 nomina
1076 570 1136 602 per
1158 560 1257 591 varia.

530 609 652 641 Imbuti
676 610 764 652 regis
788 610 938 642 doctores
962 611 1023 643 hac
1047 611 1228 654 sapientes:

451 667 477 686 ²0
579 660 707 693 Lumen
729 661 830 693 abere
854 672 963 693 meum
987 662 1096 694 nullus
1120 663 1152 694 in
1178 663 1257 695 orbe
1280 667 1389 706 negat.

532 712 621 754 Ergo
644 723 742 755 parce
766 717 867 753 metu,
890 724 955 745 non
978 724 1030 745 me
1053 714 1187 746 ludente
1211 715 1356 747 timebis:

582 763 683 796 Utere
707 775 789 807 pace
812 775 896 804 mea,
920 765 985 797 sint
1007 765 1065 797 tibi
1088 770 1206 798 cuncta
1227 767 1323 798 bona.

533 815 581 847 Te
604 826 697 856 voco,
719 819 756 848 ut
778 817 916 848 veniens
940 816 1079 849 Guntari
1103 818 1216 850 limina
1239 819 1319 850 tecti

579 867 741 910 Prospera
764 869 941 911 percipias:
966 879 1041 900 nam
1064 869 1168 901 bonus
1191 870 1260 912 ipse
1285 872 1362 902 suis.

455 925 479 945 2⁵
533 919 718 952 Gloriferae
739 917 848 952 'famae
872 920 1011 952 Guntari
1034 921 1138 953 fertur
1161 921 1316 953 honestas

579 970 731 1014 Europae
756 973 870 1004 turmis
893 972 1044 1004 laudibus
1068 974 1250 1005 almisonis:

532 1022 664 1055 Pacifer
687 1024 838 1066 egregius
860 1024 993 1066 praesul
1017 1025 1213 1057 venerabilis
1236 1026 1353 1064 almus,

578 1074 623 1106 At
646 1075 774 1117 patiens
798 1075 930 1108 humilis
954 1076 1063 1118 largus
1087 1080 1120 1108 et
1142 1077 1212 1119 ipse
1235 1077 1323 1119 pius:

530 1126 675 1158 Moribus
700 1130 733 1159 et
755 1127 861 1159 forma
883 1128 1070 1171 pietateque
1094 1128 1212 1170 dignus
1235 1129 1369 1169 honore,

454 1184 479 1203 ³0
582 1178 720 1210 Electus
743 1179 865 1211 domini
888 1183 1001 1223 pastor
1025 1184 1058 1212 et
1080 1181 1150 1223 ipse
1174 1181 1296 1223 gregis.

533 1229 689 1272 Quosque
713 1230 820 1262 dualis
843 1231 901 1263 alit
923 1232 1025 1274 ipsius
1049 1243 1128 1264 cura
1150 1232 1302 1264 favendo:

579 1281 743 1324 Dogmate
768 1283 865 1314 corda
886 1283 986 1323 fovet,
1010 1294 1146 1326 corpora
1169 1287 1261 1316 veste
1285 1284 1366 1316 civo.

532 1333 675 1375 Agmina
698 1335 885 1367 mortiferae
909 1337 1017 1367 earnis
1042 1337 1211 1378 surgentia
1234 1337 1319 1369 farre

578 1385 737 1418 Mactavit
759 1387 878 1419 mentis
902 1388 963 1419 rite
987 1388 1117 1420 favente
1141 1388 1215 1421 deo:

453 1443 478 1462 ³⁵
534 1437 620 1469 Hine
644 1448 778 1470 securus
800 1439 886 1470 inest
908 1440 1081 1482 prostratis
1106 1440 1252 1472 hostibus
1276 1441 1357 1480 istis,

579 1489 682 1521 Totus
705 1492 741 1521 ut
763 1490 898 1522 interior
921 1491 962 1522 sit
984 1491 1132 1533 placidus
1156 1491 1297 1524 domino.

531 1541 615 1572 Nam
639 1541 778 1573 hominis
801 1542 952 1584 geminae
976 1543 1067 1585 leges
1090 1543 1262 1575 horiuntur
1284 1544 1317 1575 in
1340 1554 1411 1581 usu,

578 1592 671 1629 Quae
696 1604 843 1635 pugnare
867 1594 974 1626 solent
995 1597 1091 1626 nocte
1115 1595 1233 1638 dieque
1258 1595 1364 1627 simul.

530 1644 669 1676 Donifer
691 1644 862 1677 altitronus
887 1645 1030 1678 denudat
1052 1646 1168 1678 anthra
1191 1647 1325 1690 sophiae

449 1702 475 1722 ⁴⁰
578 1695 740 1728 Gunthari
763 1697 895 1739 ingenio
919 1698 1040 1730 lumine
1063 1699 1216 1741 legifero:

531 1747 657 1790 Pagina
680 1748 828 1790 signiferi
852 1752 990 1792 septeno
1014 1750 1144 1782 tramite
1168 1761 1262 1782 cursa

578 1799 751 1831 Astrorum
773 1800 847 1842 lege
871 1800 945 1832 huic
969 1801 1053 1833 bene
1078 1805 1155 1833 nota
1179 1801 1296 1844 sopho;

532 1850 684 1882 Carmina
705 1851 865 1883 musidica
888 1853 1045 1894 pollentia
1068 1853 1187 1885 famine
1211 1853 1306 1892 salso,

578 1901 734 1935 Ludifero
757 1913 855 1935 sensu
877 1903 1050 1936 aedificata
1073 1904 1159 1944 colit,

273 2055 302 2106 1¹1
323 2057 365 2082 Sic
382 2066 473 2083 exorsa
490 2067 538 2083 sua
555 2059 635 2084 uerba
650 2058 683 2092 G]
703 2060 810 2085 Talibus
828 2060 947 2086 allocitur
964 2061 1052 2086 uerbis
1069 2069 1194 2093 nuper-ter.
1210 2060 1240 2086 G‘
1320 2059 1352 2086 13
1371 2060 1478 2086 salomes
1496 2068 1562 2085 corr.
1579 2060 1602 2084 G
1682 2057 1713 2083 14
1728 2057 1815 2083 *iussa

166 2110 218 2145 dei]
242 2121 306 2138 mis·
326 2113 360 2138 do
383 2114 406 2139 G
427 2114 484 2139 ius·
506 2115 563 2140 uisa
585 2115 630 2140 sed
652 2124 668 2141 a
690 2116 741 2141 dno
763 2125 889 2149 mperuer.
905 2116 935 2141 θ’
1033 2116 1064 2142 15
1089 2117 1238 2142 ueneranda
1262 2116 1348 2141 latinis
1371 2115 1403 2149 G]
1429 2116 1488 2141 bilis
1509 2123 1616 2147 sumque
1640 2123 1766 2146 cuper-scr.
1782 2114 1812 2139 G¹

166 2167 267 2184 vernum
278 2164 306 2185 ut
315 2164 387 2193 pacet
398 2161 452 2186 εἰπε
463 2162 568 2194 oognita
580 2162 691 2188 lectur-ue
770 2163 802 2188 16
814 2164 904 2196 utrisq,
917 2164 1007 2189 merito
1022 2162 1054 2196 G]
1069 2164 1112 2189 lde
1125 2164 1207 2189 fidelis
1221 2172 1235 2189 e
1248 2172 1375 2196 superoer.
1388 2162 1418 2188 (θ’
1463 2166 1521 2195 pose
1528 2162 1595 2187 ueho
1609 2161 1671 2186 add.
1682 2161 1814 2186 familiaris

168 2215 211 2232 ero
233 2210 257 2232 et
279 2207 351 2232 iuxta
377 2206 408 2233 17
431 2217 467 2240 σᾳ.
498 2209 520 2234 is
547 2209 606 2234 inde
630 2210 712 2235 fidelis
738 2210 759 2235 is
788 2219 847 2236 θοι-ο
866 2211 912 2235 G‘:
942 2211 1017 2236 varia
1038 2211 1187 2236 correctoris
1211 2211 1348 2236 conamina
1377 2214 1436 2235 sum
1460 2209 1497 2234 ad
1517 2209 1712 2242 perpoliendmn
1733 2217 1756 2234 υ.
1782 2208 1813 2233 16

167 2253 285 2284 (voluisse
308 2254 372 2280 milti
393 2255 493 2280 videtur
515 2257 577 2282 Inde
601 2257 743 2282 fidolis'ero
760 2257 800 2282 vel
817 2258 960 2283 Familiaris
978 2266 1021 2287 ero
1039 2258 1163 2290 signaque
1181 2258 1205 2282 d.
1218 2266 1242 2282 v.
1270 2257 1370 2289 Nisyrae
1390 2256 1522 2289 (Utrisque
1535 2254 1646 2288 meri)tis
1662 2256 1720 2280 iude
1732 2256 1814 2281 fidelis

167 2299 221 2332 eno)
318 2299 350 2326 17
372 2302 435 2328 Inde
450 2301 484 2335 G]
506 2302 556 2328 del.
579 2307 602 2328 et
622 2303 678 2337 ipsa
699 2312 825 2336 mperscr.
842 2304 872 2329 0¹
934 2306 1015 2330 Graes
1031 2304 1054 2329 G
1148 2303 1183 2329 20
1204 2304 1280 2329 abero
1299 2304 1315 2328 ι’.
1328 2312 1348 2329 e.
1362 2312 1436 2329 avere
1454 2304 1503 2336 cfr.
1524 2302 1557 2329 10
1573 2303 1645 2329 iubat
1662 2302 1697 2328 32
1714 2303 1772 2328 ciuo
1789 2307 1814 2352 ft

167 2356 261 2382 eoi-bus
285 2357 314 2382 in
335 2356 428 2383 Seduli
443 2358 499 2383 cod.
519 2358 622 2384 onnam
708 2358 741 2384 21
764 2360 885 2385 laudante
906 2369 972 2385 corr.
992 2360 1015 2385 G
1108 2358 1144 2384 23
1162 2368 1226 2385 uoco
1243 2358 1276 2392 G]
1295 2359 1345 2384 del.
1363 2364 1386 2384 et
1403 2363 1461 2393 peto
1480 2367 1606 2391 supereo-r.
1622 2359 1652 2384 G‘
1707 2357 1813 2384 *υθιιίοε

169 2403 242 2435 (add.
260 2412 278 2429 a
294 2413 312 2428 a
331 2404 362 2429 θ’
380 2404 402 2435 3)
425 2405 448 2430 G
502 2406 621 2431 Guntarii
642 2415 710 2431 corr.
726 2407 750 2431 G
841 2406 875 2433 25
897 2406 931 2439 (et
954 2405 999 2438 40)
1017 2407 1115 2432 contari
1134 2407 1157 2431 G
1214 2407 1335 2432 honestae
1356 2405 1388 2439 G]
1407 2415 1474 2432 corr.
1495 2406 1525 2431 G‘
1618 2405 1651 2431 27
1670 2407 1770 2439 pressul
1790 2406 1814 2431 G

167 2459 203 2485 28
219 2459 334 2493 humilis]
353 2461 370 2486 h
388 2461 437 2486 del.
459 2461 482 2487 G
567 2460 602 2487 29
619 2462 680 2488 hore
698 2471 765 2488 corr.
787 2463 810 2488 G
894 2461 929 2488 30
946 2445 990 2496 ips³
1006 2464 1028 2488 G
1114 2462 1146 2488 31
1168 2464 1289 2495 Quosque
1307 2461 1339 2495 G]
1358 2464 1492 2495 Quemque
1510 2471 1576 2488 corr.
1593 2462 1624 2488 G‘
1683 2462 1772 2487 duales
1790 2462 1813 2486 G

169 2516 236 2533 corr.
255 2507 404 2534 Dcoemmzer
451 2509 498 2534 alit
510 2508 544 2542 G]
560 2509 632 2535 aleus
648 2518 714 2535 corr.
730 2510 761 2534 G¹
843 2509 876 2535 33
889 2511 1020 2546 surgentie
1037 2509 1069 2543 G]
1089 2519 1155 2535 corr.
1172 2511 1202 2535 G¹
1250 2509 1337 2543 *parte
1349 2510 1372 2535 G
1452 2508 1487 2535 34
1503 2508 1564 2535 *lite
1579 2510 1602 2535 G
1682 2509 1716 2534 35
1734 2508 1812 2542 Hinc]

169 2554 230 2579 hinc
238 2558 277 2580 eat
285 2555 381 2581 naboar.
396 2555 427 2580 0⁴
505 2555 538 2582 37
549 2556 614 2589 legis
627 2557 649 2582 G
658 2565 725 2582 corr.
738 2556 886 2582 Duemmler
964 2556 998 2582 38
1010 2559 1066 2589 Quo
1079 2555 1111 2589 G]
1122 2557 1216 2583 subeor.
1226 2557 1268 2583 lex
1281 2557 1311 2582 G'
1389 2555 1424 2582 43
1433 2555 1516 2582 *sulse
1529 2557 1551 2582 G
1628 2555 1778 2582 441udis0r0
1790 2557 1813 2581 G

166 2601 282 2627 edificata
296 2602 320 2627 G

268 2694 300 2720 21
321 2694 388 2720 Aen.
407 2694 430 2728 1,
447 2694 500 2720 257
519 2695 604 2722 Parce
621 2697 707 2723 metu.
794 2697 828 2724 22
847 2696 899 2730 Gsr.
919 2697 1009 2724 Sedul.
1028 2697 1078 2724 III
1092 2701 1135 2721 Vl!
1151 2698 1194 2724 33.
1280 2697 1313 2723 37
1330 2705 1366 2731 sq.
1383 2697 1431 2729 cfr.
1447 2705 1526 2724 earm.
1540 2697 1563 2723 Ι.
1650 2697 1684 2723 43
1701 2705 1753 2731 sqq.
1766 2697 1811 2729 cfr.

169 2745 257 2774 sedul.
276 2746 311 2773 II
327 2750 430 2771 Lxru!
441 2755 470 2782 p.
491 2747 541 2774 221
559 2755 604 2782 sq..
