2092 3094
249 132 310 163 268
846 130 1013 156 CARMINA
1033 128 1298 156 CENTULENSIA.

225 228 227 230 ’
248 217 353 248 Abest
376 215 519 258 Welpho
548 216 649 248 abba:
678 216 830 247 nimirum
860 217 963 247 abesse
991 218 1122 247 coaetus.
1174 216 1324 256 Sequitur
1351 216 1386 246 in
1414 215 1513 247 codice
1539 226 1663 248 carmen
1695 217 1822 250 missum
1853 219 1896 250 ad

250 269 390 300 abbatem
413 268 577 308 quendam,
601 268 655 307 qui
677 269 749 307 quis
767 267 868 310 ficei-tt
891 279 911 298 a
928 271 1022 307 poeta
1045 268 1199 306 reticetur,
1222 270 1256 299 at
1278 278 1349 299 vero
1366 268 1483 307 poterit
1504 268 1662 308 indaqari,
1685 269 1714 300 si
1733 270 1804 309 quis
1825 280 1894 302 car-

248 321 344 351 minis
365 320 499 351 eiilsdcnt
524 329 631 351 versus
652 320 841 351 intelleoeerit
863 320 934 351 Itos:

558 380 732 412 Mellifluas
757 391 909 423 euperem
937 381 1028 412 vobis
1053 380 1230 422 depingere
1255 379 1380 417 laudes,

559 431 593 463 Si
619 432 764 464 clausum
789 433 866 464 mihi
891 433 1116 475 cunctipotens
1139 442 1269 463 sensum
1292 435 1483 472 reserasset,

559 484 694 516 Visibus
718 487 815 526 atque
840 485 921 516 meis
945 485 1116 516 tribuisset
1139 494 1273 516 eernere
1299 485 1376 516 solis

559 536 731 576 Ardorem,
757 537 943 569 venerande
968 539 1071 578 pater,
1094 537 1293 578 nimiumque
1317 537 1471 579 cupitum.

512 600 523 616 5
557 587 710 630 Denegat
734 588 794 620 hoo
818 589 892 631 quia
917 589 980 620 iam
1005 599 1081 630 spes
1106 591 1227 625 nostra„
1252 588 1370 620 dehinc
1394 589 1595 622 retieeseam.

559 640 690 672 Interea
714 640 817 672 donee
840 641 912 683 lyps
937 641 1065 672 flaverit
1088 640 1171 671 alter
1194 641 1235 671 ab
1260 641 1327 679 illo,

561 692 693 724 Semina
717 693 810 735 plura
834 692 928 724 modo
954 693 1097 734 graviter
1120 693 1173 734 qui
1198 692 1304 724 flando
1328 693 1463 734 perurit.

250 751 292 783 In
308 751 357 783 his
380 752 543 792 quaedam,
567 763 605 784 nc
629 763 715 792 quem
741 753 938 791 offenderent,
962 763 1024 783 non
1048 754 1116 784 sinc
1131 753 1237 792 aliquo
1260 753 1389 784 consilio
1413 753 1496 784 dicta
1518 755 1593 785 sunt
1613 754 1804 788 subobscure.
1833 757 1899 789 Im-

247 806 386 843 portuna
410 806 547 844 tempora
579 805 810 845 tempestatibus
836 805 1079 838 calsimilantm·:
1111 805 1188 836 solis
1217 805 1314 836 ardor
1344 807 1389 836 est
1415 805 1502 836 visus
1529 805 1726 846 Welphonis;
1752 807 1815 839 libs
1842 809 1898 840 ille

251 856 305 897 qui
330 866 415 887 nunc
440 857 565 888 semina
589 858 712 899 perurit
743 857 838 889 libido
868 868 931 897 qua
959 858 994 888 in
1022 857 1236 889 ecelesiasticis
1260 857 1507 896 possessionibus
1533 868 1644 889 venum
1671 858 1788 891 dandis
1815 861 1898 892 redi-

248 908 370 939 mendis
395 909 603 949 9rassabatur
631 909 774 941 Kar-olus
805 909 938 947 (salvuffl
969 910 1052 940 alter
1081 909 1143 940 libs
1173 910 1228 948 qui
1255 911 1401 948 speratur
1432 909 1614 949 Welphonis
1640 910 1768 944 redt'tus.
1814 912 1899 953 Erqo

248 961 283 990 ut
306 960 446 991 carmine
472 960 498 991 C
505 960 532 991 V
551 961 794 993 Karlomannus
816 961 976 992 salutatur
1003 971 1101 992 novus
1123 961 1235 999 abbas,
1259 962 1303 991 ita
1332 961 1496 1000 Welplzoni
1518 971 1581 992 non
1604 962 1669 994 iam
1690 963 1797 996 abbati
1817 965 1900 996 valc-

248 1011 365 1043 dicitur
388 1013 526 1044 carmine
552 1013 638 1047 CVI.
684 1013 727 1044 In
749 1013 848 1045 codem
868 1015 960 1054 poeta
983 1013 1027 1044 sie
1047 1014 1164 1054 perffl't:

560 1073 673 1106 Gratia
693 1074 882 1106 celsithroni
908 1074 964 1105 sed
989 1085 1045 1106 vos
1070 1075 1176 1106 salvet
1200 1076 1301 1116 regat,
1326 1084 1393 1113 oro,

560 1126 722 1168 Tempora
745 1137 802 1168 per
826 1131 920 1158 tensa
943 1127 1061 1157 multos
1084 1126 1244 1168 digneque
1270 1125 1425 1167 regendo.

501 1190 525 1208 10
559 1178 628 1209 Nee
652 1179 758 1210 minus
783 1179 934 1220 implorat
957 1178 1076 1220 iugiter
1100 1197 1138 1200 —
1164 1178 1226 1210 hoe
1251 1177 1374 1210 credite
1397 1177 1490 1209 nobis
1515 1197 1551 1201 -

560 1229 651 1262 Grex
676 1234 788 1262 noster
812 1230 934 1262 solidus
959 1230 1105 1270 caritate,
1129 1230 1192 1261 fide
1217 1230 1390 1262 roboratus

560 1282 627 1314 Vos
653 1283 754 1314 vestri
778 1283 864 1314 eirea
888 1291 944 1325 pro
968 1283 1069 1325 patris
1094 1293 1205 1314 amore
1231 1302 1271 1305 —
1295 1282 1405 1314 sciatis
1431 1301 1481 1317 -,

560 1334 628 1366 Nos
653 1335 707 1377 qui
731 1334 780 1366 bis
805 1334 907 1366 denos
933 1335 1017 1366 rexit
1040 1334 1181 1367 feliciter
1204 1345 1316 1366 annos.

257 1392 385 1432 Welpho
416 1395 514 1434 icitur
540 1398 663 1434 patrem
693 1395 844 1427 habuerat
874 1396 945 1426 item
971 1395 1109 1427 abbatem
1134 1397 1161 1426 ct
1184 1395 1239 1434 qui
1262 1395 1374 1436 vifinti
1395 1405 1497 1427 aranos
1518 1397 1718 1436 reynavisset.
1762 1397 1832 1430 Hoc
1851 1397 1902 1430 his

250 1446 439 1485 temporibus
462 1457 525 1478 non
549 1448 689 1479 convenit
712 1448 777 1479 nisi
800 1448 835 1479 in
858 1458 956 1479 unum
978 1447 1153 1487 Rudolfum
1181 1447 1362 1487 Wclphonis
1383 1447 1580 1486 decessorem,
1603 1459 1692 1488 quem
1720 1449 1901 1490 Welphtmis

246 1498 372 1537 patrem
394 1497 494 1537 fuisse.
516 1499 585 1531 alia
611 1509 705 1531 causa
728 1499 882 1531 adductus
910 1500 1041 1539 speciose
1072 1500 1295 1531 coniectaverat
1318 1499 1531 1532 Duemmler1.
1576 1500 1663 1532 Hinc
1691 1511 1728 1533 ea
1755 1511 1806 1533 res
1830 1512 1901 1534 con-

249 1549 356 1588 ficitur
368 1550 388 1588 ²,
411 1550 541 1591 Rudolffi
557 1552 719 1592 reyiminis
735 1552 816 1583 anni
831 1551 1139 1590 circumscribuntur,
1163 1551 1310 1583 abbatum
1330 1552 1564 1583 Centulensium
1578 1552 1775 1594 chronologia
1790 1553 1902 1586 habere

250 1600 365 1639 incipit
388 1602 442 1633 ubi
464 1603 596 1636 nitatur.
645 1605 746 1644 Quam
774 1604 810 1635 in
839 1604 924 1635 brevi
947 1604 1061 1635 tabella
1087 1603 1292 1643 proponimus
1314 1604 1541 1645 complectentes
1563 1614 1612 1639 res
1634 1607 1734 1636 certas
1755 1607 1783 1637 et
1804 1615 1902 1645 unam

250 1652 287 1683 dc
311 1652 471 1685 Nithardo
494 1656 719 1694 coniecturam,
747 1666 826 1696 quae
849 1666 951 1696 paene
983 1657 1067 1687 ceila
1095 1656 1153 1694 sit;
1180 1656 1335 1687 mittentes
1354 1656 1478 1695 primos
1499 1656 1538 1688 ab
1561 1656 1745 1697 Anyilberto
1766 1657 1900 1696 abbates,

249 1705 284 1735 ut
307 1704 344 1735 de
367 1706 481 1745 quibus
503 1717 542 1738 ex
570 1707 764 1739 cae-nimbus
789 1707 872 1740 nihil
900 1707 1091 1740 addiscatur.
1138 1707 1217 1739 Inde
1249 1709 1351 1739 autem
1379 1708 1419 1740 ab
1442 1708 1622 1749 Anyilberti
1644 1710 1775 1748 tempore
1797 1719 1902 1745 omnes

254 1755 381 1788 Contuli
403 1758 529 1790 abbates
551 1759 647 1792 laicos
665 1759 769 1801 fuisse
791 1760 846 1791 via:
868 1762 921 1797 est,
945 1759 1027 1799 quod
1041 1769 1275 1800 praemoneam.

249 1816 418 1856 Riqbodo
439 1819 556 1851 Karoli
578 1820 696 1861 Maqni
718 1830 812 1860 nepos
834 1821 931 1853 abbas
957 1820 1153 1852 Centulensis
1754 1822 1901 1854 .—842?

374 1871 615 1904 translationem
637 1872 820 1913 Anyilberti
845 1873 972 1905 Centuli
989 1872 1089 1915 fecit³
1651 1881 1723 1909 Non.
1743 1881 1832 1910 Noa·
1849 1885 1902 1909 842

374 1923 414 1964 [†
437 1933 467 1954 a.
491 1923 521 1956 d.
543 1923 681 1956 XVIII.
705 1925 782 1957 Kal.
806 1925 869 1957 Iul.
893 1927 956 1956 844
967 1925 998 1966 ⁵]

250 1972 467 2006 Nithardus
490 1975 607 2008 Karoli
630 1976 748 2018 Mayni
770 1986 865 2016 nepos
886 1977 983 2008 abbas
1009 1976 1206 2008 Centulensis
1685 1978 1750 2009 842
1759 1977 1901 2009 ⁶?——844

374 2027 396 2067 †
1478 2044 1503 2062 α.
1517 2035 1543 2063 d.
1559 2035 1673 2063 XVIII.
1687 2036 1752 2064 Kal.
1766 2038 1836 2064 lum
1851 2041 1902 2065 844

356 2147 381 2181 1)
403 2147 556 2175 Geschichte
573 2149 598 2176 cl.
621 2149 702 2179 Ostfr.
721 2149 848 2176 Reiehes²
864 2149 916 2175 III
929 2151 975 2176 133
993 2149 1057 2176 adn.
1129 2149 1156 2183 2)
1175 2148 1264 2175 Potest
1283 2148 1401 2181 conferri
1418 2148 1498 2174 ctiam
1512 2148 1560 2175 CL
1568 2151 1628 2182 post
1642 2149 1753 2183 Rudolfi
1765 2149 1902 2184 epitaphia

251 2198 416 2229 collocatum,
436 2200 467 2226 in
486 2208 540 2234 quo
558 2209 648 2227 versus
666 2204 743 2228 sunt:

717 2245 738 2271 O
759 2245 904 2279 praeclare
922 2245 1006 2271 decus
1025 2244 1100 2271 claro
1119 2244 1153 2270 de
1171 2243 1308 2279 sanguine
1327 2252 1453 2275 vernans,

765 2288 866 2324 Regali
885 2289 983 2316 dextro
1002 2289 1060 2315 stas
1078 2288 1167 2315 latere
1185 2287 1269 2322 genio

715 2332 774 2359 Nec
792 2332 885 2359 minus
903 2341 938 2359 ex
957 2331 1020 2359 levo
1039 2339 1188 2366 generosus
1208 2330 1283 2358 sistis
1306 2330 1335 2357 in
1355 2330 1434 2357 orbe:

767 2375 807 2402 Te
825 2375 906 2402 decet
923 2375 1026 2402 ideirco
1045 2374 1134 2409 patris
1152 2374 1242 2409 inesse
1260 2374 1330 2401 loeo.

253 2424 326 2458 Quos
347 2426 377 2452 in
396 2435 499 2454 cassum
517 2427 569 2454 viri
587 2427 658 2454 docti
676 2427 714 2454 ad
731 2427 901 2455 Nithardum
918 2428 1077 2454 retulemm.
1162 2427 1190 2460 3)
1209 2426 1303 2461 Sylloy.
1322 2434 1344 2452 e.
1364 2425 1457 2452 XLV.
1543 2426 1572 2459 4)
1590 2425 1720 2453 Nithard.
1738 2426 1798 2454 hist.
1817 2427 1864 2454 IV
1876 2431 1904 2460 5,-

251 2479 456 2506 translationem
475 2480 548 2507 Non.
567 2480 634 2506 Nor.
653 2481 756 2513 saetam
780 2488 832 2506 esse
855 2483 950 2506 contra
978 2479 1083 2514 Meyeri
1105 2478 1137 2505 de
1156 2478 1279 2505 Kiamau
1302 2478 1346 2504 De
1364 2477 1504 2504 Nithardo
1525 2477 1588 2504 adn.
1610 2482 1659 2505 292
1680 2479 1818 2506 contendo.
1854 2480 1903 2506 Ex

250 2529 386 2557 Nitharcli
405 2531 461 2557 loco
480 2534 503 2558 et
523 2532 660 2566 epitaphio
677 2534 712 2566 (e.
733 2532 829 2566 XLV)
847 2533 878 2558 in
898 2531 1043 2566 Reyirwnsi
1061 2531 1149 2558 codice
1166 2540 1184 2557 a
1201 2539 1228 2557 se
1245 2532 1353 2557 invento
1371 2530 1433 2563 (cfr.
1451 2530 1498 2556 SS.
1519 2530 1581 2556 XV
1595 2532 1651 2564 179)
1671 2530 1822 2564 Hortulfus
1839 2539 1901 2559 con-

251 2582 372 2608 cinnavit
394 2583 468 2610 1115
485 2584 547 2616 (cfr.
567 2584 603 2610 ΙΙ
613 2586 645 2617 7).
716 2585 743 2619 5)
762 2584 916 2611 Duemmler
929 2585 944 2610 l.
957 2592 978 2611 e.
993 2584 1013 2609 I
1016 2587 1067 2610 247
1073 2591 1111 2617 sq.
1181 2583 1209 2616 6)
1227 2583 1371 2609 Abbatimn
1383 2582 1410 2609 S.
1423 2582 1549 2609 Richarii
1560 2585 1591 2609 ut
1602 2581 1759 2609 Ladona-us
1771 2583 1902 2617 Rudolfo,

250 2637 282 2660 ut
309 2635 413 2668 Welpho
431 2635 621 2662 Karlomarmo
641 2636 791 2662 debuerunt
809 2636 908 2669 cedere,
928 2636 966 2662 sic
984 2635 1139 2670 Anqilberti
1156 2634 1335 2661 translatione
1352 2635 1430 2667 facta
1447 2634 1585 2661 Nithardo
1602 2634 1781 2669 Riybodonem
1798 2636 1903 2662 cessisse

251 2686 361 2719 optrwr:
380 2695 445 2713 nam
464 2687 645 2721 Riybodonem
662 2688 835 2720 interfectum
858 2696 911 2714 esse
935 2695 991 2714 non
1015 2687 1071 2714 iam
1088 2687 1209 2713 abbatem
1226 2686 1291 2713 inde
1310 2686 1477 2720 emrmrobaii
1500 2686 1614 2720 ridetur,
1632 2686 1703 2720 quod
1721 2686 1779 2713 eius
1795 2687 1902 2714 niodum

250 2738 321 2764 inter
345 2739 468 2765 carmina
496 2738 669 2766 Centulensia
697 2741 862 2774 epitaphimn
885 2743 986 2774 emstat;
1007 2743 1035 2766 at
1055 2739 1222 2766 Nithardum
1242 2742 1302 2773 post
1326 2739 1506 2773 Riybodonem
1523 2739 1591 2772 pom·
1611 2725 1706 2772 {nique
1728 2747 1832 2766 necesse
1855 2742 1901 2767 est.

251 2792 277 2824 7)
300 2791 394 2825 Sylloa.
414 2800 434 2817 e.
458 2791 603 2818 XXXIII
607 2802 615 2821 ‚-
633 2792 703 2818 diem
722 2793 837 2818 emreaev't
857 2792 1013 2818 Duemmler
1033 2791 1071 2817 ad
1095 2791 1288 2818 Wattenbachi‘i
1306 2791 1334 2817 D
1353 2791 1404 2818 G.⁶
1424 2791 1506 2818 1202.
