2040 2996
263 96 324 130 206

543 554 568 571 80

540 1071 565 1089 90

526 1590 564 1607 100

528 1848 564 1867 105

524 2108 561 2126 110

823 92 967 124 SEDULII
985 93 1113 124 SCO'PTI
1132 93 1300 124 CARMINA
1318 93 1353 124 11.

629 182 709 225 (Per
734 187 831 227 caput
854 185 915 216 hoc
940 184 1020 222 iurn,
1044 194 1103 226 per
1127 194 1249 216 cornua
1272 195 1395 227 perque
1420 182 1592 227 superbam

675 235 770 267 Hanc
795 236 933 268 frontem
958 235 1065 277 vobis)
1090 236 1236 278 praemia
1259 236 1357 277 digna
1381 235 1505 267 feram.’

629 287 692 318 His
716 287 812 319 dictis
836 288 944 319 subito
968 288 1139 330 permulsit
1163 287 1260 319 corda
1282 288 1441 319 ferarum:

677 339 749 370 Pax
772 339 844 371 fieri
868 340 976 381 coepit
1000 339 1143 380 binaque
1169 350 1244 381 pars
1268 339 1389 375 resilit;

627 391 720 422 Unus
745 391 803 423 sed
827 386 934 423 fuerat
957 391 1059 423 veluti
1084 392 1217 422 latrator
1240 391 1388 429 Anubes,

674 443 735 475 Cui
760 443 850 475 canis
875 443 994 475 inferni
1018 442 1180 474 Cerberus
1204 446 1275 474 ater
1298 453 1388 482 avus,

626 494 767 526 Gutture
791 495 846 537 qui
869 495 989 538 triplici
1013 506 1125 527 cervos
1150 495 1275 537 agitare
1301 495 1437 536 fugaces

674 546 899 588 Informesque
922 557 1016 578 ursos
1040 550 1109 578 arte
1135 546 1260 578 solebat
1284 547 1346 577 avi.

624 598 668 639 Is,
693 609 766 630 cum
790 599 995 641 conspiceret
1017 598 1166 630 rabidum
1194 609 1298 640 genus
1322 609 1393 630 esse
1419 598 1575 640 quietum,

673 650 835 681 Dentibus
858 650 1026 682 infremuit
1047 650 1199 692 hirtaque
1223 650 1307 682 eolla
1331 653 1449 687 tumet:

625 701 686 733 ‘En
710 700 778 733 vos'
802 702 910 744 inquit
933 702 1012 733 ‘ovis
1035 701 1110 733 ficto
1134 702 1194 733 sub
1218 702 1347 733 nomine
1371 702 1461 743 pacis

671 753 739 785 Oeu
763 754 878 796 vulpes
901 754 986 785 ludit
1010 754 1149 785 subdola
1172 754 1274 785 verba
1297 756 1442 784 sonans?

624 805 688 836 Hic
711 805 763 836 fur
786 808 838 836 est
860 816 1013 847 nequam,
1037 805 1117 836 furis
1141 815 1250 836 comes
1274 807 1372 846 atque
1397 805 1576 846 malignus:

671 857 797 888 Idcirco
820 858 887 889 bini
910 857 1047 888 frondea
1071 860 1160 888 tecta
1182 860 1309 899 petunt.

626 909 733 941 Causa
756 910 833 941 mali
856 910 939 941 tanti
963 909 1098 952 (testor)
1122 910 1175 941 hie
1199 910 1287 941 solus
1311 909 1462 947 habetur,

673 960 736 996 Qui
760 971 875 1003 pacem
900 961 1018 1000 verbis,
1041 960 1149 992 fronte
1174 960 1317 1002 facitque
1342 959 1466 992 minas'.

623 1012 716 1044 Tunc
741 1023 776 1044 os
801 1012 941 1044 falsidici
965 1013 1100 1044 vibratis
1125 1012 1278 1044 cornibus
1303 1012 1418 1054 ingens

670 1064 773 1096 Multo
797 1065 882 1105 ferit,
907 1064 1024 1096 dentes
1047 1065 1193 1106 fregerat
1216 1067 1314 1106 atque
1338 1064 1430 1102 duos,

623 1116 765 1158 Insuper
786 1120 819 1148 et
842 1117 982 1148 frontem
1007 1116 1157 1147 contrivit
1180 1116 1287 1147 fronte
1312 1116 1462 1147 caninam

669 1168 711 1199 Et
736 1169 839 1200 victor
863 1169 966 1208 fieret,
991 1169 1117 1211 proelia
1140 1168 1173 1199 ni
1197 1168 1338 1209 fugeret:

621 1219 706 1251 Nam
730 1231 887 1263 praeceps
911 1221 1026 1252 volitat
1049 1220 1142 1262 quasi
1168 1220 1270 1252 victor
1292 1220 1388 1251 hoste
1413 1219 1537 1259 relicto,

669 1272 815 1304 Cursitat
841 1273 992 1304 incautus
1016 1272 1274 1314 simpliciterque
1298 1272 1392 1313 fugit.

621 1324 740 1356 Incidit
763 1325 796 1356 in
818 1324 954 1356 tribulos
978 1325 1136 1367 posthaec
1163 1327 1339 1366 sentesque
1365 1324 1539 1365 malignos,

666 1376 782 1419 Aspris
806 1376 948 1408 inhaesit
970 1376 1036 1408 heu
1058 1376 1131 1418 pius
1158 1376 1214 1407 ille
1237 1376 1333 1412 locis;

620 1427 704 1459 Tum
727 1438 805 1459 mox
829 1439 848 1459 a
871 1431 963 1470 tergo
987 1428 1182 1460 maledictus
1208 1427 1371 1459 Cerberus
1396 1427 1506 1465 instat,

667 1479 733 1511 Ore
758 1483 927 1512 cruentato
951 1480 1089 1512 vulnera
1112 1490 1211 1511 saeva
1234 1479 1335 1511 dedit.

619 1530 757 1562 Labitur
780 1532 939 1563 exanimis
963 1532 1066 1563 multo
1090 1530 1255 1573 (mirabile
1279 1530 1368 1573 visu)

668 1583 817 1615 Irrorans
841 1594 960 1626 vepres
985 1584 1142 1626 sanguine
1165 1594 1344 1626 purpureo:

619 1635 800 1667 Fleverunt
822 1635 1007 1678 Nymphae,
1032 1639 1212 1668 sonuerunt
1234 1636 1344 1667 omnia
1367 1635 1469 1667 silvae

664 1686 905 1729 Balantumque
928 1698 1047 1730 greges
1070 1688 1260 1729 ingemuere
1284 1687 1387 1726 nefas,

618 1737 801 1770 Multonem
824 1739 955 1771 niveum
978 1742 1023 1779 tu,
1048 1739 1189 1771 eandida
1211 1739 1306 1771 Luna
1327 1739 1481 1779 bicornis,

663 1789 794 1822 Luxisti
817 1791 944 1831 merito,
969 1791 1026 1822 fles
1050 1791 1215 1834 Ariesque
1238 1792 1314 1834 poli.

616 1841 727 1874 Iustus
752 1843 829 1885 quid
853 1844 980 1882 meruit,
1005 1844 1156 1886 simplex,
1181 1844 1252 1875 sine
1275 1843 1390 1875 fraude
1413 1843 1579 1884 maligna?

665 1893 803 1926 Munera
826 1905 887 1927 nec
911 1895 1025 1935 Bachi,
1049 1906 1113 1927 non
1137 1895 1343 1937 siceramque
1366 1895 1460 1934 bibit,

617 1945 692 1977 Non
714 1946 801 1978 hunc
826 1947 970 1978 ebrietas
993 1947 1128 1979 deflexit
1151 1947 1281 1978 tramite
1306 1947 1398 1986 recti,

666 1997 740 2029 Non
764 1998 882 2041 epulae
906 2009 1019 2041 regum
1042 2009 1104 2031 nec
1127 2009 1367 2041 procerumque
1390 1998 1507 2040 dapes:

617 2049 669 2081 Illi
693 2053 807 2092 pastus
832 2054 903 2082 erat
927 2051 1137 2083 sollemnieus
1161 2051 1264 2082 herba
1286 2061 1347 2093 per
1369 2061 1464 2092 agros

665 2102 714 2133 Ac
738 2101 867 2134 dulcem
890 2106 1004 2146 potum
1027 2102 1188 2145 limphida
1210 2102 1303 2134 Mosa
1327 2102 1442 2139 dabam

614 2153 689 2185 Non
712 2155 790 2185 ostri
813 2157 921 2186 vestes
947 2155 1041 2187 rubei
1065 2154 1218 2197 cupiebat
1241 2165 1370 2194 avarus,

663 2204 729 2238 Sed
754 2209 926 2238 contentus
951 2209 1021 2239 erat
1044 2206 1177 2249 pellicia
1199 2206 1325 2243 tunica;

352 2327 384 2353 76
397 2329 465 2362 cepit
479 2329 501 2353 ο

579 2327 613 2353 78
625 2332 730 2360 aterque
745 2328 767 2353 (J
776 2337 844 2353 corr.
859 2326 952 2361 Haupt
1029 2327 1063 2353 84
1074 2328 1164 2361 culpes
1176 2337 1242 2353 corr.
1258 2328 1280 2353 Ο
1361 2326 1395 2352 92
1409 2328 1488 2361 prelia
1502 2327 1524 2352 Ο

247 2370 281 2396 98
301 2372 346 2397 Ori
365 2372 387 2397 0
401 2381 468 2397 corr.
487 2371 579 2404 Haupt
636 2380 697 2396 seva
717 2372 817 2404 passim
837 2371 859 2396 0
949 2370 997 2397 101
1021 2372 1147 2405 Nimphae
1168 2371 1190 2396 C
1245 2380 1282 2396 cm
1303 2369 1426 2396 *numina
1443 2370 1455 2395 ’.ἶ
1549 2369 1599 2395 109
1622 2371 1787 2396 sollomnicus
1801 2371 1824 2395 C'
1838 2379 1906 2396 corr.

248 2415 397 2439 Duemmler
485 2413 534 2439 111
553 2415 633 2439 nostri
648 2414 670 2439 0
685 2414 730 2439 ned
747 2422 847 2439 veroum
860 2418 921 2447 post
942 2414 991 2440 116
1009 2414 1098 2447 repetit
1113 2414 1135 2439 0
1149 2414 1193 2439 ιιΙιὶ
1210 2414 1273 2439 ostri
1291 2414 1382 2446 legitur

351 2491 383 2517 77
394 2491 464 2517 Aen.
475 2490 554 2522 VIII,
565 2490 616 2517 698
626 2490 745 2517 latrator
756 2490 870 2516 Anubis.

247 2552 348 2570 cervos».
443 2544 478 2570 80
503 2542 550 2570 Ge.
567 2543 628 2576 III,
657 2543 707 2569 247
736 2542 867 2570 informes
895 2542 961 2570 ursi.

246 2649 392 2674 cruentato
416 2649 514 2674 tenues
537 2647 657 2674 laniavit
677 2647 806 2674 amictus,
903 2648 937 2673 99
955 2647 1023 2673 Aen.
1043 2646 1102 2680 XI,
1131 2647 1183 2672 818
1206 2645 1323 2672 Labitur
1347 2645 1504 2680 exsanguis.

246 2700 378 2726 rorabant
396 2700 534 2734 sanguine
551 2708 657 2734 vepres.

246 2752 452 2786 Balantumque
470 2760 592 2786 gregem.

1602 2327 1636 2353 96
1652 2328 1693 2361 pie
1705 2328 1727 2352 0
1735 2336 1802 2353 corr.
1815 2327 1908 2361 Haupt

950 2490 983 2516 79
998 2489 1044 2516 Ge.
1057 2490 1115 2523 III,
1128 2490 1178 2517 539
1192 2489 1321 2524 cervique
1333 2490 1459 2524 fugaces;
1474 2489 1537 2516 Ma.
1548 2489 1604 2523 III,
1617 2489 1669 2516 356
1678 2489 1834 2523 agitantem
1847 2510 1852 2516 .
1863 2509 1870 2516 .
1881 2509 1887 2516 .
1897 2510 1905 2516 .

1050 2543 1085 2569 86
1104 2541 1151 2569 Ge.
1169 2541 1221 2576 IV,
1239 2543 1271 2569 61
1290 2550 1327 2575 sq.
1351 2543 1381 2568 et
1403 2541 1518 2568 frondea
1543 2549 1651 2575 semper
1669 2541 1674 2575 1
1695 2542 1771 2568 tecta
1794 2542 1904 2575 petunt.

247 2596 279 2622 87
305 2596 372 2622 Am.
391 2595 438 2629 VI,
464 2596 498 2622 93
522 2595 611 2622 Causa
636 2595 703 2621 mali
727 2594 810 2622 tanti.
906 2595 939 2621 89
962 2594 1028 2620 Aen.
1048 2594 1111 2627 VII,
1135 2594 1186 2620 483
1209 2593 1337 2620 cornibus
1362 2593 1469 2627 ingens.
1565 2593 1599 2619 98
1619 2592 1685 2619 Met.
1706 2592 1760 2626 IV,
1785 2593 1835 2620 104
1857 2601 1905 2620 ore

1602 2646 1653 2672 100
1665 2646 1733 2672 Aen.
1752 2645 1834 2679 VIII,
1853 2645 1905 2672 645

745 2700 793 2726 101
815 2699 880 2726 Met.
896 2699 984 2733 XIII,
1002 2699 1054 2726 688
1072 2698 1220 2733 Nymphae
1238 2707 1349 2732 quoque
1368 2698 1433 2725 flere
1452 2698 1590 2725 videntur.
1679 2697 1730 2724 102
1751 2696 1796 2723 Ge.
1809 2696 1833 2730 Ι,
1851 2697 1904 2724 272

682 2753 732 2778 105
751 2752 856 2778 Iuvenc.
871 2751 914 2785 II,
935 2751 984 2778 113
1003 2751 1063 2777 sine
1081 2750 1178 2777 fraude
1197 2750 1330 2784 maligna.
1419 2751 1469 2776 112
1489 2749 1545 2783 Csr.
1560 2749 1649 2783 XIII,
1671 2749 1711 2777 15.

2026 2118 2040 2529 ἔ
