2060 3074
258 132 318 162 384

377 733 527 766 AGIUS.

551 382 589 401 520

553 642 589 661 525

551 902 589 922 530

552 1162 589 1181 535

553 1422 590 1441 540

555 1682 592 1702 545

555 1942 593 1961 ⁵50

556 2202 593 2220 555

557 2461 595 2480 550

946 127 1126 154 DIALOGUS
1144 127 1229 154 AGII.

623 216 672 246 Tu
696 215 755 247 tibi
779 215 872 246 testis
895 214 985 253 ades,
1010 216 1167 256 quantum
1193 217 1224 245 te
1250 224 1379 256 semper
1401 214 1533 249 amarit;

666 266 761 298 Nunc
785 266 832 297 illi
855 266 989 308 dignam
1014 266 1086 308 ipse
1111 265 1254 308 repende
1279 265 1393 298 vicem.

624 318 693 350 Nos
718 318 816 350 etiam
839 317 990 349 minimas
1014 318 1083 349 eius
1108 317 1148 349 de
1171 327 1262 349 more
1286 328 1414 349 sorores

670 369 765 401 Nunc
790 369 1056 401 commendamus
1081 380 1159 401 ecce
1183 370 1246 401 tuis
1270 369 1430 409 manibus⁷

626 421 671 452 Ut
694 421 813 453 doceas
838 431 1015 453 moneasve
1040 421 1106 452 tibi*
1122 431 1180 452 nos
1204 432 1294 453 more
1319 425 1411 454 sueto

668 472 711 504 Et
734 483 792 504 nos
816 473 916 515 ipsius
941 483 1073 515 semper
1095 482 1204 504 amore
1227 472 1323 504 colas.

626 525 815 557 Mercedem
838 524 927 557 dabit
951 525 1003 556 hic
1027 524 1128 565 vobis,
1153 525 1205 556 cui
1230 525 1343 556 serviit
1366 525 1448 567 ipsa,

670 576 771 608 Cuius
796 577 874 609 item
899 577 1040 608 famulae
1064 587 1122 608 nos
1146 587 1258 608 sumus
1283 577 1434 619 exiguae.

626 629 692 661 Nos
716 629 815 661 etiam
839 629 934 660 solito
958 631 990 660 te
1016 638 1145 671 semper
1167 638 1278 660 amore
1302 629 1456 668 colemus,

670 680 774 713 Immo
797 681 903 723 magis
927 681 1073 720 colimus,
1097 691 1193 722 quam
1218 681 1334 712 solitae
1359 681 1490 712 fuimus.

631 733 768 765 Gratum
792 733 887 765 valde
911 733 989 764 mihi
1012 733 1072 764 hoc
1097 736 1158 771 est,
1182 732 1268 774 quod
1292 732 1410 771 dicitis,
1434 732 1531 764 immo

668 785 763 816 Istud
785 796 870 816 nunc
894 785 964 827 ipse
989 784 1167 816 debueram
1190 787 1315 826 petere.

628 838 694 870 Sed
718 838 934 881 praevenistis
960 838 1044 869 sicut
1067 837 1202 876 merim,
1226 837 1273 868 ita
1296 847 1415 868 causae
1446 845 1449 855 ³

669 889 769 922 Istius
793 889 907 921 humili
931 889 1076 921 funditus
1100 888 1216 920 officio.

626 941 721 974 Unde
745 942 821 984 quia
844 942 1005 973 alternum
1029 944 1175 973 nostrum
1199 941 1284 972 bene
1308 940 1415 972 scistis
1439 950 1595 974 amorem.

670 993 744 1026 Hoc
768 1004 826 1025 vos
850 993 971 1025 affectu
994 993 1093 1035 diligo
1116 996 1201 1024 teste
1225 992 1297 1024 deo.

627 1045 788 1077 Doctrina
813 1056 868 1077 vos
893 1056 971 1077 vero
995 1055 1069 1076 mea
1092 1055 1157 1076 non
1181 1054 1314 1087 prorsus
1340 1044 1458 1085 egetis:

671 1097 732 1129 Est
757 1097 811 1140 qui
835 1108 892 1129 vos
916 1097 1066 1128 dominus
1091 1097 1231 1128 instruat
1254 1097 1401 1128 interius.

630 1149 791 1191 Quicquid
814 1149 846 1180 in
870 1148 1027 1190 obsequio
1051 1158 1125 1190 esse
1149 1150 1269 1190 potest,
1293 1147 1334 1179 ad
1357 1147 1418 1179 hoc
1442 1147 1511 1179 fore
1534 1150 1719 1190 promptum

672 1200 714 1232 Et
736 1211 789 1232 me
813 1201 967 1243 promitto
991 1203 1025 1231 et
1047 1200 1116 1231 fore
1140 1210 1205 1231 non
1229 1199 1353 1231 dubito.

628 1253 679 1285 De
703 1253 805 1295 patris
829 1256 862 1284 et
886 1252 1032 1290 fratrum,
1057 1252 1111 1295 qui
1136 1252 1320 1291 decessere,
1345 1252 1451 1283 salute

671 1304 744 1336 Non
767 1305 864 1337 decet
887 1316 961 1337 esse
986 1304 1081 1336 nimis
1107 1315 1164 1336 vos
1187 1304 1283 1335 modo
1308 1304 1475 1336 sollicitas.

629 1357 704 1389 Una
728 1368 828 1397 soror,
853 1358 937 1389 terni
962 1358 1079 1389 fratres
1103 1357 1215 1388 obiere
1240 1356 1364 1395 tenelli,

671 1409 767 1446 Quod
790 1410 860 1442 fore
885 1409 943 1440 hos
968 1409 1055 1451 ipsos
1080 1409 1240 1451 approbat
1264 1409 1432 1440 innocuos.

628 1461 724 1493 Euda
748 1472 848 1500 soror,
874 1471 956 1504 quae
981 1462 1045 1493 iam
1069 1461 1176 1493 fuerat
1200 1461 1372 1493 coniuncta
1394 1461 1520 1499 marito,

672 1513 767 1550 Quod
791 1514 898 1545 minus
923 1513 994 1556 ipsa
1017 1516 1119 1553 tenet,
1143 1514 1176 1545 in
1201 1513 1312 1545 sobole
1336 1513 1416 1545 illud
1440 1512 1548 1545 habet.

630 1566 706 1608 Ipse
729 1569 826 1608 pater
849 1566 996 1608 quamvis
1021 1565 1091 1597 sine
1117 1565 1212 1597 sorde
1235 1565 1419 1608 nequiverit
1442 1576 1515 1597 esse

673 1617 798 1660 Utpote
822 1616 986 1649 mundano
1011 1616 1180 1660 praeditus
1203 1617 1321 1657 officio,

631 1669 770 1706 Quantis
794 1670 863 1712 ipse
888 1669 983 1701 bonis
1008 1673 1117 1701 tamen
1141 1669 1319 1701 emundare
1343 1670 1450 1712 piacla

671 1721 802 1753 Curarit
825 1721 966 1764 propria,
991 1731 1048 1753 vos
1071 1721 1155 1753 bene
1179 1731 1275 1753 nosse
1298 1721 1375 1753 scio.

629 1773 714 1805 Nam
737 1773 814 1805 licet
838 1773 1015 1804 innumeris
1040 1772 1151 1804 mundi
1176 1773 1263 1804 curis
1285 1776 1498 1815 premeretur,

673 1825 704 1857 A
727 1824 843 1867 quibus
866 1825 946 1855 haut
969 1834 1067 1866 opere
1092 1835 1127 1856 se
1152 1824 1255 1866 quivit
1277 1835 1412 1863 exuere,

630 1877 767 1908 Romam
791 1877 946 1920 perrexit,
970 1887 1043 1918 quo,
1069 1876 1120 1908 cui
1143 1886 1303 1908 concessa
1325 1876 1463 1908 facultas

674 1928 829 1961 Solvendi
852 1928 972 1966 fuerat,
998 1929 1125 1960 solvere
1150 1939 1185 1960 se
1209 1931 1346 1970 peteret.

630 1981 716 2013 Hinc
741 1981 855 2023 dignos
881 1981 1008 2012 cineres
1034 1983 1220 2012 sanctorum
1245 1980 1305 2012 rite
1330 1983 1502 2012 revectans

673 2033 805 2064 Partem
828 2032 869 2064 de
893 2033 1023 2075 proprio
1047 2033 1117 2064 iure
1141 2031 1231 2064 dedit
1254 2031 1397 2064 domino.

631 2084 695 2116 Hic
718 2095 812 2116 sacra
837 2086 1026 2116 sanctorum
1050 2094 1124 2115 ossa
1147 2083 1260 2115 locans
1285 2094 1341 2115 vos
1366 2084 1508 2126 quinquo
1532 2095 1662 2116 sorores

674 2136 746 2168 Illic
769 2135 878 2168 divino
903 2135 1028 2168 dedidit
1052 2136 1220 2178 obsequio,

630 2188 782 2220 Filiolum
808 2188 962 2231 (quo>que
987 2188 1146 2220 coenobio
1169 2188 1277 2220 iunxit
1301 2187 1542 2226 monachorum,

673 2240 723 2272 Ne
747 2251 811 2283 qua
834 2240 894 2272 deo
917 2240 1051 2272 deesset
1073 2240 1179 2282 portio
1204 2240 1287 2271 forte
1312 2240 1374 2272 sui.

631 2292 801 2324 Postremo
825 2292 988 2324 redimens
1013 2292 1200 2324 elemosinis
1224 2291 1401 2323 malefacta

674 2344 815 2387 Ipsaque
840 2343 1006 2375 confessus
1031 2346 1177 2375 mortuus
1201 2343 1234 2375 in
1258 2343 1367 2375 cinere
1392 2347 1453 2375 est.

632 2396 712 2433 Quis
736 2396 859 2438 pietate
883 2395 936 2427 dei
959 2406 1017 2438 pro
1042 2395 1092 2427 his
1117 2406 1179 2427 non
1203 2395 1326 2435 iudicet
1350 2395 1456 2437 ipsum

675 2447 877 2480 Omnimodis
902 2447 1036 2490 dignum
1060 2447 1194 2479 crimine
1218 2447 1288 2479 fore
1313 2449 1423 2479 reum?

633 2500 835 2532 Arsurumne
860 2499 982 2542 putatis
1006 2509 1090 2538 eum,
1115 2500 1207 2531 cuius
1231 2499 1285 2541 pia
1307 2498 1395 2531 facta

675 2551 796 2583 Mundo
820 2551 951 2584 labente
974 2555 1062 2584 stant
1085 2551 1154 2584 sine
1178 2551 1241 2583 fine
1264 2551 1359 2583 fere?

372 2664 420 2690 541
441 2666 513 2691 Aeda
531 2666 620 2697 Pertz;
637 2666 682 2692 sed
699 2666 748 2698 cfr.
767 2665 846 2698 Piper
864 2665 900 2690 ad
918 2665 1011 2691 [Abrae
1029 2665 1233 2697 confraternitas.
1248 2674 1276 2697 p.
1295 2664 1346 2690 550
1363 2673 1398 2697 atq.

372 2742 422 2768 537
444 2742 491 2774 cfr.
510 2741 546 2767 ad
563 2751 585 2768 υ.
603 2741 662 2767 493.
768 2741 819 2768 549
842 2742 889 2774 cfr.
914 2741 964 2768 Vit.
983 2741 1148 2768 Hatlcumod.
1171 2741 1217 2768 SS.
1235 2741 1251 2768 l.
1270 2749 1291 2767 c.
1310 2749 1370 2775 paq.
1391 2742 1448 2768 168.

269 2802 353 2827 supra
367 2802 429 2828 pay.
449 2794 506 2820 370.

1504 2663 1556 2690 555
1576 2665 1628 2696 que
1647 2663 1672 2689 B
1690 2673 1756 2689 corr.
1774 2664 1849 2690 Pertz

1554 2741 1606 2768 555
1623 2740 1713 2774 ipsum
1735 2740 1848 2775 Affl'um,
1870 2740 1920 2773 cfr.
