2040 2996
253 93 312 127 124
848 90 958 120 PAULI
977 89 1113 119 ALBARI
1132 88 1307 119 CARMmA.

255 181 389 224 requirit
413 180 532 213 idioma
555 178 653 222 (quae
679 190 791 212 omnes
814 180 945 212 vocales
969 180 1079 223 apices
1103 182 1264 211 commata
1287 177 1410 211 claudit
1433 181 1466 210 et
1489 176 1560 210 cola
1583 178 1751 221 rythmice,
1772 178 1836 211 imo
1857 181 1894 211 ut

252 234 331 276 ipsis
373 233 526 275 competit
568 232 717 274 metrice)
755 232 901 264 universi
943 232 1108 274 alphabeti
1149 232 1264 263 literae
1305 241 1364 273 per
1398 231 1505 262 varias
1547 230 1704 263 dictiones
1739 231 1893 274 plurimas

252 286 416 317 variantes
439 295 504 316 uno
527 284 592 315 fine
617 285 883 327 constringuntur
904 285 957 316 vel
981 285 1078 316 simili
1101 284 1206 326 apice.
1891 325 1895 327 ι

354 337 484 368 Primus
506 339 611 367 autem
633 336 663 367 si
677 336 797 368 Albaro
818 337 896 377 fides
918 337 1061 368 habenda
1083 338 1128 367 est
1150 335 1277 376 (Euloy.
1294 335 1347 366 vit.
1361 336 1393 374 2,
1407 336 1428 365 4
1443 345 1479 375 p.
1495 335 1574 378 397)
1597 335 1738 367 studium
1759 335 1895 367 metrice

251 388 407 420 rcboandi
435 388 517 419 artis
539 388 707 420 admodum
723 388 870 428 perditae
892 389 922 420 si
943 399 1007 420 non
1030 390 1126 420 totam
1147 388 1183 419 in
1205 387 1398 427 Hispaniam
1421 386 1456 418 id
1477 386 1561 426 quod
1581 387 1652 418 iure
1673 387 1781 418 dubito
1803 389 1838 418 at
1859 387 1895 418 in

251 441 417 472 Baeticam
439 451 554 472 rursus
572 439 725 472 intulerat
740 440 905 481 Euloyius,
927 441 983 480 qui
998 440 1062 471 851
1082 439 1243 472 Cordubae
1264 439 1300 470 in
1323 449 1477 470 carcerem
1498 438 1654 470 coniectus
1675 439 1720 470 ibi
1744 439 1895 470 metricos

252 504 332 534 quos
357 492 462 524 adhuc
485 492 677 524 nesciebant
701 492 866 535 sapientes
889 492 1070 535 Hispaniae
1099 491 1202 534 pedes
1229 491 1466 534 perfectissime
1494 490 1606 522 docuit
1633 490 1791 533 nobisque
1821 493 1897 533 post

252 545 476 586 egressionem
500 555 591 575 suam
614 543 781 576 hostendit
803 544 824 575 i.
840 554 864 575 e.
888 546 961 575 ante
983 543 1046 574 859
1068 553 1129 583 quo
1152 553 1236 574 anno
1258 542 1410 582 martyris
1430 551 1532 582 ayona
1555 542 1694 582 confecit.

358 596 510 628 Carmina
538 596 637 636 iyitur
663 595 787 627 Ι-ΧΙ
802 598 876 635 post
898 595 961 626 851
990 595 1026 626 in
1054 605 1177 626 summa
1208 593 1469 626 Christianarum
1490 604 1597 625 rerum
1628 594 1798 634 iniquitate
1824 604 1896 626 con-

251 650 336 679 texta
363 650 439 679 sunt
468 658 566 687 neque
588 657 610 678 a
633 657 735 686 puero
758 646 946 686 ludibunde,
975 647 1029 678 secl
1049 646 1130 678 serio
1158 646 1197 678 ab
1219 645 1342 677 homine
1366 647 1468 676 aetate
1488 645 1554 676 iam
1569 648 1731 685 provect0;
1752 646 1896 678 carmina

251 710 320 731 vcro
349 699 473 731 numeri
502 699 583 730 XII.
613 699 726 739 quibus
758 710 867 731 manes
895 699 1012 740 Euloyi
1045 698 1192 739 expiabat
1216 697 1332 738 procul
1364 698 1458 729 dubio
1486 701 1558 737 post
1584 698 1656 729 859.
1701 698 1757 730 Ex
1784 698 1898 738 quibus

253 750 492 790 asclepiadeum,
515 751 608 782 euius
628 751 750 791 yeneris
765 751 872 791 poesis
893 751 982 790 apud
1000 750 1164 790 Hispanos
1184 750 1257 782 inde
1279 760 1300 781 a
1316 749 1474 781 Prudenti
1493 760 1566 781 aevo
1581 749 1746 788 colebatur,
1762 750 1899 790 propius

253 813 291 833 cx
313 803 454 834 Ηοναιὲἱι
476 813 572 834 earm.
590 803 657 841 III,
681 804 723 834 30
752 803 927 835 imitatione
955 803 1085 834 ductum
1111 803 1177 834 iam
1199 801 1340 834 Mor-ales
1361 802 1490 841 putavit
1517 802 1632 842 quimre
1653 802 1736 842 quod
1757 801 1899 833 Albmms

251 855 457 894 praeferetur
486 854 614 895 (Euloy.
637 855 691 886 vit.
715 856 748 893 6,
774 856 814 885 19
834 865 870 895 p.
891 855 987 894 407):
1024 854 1190 886 construxi
1223 854 1308 886 enim
1339 854 1417 886 here
1451 853 1625 896 perennius
1654 855 1898 885 monumentum

252 907 376 948 gloriae
399 910 475 939 tuae
499 907 585 949 quod
614 917 675 938 nec
705 906 874 938 nimbosus
906 906 1001 938 turbo
1032 906 1220 949 grandoque
1250 905 1381 948 lapidea
1410 905 1563 938 dextruat
1590 915 1650 937 nec
1678 915 1776 947 rogus
1805 905 1898 937 flam-

252 969 378 990 marum
402 969 606 1001 quocumque
629 959 705 1000 igne
728 958 897 1001 liquescat.
942 958 1102 990 Edificabi
1125 958 1248 990 nomini
1270 961 1326 990 tuo
1349 958 1538 989 memoriam
1562 967 1606 989 ex
1629 967 1708 988 auro
1731 957 1841 989 obrizo
1865 959 1899 989 et

252 1011 415 1053 lapidibus
440 1011 622 1052 omnigenis
646 1011 799 1054 pretiosis
822 1021 919 1053 quam
942 1011 1051 1042 nullus
1074 1011 1330 1043 violentissimus
1350 1010 1473 1042 valebit
1495 1009 1624 1041 diruere
1639 1009 1794 1052 predonis
1809 1019 1899 1041 more

252 1063 410 1094 tirannus.
461 1061 548 1094 Unde
576 1062 728 1094 conclusit
756 1062 840 1093 inter
861 1062 982 1102 scripta
1010 1062 1049 1094 ab
1072 1061 1207 1102 Euloyio
1229 1062 1265 1093 in
1286 1062 1399 1093 itinere
1421 1061 1508 1092 848²
1529 1064 1653 1101 reperta
1675 1064 1704 1092 et
1723 1060 1900 1094 Cordubam

252 1116 417 1153 asportata
438 1113 537 1153 fuisse
559 1113 675 1145 librum
696 1113 815 1145 Horati
842 1114 1029 1146 carminum.
1074 1114 1183 1154 Neque
1211 1114 1294 1145 enim
1316 1113 1450 1153 Euloqio
1476 1115 1513 1144 ut
1540 1113 1588 1145 ait
1609 1113 1750 1145 Albarus
1771 1112 1899 1154 (Euloy.

252 1165 306 1196 vit.
328 1167 357 1203 3,
381 1166 401 1195 9
423 1176 459 1205 p.
479 1166 558 1207 400)
588 1166 750 1197 sufficcuit
783 1166 982 1198 monasteria
1015 1166 1140 1208 patriae
1175 1176 1254 1198 suae
1288 1166 1447 1202 invisere;
1481 1164 1557 1207 quin
1590 1165 1698 1207 potius
1728 1189 1843 1197 .....
1866 1164 1900 1196 in

256 1217 555 1260 Pampilonensium
584 1218 746 1249 territoria
774 1218 858 1249 ultro
881 1217 1094 1261 progrediens
1117 1218 1351 1250 monasterium
1375 1217 1479 1249 sancti
1503 1217 1624 1258 (sancti
1646 1217 1835 1248 monasterii
1859 1215 1902 1256 T)

253 1269 431 1301 Zaccarie³
460 1269 627 1312 ingressus
660 1273 693 1300 et
723 1270 860 1301 aliorum
887 1270 1025 1302 cenobia
1053 1270 1198 1312 ipsarum
1225 1269 1393 1311 regionum
1421 1268 1574 1311 gliscenti
1603 1271 1677 1300 voto
1706 1279 1900 1311 percurrens

254 1321 427 1352 multorum
451 1325 579 1363 patrum
602 1323 653 1352 est
676 1321 818 1353 amicitia
841 1320 1029 1353 dulcoratus
1054 1347 1061 1354 .
1075 1346 1083 1353 .
1097 1346 1125 1354 ..
1150 1321 1189 1353 In
1212 1321 1330 1364 quibus
1352 1320 1433 1352 locis
1449 1320 1551 1352 multa
1565 1320 1731 1352 volumina
1745 1320 1901 1352 librorum

253 1373 443 1415 repperiens
468 1373 619 1404 abstrusa
646 1375 679 1405 et
705 1384 789 1416 pene
814 1384 834 1405 a
861 1373 971 1405 multis
998 1377 1123 1406 remota
1151 1373 1204 1405 hic
1233 1383 1384 1405 remeans
1412 1382 1470 1404 suo
1499 1371 1594 1404 nobis
1621 1372 1654 1403 in
1684 1371 1901 1404 sacratissimo

254 1427 385 1467 pectore
416 1425 598 1457 conlocavit
625 1425 697 1465 (pro
724 1425 743 1457 i.
768 1436 793 1457 s.
815 1435 846 1467 p.
870 1436 897 1457 c.
918 1424 1037 1458 Moral.
1060 1435 1213 1467 regressu
1246 1424 1384 1456 adduxit
1413 1434 1451 1456 eoe
1481 1423 1604 1464 inqenio
1633 1423 1744 1463 opinor
1770 1434 1836 1455 non
1864 1434 1903 1455 ex

257 1476 399 1508 Ovetensi
421 1476 513 1518 libro)
530 1501 537 1508 .
551 1501 557 1508 .
571 1501 579 1508 .
608 1476 690 1509 Inde
715 1487 826 1509 secum
849 1477 966 1509 librum
989 1477 1129 1510 civitatis
1152 1477 1335 1509 beatissimi
1350 1475 1527 1519 Augustini
1550 1478 1584 1508 et
1606 1475 1750 1507 Eneidos
1764 1474 1903 1517 Vergilii

255 1529 323 1560 sive
340 1528 508 1560 Iubenalis
531 1529 683 1560 metricos
706 1528 819 1560 itidem
839 1529 940 1560 libros
963 1532 1061 1571 atque
1079 1528 1182 1561 Oratii
1200 1531 1283 1570 (θρα
1305 1539 1396 1570 gram
1414 1530 1557 1568 emma.
1576 1527 1617 1568 19
1631 1526 1742 1558 Flacci
1757 1529 1904 1558 saturata.

255 1583 408 1623 poemata
439 1591 497 1612 seu
519 1580 668 1612 Porfirii⁴=
695 1580 849 1623 depincta
871 1581 1031 1623 opuscula
1053 1581 1105 1613 vel
1128 1579 1336 1612 Adhelelmi⁵
1361 1580 1597 1622 epigramatum
1619 1589 1720 1621 opera
1748 1589 1810 1615 nec
1837 1588 1902 1610 non

255 1633 304 1672 (et
327 1632 399 1663 add.
425 1642 510 1664 man.
526 1633 626 1672 post.)
648 1632 790 1664 Abieni⁶
813 1632 925 1665 fabule
948 1633 1092 1674 (fabulas
1114 1632 1250 1671 Moral.)
1271 1631 1407 1664 metrice
1430 1632 1499 1673 (-as
1519 1630 1654 1671 Moral.)
1677 1634 1710 1663 et
1732 1641 1904 1673 ymnorum

262 1762 399 1795 generant
416 1761 511 1788 foetos.
549 1761 693 1788 Rimarum
715 1762 779 1795 leyes
803 1761 826 1788 si
847 1764 924 1788 caute
940 1762 1081 1789 observari-s
1098 1762 1199 1796 poteris
1216 1770 1295 1796 saepe
1317 1764 1340 1788 et
1361 1761 1494 1795 defendere
1511 1761 1630 1787 lectiones
1646 1760 1732 1794 inepte
1748 1761 1905 1786 mamad

260 1813 385 1847 cmv-iyere
406 1813 472 1839 male
490 1812 609 1839 traditas.
647 1813 734 1839 Veluti
755 1821 790 1839 ne
811 1813 847 1839 ad
865 1813 932 1840 alios
953 1821 992 1840 me
1009 1816 1107 1840 vertam
1124 1814 1187 1840 haec
1202 1813 1279 1840 habes
1295 1822 1364 1847 quae
1381 1813 1482 1847 ali'quot
1494 1813 1611 1847 paqinas
1623 1819 1784 1846 percurrens
1800 1810 1904 1837 inveni.-

257 1864 288 1890 in
304 1864 370 1897 confi
390 1864 427 1891 ed.
447 1864 492 1891 Fl.
506 1873 535 1898 p.
551 1868 577 1891 71
595 1864 742 1898 leyendum:
771 1865 844 1897 Quid
863 1865 937 1892 enim
955 1866 1068 1901 gravior
1085 1866 1225 1893 libidine?
1251 1866 1320 1900 quid
1338 1866 1479 1893 onerosior
1495 1865 1613 1892 fraude?
1639 1864 1708 1898 quid
1725 1862 1905 1898 ponderosior

256 1916 391 1943 iactantie
410 1924 481 1943 vane
499 1915 544 1949 (0,·
567 1915 704 1943 iaetantia
722 1925 795 1943 vana
815 1916 894 1950 Fl.)‘?
921 1917 989 1951 quid
1008 1917 1087 1952 peius
1110 1917 1279 1945 homicidio?
1306 1917 1375 1952 quid
1393 1917 1559 1944 malitiosius
1578 1917 1635 1950 (eqo
1652 1924 1674 1944 e.
1689 1924 1729 1950 9.‚·
1746 1916 1851 1942 malum
1870 1915 1902 1949 G)

257 1967 418 1995 testimonio
436 1967 526 1994 falso?
549 1967 617 2001 quid
635 1967 760 2002 iniquius
778 1968 941 1995 miserorum
960 1968 1068 2003 spolio?
1092 1968 1161 2003 quid
1179 1968 1323 1996 scelestius
1341 1977 1426 2003 quam
1443 1968 1484 1995 rei
1502 1968 1633 2002 cognitae
1651 1967 1686 1994 ob
1705 1967 1904 1994 detrimentum

257 2019 374 2046 aliorum
393 2019 527 2054 negatio?
554 2019 615 2046 ibid.
633 2027 662 2053 p.
683 2023 714 2046 72
732 2020 780 2046 sed
799 2019 921 2054 qualiter
939 2020 1071 2047 caelestia
1088 2020 1139 2047 illa
1156 2021 1273 2048 mirifica
1290 2023 1464 2048 sacramenta
1481 2021 1586 2055 absque
1603 2022 1633 2047 te
1651 2029 1709 2047 esse
1727 2020 1845 2048 dicenda
1862 2021 1906 2047 est

257 2071 304 2104 (0,·
321 2072 387 2098 sunt
401 2070 467 2105 Fi),
485 2071 534 2098 ubi
552 2072 602 2098 tua
620 2071 698 2106 (licet
715 2080 772 2098 non
788 2073 894 2106 quanta
913 2073 955 2099 est
972 2072 1020 2099 sed
1036 2074 1143 2107 quanta
1156 2073 1247 2099 audiri
1265 2081 1283 2100 a
1294 2073 1458 2100 mortalibus
1470 2074 1573 2107 potest)
1586 2073 1718 2100 maiestas
1729 2073 1840 2107 digesta
1853 2074 1903 2099 est.

257 2124 301 2150 Sic
318 2125 357 2150 rel
373 2126 450 2150 tueor
467 2124 506 2150 vel
522 2124 624 2158 corriyo
641 2133 670 2158 p.
692 2127 723 2150 81
742 2124 830 2151 sociat
848 2127 908 2158 post
927 2124 1021 2151 edulia
1039 2133 1068 2159 p.
1089 2129 1119 2152 74
1136 2125 1275 2152 famulant
1292 2126 1422 2153 adversat
1440 2134 1470 2159 p.
1488 2129 1523 2152 89
1541 2125 1678 2160 dedignat
1695 2134 1724 2159 p.
1746 2129 1776 2152 77
1791 2126 1905 2152 conaret

256 2185 282 2210 p.
298 2180 327 2203 79
344 2176 467 2202 tribuere
486 2176 590 2210 (tribue
610 2178 639 2203 te
658 2176 690 2210 G)
708 2176 851 2210 inperativi
869 2177 922 2203 loco
939 2179 1029 2204 cetera.

362 2228 388 2262 1)
408 2228 507 2254 Horati
523 2228 606 2255 verbis
626 2228 703 2255 etwm
715 2228 896 2263 Hieronymus
907 2228 1014 2255 Paulae
1031 2228 1192 2262 epitaphium
1210 2229 1280 2263 quod
1298 2229 1328 2255 in
1340 2229 1480 2263 Hispania
1498 2229 1662 2256 lectitabatur
1679 2229 1738 2263 (cfr.
1753 2237 1836 2263 supra
1847 2229 1904 2256 cod.

262 2280 339 2307 Tolet.
359 2280 554 2314 descriptionem
571 2283 593 2307 a
612 2281 685 2314 quod
701 2281 772 2315 fugit
789 2281 962 2308 Huebnerwm
980 2279 1093 2308 1H0h.
1111 2290 1139 2308 n.
1157 2283 1201 2316 49)
1219 2281 1265 2309 sed
1281 2290 1327 2309 nec
1344 2281 1448 2308 totidem
1460 2282 1605 2316 praefatur
1621 2290 1704 2316 neque
1720 2283 1807 2316 peryit
1823 2284 1904 2310 metro

259 2332 433 2366 Asclqriatleo.
527 2333 554 2366 2)
575 2332 628 2366 Csr.
651 2333 681 2360 de
699 2334 852 2361 Baudissin
868 2335 885 2362 l.
898 2343 919 2362 c.
933 2343 963 2368 p.
978 2337 1010 2362 93
1032 2334 1098 2362 adm.
1116 2338 1140 2361 2.
1175 2334 1218 2361 Ibi
1242 2335 1384 2369 quondam
1401 2335 1545 2362 Wilhelmi
1570 2337 1606 2361 est
1631 2343 1706 2361 nunc
1729 2335 1832 2362 mortui
1850 2334 1904 2366 W..

259 2385 306 2417 cfr.
325 2392 345 2411 e.
361 2392 385 2418 9.
399 2384 420 2410 I
423 2384 455 2410 H
465 2384 513 2411 Ch.
526 2393 554 2411 n.
567 2388 618 2412 286
630 2395 729 2420 eorpus
742 2387 883 2421 quondam
893 2387 1020 2414 Wifredi.
1099 2387 1125 2421 3)
1144 2386 1264 2414 Makime
1278 2387 1363 2414 libuit
1377 2387 1454 2414 adire
1466 2387 1543 2414 beati
1554 2387 1703 2414 Zachariae
1714 2386 1903 2421 ascysterium,

260 2435 334 2469 quod
361 2436 445 2462 situm
472 2436 507 2463 ad
534 2437 640 2464 radices
667 2438 805 2465 montium
829 2439 1033 2473 Pyrenaeorum
1057 2438 1086 2465 in
1111 2438 1255 2473 praefatae
1278 2438 1307 2472 (i.
1324 2447 1344 2466 e.
1363 2438 1495 2473 Gnnatae)
1517 2438 1626 2465 Galliae
1650 2438 1781 2473 portariis
1803 2438 1904 2473 quibus

260 2487 368 2521 Aragus
386 2487 487 2514 flumen
507 2488 597 2515 oriens
615 2489 713 2523 rapido
732 2499 813 2517 cursu
831 2490 959 2517 Seburim
978 2492 1006 2517 et
1024 2490 1217 2525 Pampilonam
1236 2490 1356 2525 irrigans
1374 2490 1450 2517 amni
1462 2490 1601 2517 Cantabro
1613 2489 1778 2518 infunditur.
1806 2490 1904 2524 Euloy.

260 2539 305 2566 ad.
318 2539 416 2565 Wilies.
429 2543 452 2566 2.
467 2539 504 2565 ed.
519 2539 627 2567 Larem.
647 2541 663 2567 l.
677 2549 698 2568 c.
712 2550 740 2575 p.
754 2545 805 2569 537
815 2542 863 2575 cfr.
875 2543 974 2570 Moraz.
990 2542 1113 2570 scholion.
1201 2543 1228 2576 4)
1247 2542 1324 2569 Reae
1337 2542 1428 2570 Ebert.
1441 2543 1458 2570 l.
1469 2550 1490 2569 c.
1502 2545 1550 2570 301
1562 2542 1717 2577 Ibrsyrium
1730 2542 1904 2576 Optwiamm

260 2591 457 2624 interpretatur.
546 2592 573 2625 5)
594 2592 647 2625 Gfr.
664 2601 749 2627 supra
761 2602 790 2628 p.
809 2598 856 2622 122
872 2595 936 2622 αᾱκνι.
949 2599 973 2622 4.
1060 2595 1086 2628 6)
1099 2594 1249 2621 Avianium
1265 2594 1335 2621 dicit.
1376 2594 1495 2621 Albai-us
1507 2602 1572 2628 quos
1583 2594 1682 2621 noee‘n't
1689 2596 1782 2628 poetas
1793 2601 1826 2620 a
1836 2593 1906 2620 m

261 2642 324 2668 meis
334 2642 440 2675 patebit,
456 2645 592 2676 praeterea
609 2652 647 2678 ep.
662 2644 779 2672 XVIII.
787 2654 816 2680 p.
831 2650 880 2674 205
897 2646 935 2674 ed.
948 2646 996 2673 Fl.
1010 2646 1132 2673 Persium
1148 2646 1193 2673 sed
1210 2654 1243 2673 ea:
1255 2646 1418 2680 Hieronynw
1435 2645 1507 2679 citat,
1523 2653 1562 2679 ep.
1576 2645 1645 2672 XX.
1659 2653 1688 2679 p.
1700 2648 1748 2672 218
1760 2645 1905 2672 Lamnum

262 2695 300 2727 II,
318 2698 351 2721 54
369 2702 445 2727 quem
461 2694 566 2727 frustra
585 2696 702 2729 quaesivi
718 2698 764 2723 ubi
780 2699 926 2732 ceteroquin
946 2698 1105 2732 aprima,
1119 2706 1148 2732 p.
1166 2701 1217 2724 218
1235 2698 1352 2724 Mortem
1370 2698 1553 2724 contemnunt
1568 2697 1684 2723 laudato
1697 2697 1811 2723 vulnere
1821 2696 1904 2723 Getes

260 2749 282 2773 et
301 2747 384 2772 Getes
403 2754 458 2780 quo
477 2746 570 2780 pergit
589 2755 659 2780 equo
678 2756 709 2774 ear:
728 2749 825 2776 Isidor.
842 2749 874 2776 de
890 2749 966 2784 πρῶ.
985 2749 1092 2776 Gothor.
1110 2749 1148 2776 ed.
1167 2749 1271 2776 Areval.
1295 2749 1357 2783 VII,
1376 2752 1422 2776 129
1438 2757 1484 2783 sq..
