2060 3074
206 186 267 216 528
776 183 952 210 IOHANNIS
971 160 1106 210 SCOTTI‘
1118 183 1295 211 CARMINA.

570 269 663 301 Nunc
686 270 783 311 igitur
807 269 924 301 Christi
948 269 1115 302 videamus
1138 281 1263 302 summa
1286 274 1400 313 tropea

615 322 664 352 Ac
687 325 817 353 nostrae
841 322 958 352 mentis
981 321 1089 353 sidera
1113 323 1292 364 perspicua.

570 372 656 403 Ecce
681 373 782 404 crucis
805 373 928 414 lignum
953 373 1144 415 quadratum
1169 374 1311 405 continet
1335 374 1456 415 orbem,

498 436 524 455 «ιο
612 424 649 455 In
675 434 738 466 quo
762 424 930 466 pendebat
953 428 1150 470 sponte-sua
1174 425 1321 457 dominus

570 475 612 506 Et
636 476 770 507 verbum
792 477 892 518 patris
916 476 1082 518 dignatum
1106 487 1234 508 sumere
1257 488 1385 509 carnem

614 527 651 558 In
676 538 740 569 quo
763 538 822 570 pro
846 528 939 559 nobis
962 528 1068 559 hostia
1091 531 1185 570 grata
1207 529 1277 560 fuit.

570 578 690 621 Aspice
714 580 878 611 confossas
901 578 1026 622 palmas
1050 580 1267 623 humerosque
1290 580 1468 623 pedesque,

617 631 788 674 Spinarum
813 636 899 664 serto
923 635 1071 675 tempora
1095 633 1199 664 cincta
1221 633 1302 666 fero.

499 696 524 715 25
568 684 605 715 In
629 683 738 716 medio
761 684 872 716 lateris
894 687 1040 716 reserato
1063 684 1153 716 fonte
1177 685 1288 716 salutis

614 736 771 778 V(ital)es
794 736 938 777 haustus,
963 737 1094 779 sanguis
1117 739 1150 768 et
1172 737 1269 778 unda,
1293 738 1403 770 fluunt.

571 787 666 819 Unda
690 789 778 820 lavat
800 791 903 820 totum
926 789 1030 820 veteri
1052 789 1242 831 peccamine
1266 789 1430 830 mundum,

617 839 756 881 Sanguis
780 841 933 872 mortales
955 851 1014 872 nos
1038 840 1115 872 facit
1138 851 1209 872 esse
1233 840 1322 873 deos.

571 891 672 923 Binos
696 891 781 923 adde
806 903 880 924 reos
904 892 1086 935 pendentes
1110 892 1225 924 arbore
1252 893 1342 924 bina:

500 955 526 974 ao
612 943 678 975 Par
700 943 807 975 fuerat
829 944 990 985 meritum,
1015 944 1120 986 gratia
1144 943 1253 987 dispar
1276 945 1346 976 erit.

573 995 664 1026 Unus
689 1006 761 1027 cum
786 995 916 1027 Christo
940 995 1082 1038 paradisi
1105 996 1215 1027 limina
1237 996 1327 1036 vidit,

613 1047 708 1079 Alter
731 1047 926 1090 sulphureae
949 1058 1074 1079 mersus
1097 1049 1129 1079 in
1152 1048 1218 1079 ima
1241 1049 1352 1091 stygis.

572 1098 721 1141 Eclypsis
745 1099 831 1140 solis,
855 1100 952 1131 lunae
975 1099 1141 1131 redeuntis
1163 1099 1234 1131 Eoo

615 1151 750 1182 Insolito
775 1161 869 1182 cursu
892 1150 1006 1182 sideris
1029 1151 1144 1182 umbra
1167 1151 1242 1188 fuit;

501 1215 526 1234 ³5
571 1201 742 1234 Commoto
767 1205 877 1234 centro
901 1203 1108 1234 tremulantia
1130 1213 1209 1234 saxa
1233 1202 1418 1237 dehiscunt:

615 1254 726 1297 Rupta
749 1255 872 1286 cortina
895 1258 1006 1286 sancta
1028 1257 1142 1297 patent
1165 1255 1302 1297 populis.

572 1306 703 1338 Interea
725 1306 830 1338 laetus
854 1306 941 1338 solus
965 1306 1051 1338 subit
1072 1306 1176 1338 infera
1200 1306 1346 1338 Christus

617 1358 829 1390 Committens
852 1359 975 1390 tumulo
999 1358 1145 1390 membra
1168 1359 1296 1401 sepulta
1321 1369 1415 1391 novo.

572 1411 779 1442 ΟΠΛΙΕΤΗΟ
802 1410 893 1442 fortis
916 1410 1073 1442 reseravit
1096 1411 1236 1442 claustra
1259 1410 1427 1453 profundi;

499 1475 526 1493 40
613 1462 752 1494 Hostem
775 1463 960 1504 percutiens
983 1472 1061 1494 vasa
1083 1467 1218 1504 recepta
1241 1463 1314 1494 tulit

572 1513 826 1557 Humanumque
850 1525 953 1556 genus
975 1515 1089 1546 nolens
1111 1515 1144 1546 in
1166 1517 1271 1547 morte
1295 1515 1402 1561 perire

615 1565 745 1608 Eripuit
768 1569 871 1598 totum
895 1566 1040 1599 faucibus
1064 1577 1107 1598 ex
1128 1566 1239 1599 Erebi.

573 1618 620 1650 Te
645 1618 808 1650 Christum
832 1619 966 1650 colimus
990 1619 1073 1650 caeli
1095 1622 1267 1661 terraeque
1291 1621 1477 1661 potentem:

614 1670 764 1713 Namque
787 1670 847 1702 tibi
870 1671 930 1702 soli
953 1671 1092 1702 flectitur
1115 1681 1210 1702 omne
1233 1681 1330 1713 genu.

499 1735 525 1753 45
571 1722 634 1758 Qui
658 1726 792 1762 tantum,
816 1722 946 1764 largire,
970 1722 1061 1754 vides
1086 1722 1173 1764 quod
1195 1722 1257 1754 rite
1281 1723 1406 1764 rogaris

615 1774 658 1806 Et
681 1774 768 1817 quod
790 1785 854 1806 non
878 1777 966 1806 recte
990 1775 1050 1806 rite
1074 1784 1196 1816 negare
1220 1775 1322 1806 soles:

572 1825 624 1857 Da
646 1829 755 1857 nostro
779 1826 849 1867 regi
872 1825 995 1857 Karolo
1020 1836 1078 1857 sua
1101 1836 1202 1868 regna
1225 1830 1349 1868 tenere,

617 1877 709 1914 Quae
734 1881 769 1909 tu
792 1877 919 1909 donasti
941 1878 1087 1920 patribus
1111 1878 1292 1920 almigenis.

572 1930 676 1962 Fonte
701 1933 756 1961 tuo
779 1933 911 1962 manant
935 1929 1071 1962 ditantia
1093 1940 1196 1972 regna
1218 1940 1277 1972 per
1300 1930 1430 1962 orbem:

501 1995 527 2014 50
615 1982 710 2018 Quod
733 1986 768 2013 tu
790 1993 855 2014 non
879 1981 1017 2022 dederis,
1042 1982 1119 2024 quid
1141 1982 1242 2014 habet
1263 1983 1329 2014 ulla
1352 1986 1449 2014 caro?

575 2033 733 2065 Invidiam
756 2033 907 2065 miseram
931 2033 1065 2065 fratrum
1089 2043 1287 2076 saevumque
1310 2034 1450 2065 furorem

618 2086 770 2128 Digneris
794 2089 890 2128 paeto
914 2085 1103 2117 mollificare
1128 2086 1191 2128 pio.

573 2137 618 2169 At
640 2148 681 2169 ne
707 2137 888 2169 disturbent
909 2138 1065 2169 luctantia
1088 2137 1202 2169 fraude
1226 2137 1378 2179 maligna,

617 2189 721 2221 Aufer
744 2188 784 2220 de
808 2189 875 2220 vita
898 2188 1022 2220 semina
1045 2189 1220 2231 nequitiae.

501 2255 525 2273 55
569 2241 714 2273 Hostiles
738 2241 861 2272 animos
885 2251 1079 2283 paganaque
1102 2243 1206 2272 rostra
1229 2240 1391 2282 repellens

616 2293 669 2324 Da
691 2303 807 2335 pacem
830 2293 963 2335 populo,
987 2293 1042 2335 qui
1065 2295 1120 2324 tua
1142 2292 1212 2324 iura
1236 2292 1321 2324 colit.

574 2345 667 2376 Nunc
689 2344 830 2376 reditum
853 2344 967 2376 Karoli
990 2342 1193 2376 celebramus
1217 2344 1358 2376 carmine
1381 2347 1489 2386 grato:

618 2396 698 2428 Post
720 2397 838 2428 multos
862 2396 1002 2438 gemitus
1025 2395 1145 2438 gaudia
1167 2399 1278 2428 nostra
1300 2396 1413 2428 nitent.

311 2544 418 2570 &laam
442 2558 474 2562 —-
498 2543 532 2570 32
555 2547 585 2569 st.
610 2541 729 2577 (CTYZ
755 2541 900 2572 CTYch
923 2544 1060 2577 genetivus
1079 2541 1136 2577 L1)]
1159 2544 1235 2576 palus
1257 2544 1351 2570 inferni
1374 2542 1448 2570 RLI:
1470 2546 1504 2578 cf.
1525 2544 1597 2572 Serv.
1622 2546 1660 2571 ad
1677 2545 1743 2571 Aen.
1762 2545 1804 2571 VI
1813 2545 1864 2572 134

206 2586 239 2611 33'.
261 2587 375 2613 defectus
398 2586 427 2612 LI
515 2586 549 2613 39
567 2591 683 2613 armatus
701 2586 761 2612 RL¹

311 2664 346 2690 22
367 2664 436 2697 *qua
455 2665 480 2690 R
567 2664 600 2690 24
621 2665 760 2698 Spinarum
785 2668 852 2691 sorte
871 2665 895 2690 R
917 2674 986 2692 corr.
1004 2665 1094 2691 Maius
1179 2664 1213 2691 26
1232 2665 1329 2691 Vitales
1348 2664 1452 2697 Maius,
1477 2666 1605 2692 V....es
1627 2667 1780 2692 mamb-ana
1802 2675 1862 2699 per-

206 2709 296 2735 forata
309 2707 333 2732 R
401 2707 435 2733 32
454 2709 535 2741 stygis
554 2707 599 2741 (cf.
615 2707 738 2742 9lo⁸sa8)]
758 2709 824 2741 fagis
838 2708 862 2733 R

931 2707 965 2734 39
985 2706 1190 2737 ΟΠΛΙΕΤΕΟ
1204 2707 1264 2733 L1R
1283 2707 1367 2742 (infra
1386 2709 1422 2734 ad
1440 2717 1461 2735 c.
1476 2707 1546 2734 1167
1560 2717 1624 2742 paq.
1638 2708 1701 2743 531)
1721 2710 1826 2743 oplistes
1841 2709 1864 2735 13

207 2753 246 2784 (5η
265 2751 312 2775 hoc
328 2751 414 2783 verm)
502 2751 536 2776 52
555 2752 596 2784 pio
615 2752 651 2776 sic
672 2752 695 2776 R
783 2751 816 2777 57
836 2752 997 2778 celebramus
1015 2753 1051 2778 eit:
1071 2752 1095 2777 R

309 2827 343 2854 40
361 2826 575 2861 Matth.12,29‚·
596 2827 681 2854 Marc.
694 2828 719 2860 3,
731 2828 772 2854 27.
861 2829 895 2856 55
916 2829 957 2862 ef.
977 2829 1056 2861 infra
1075 2828 1111 2855 1v
1127 2837 1143 2855 u
1156 2829 1181 2855 2.
