2040 2996
789 81 838 108 AD
855 81 1035 109 KAROLUM
1053 82 1211 110 CALVUM.
1758 88 1820 118 245

536 167 617 199 Esto
641 170 733 210 pater
756 167 857 200 frater
879 171 984 200 mater
1007 179 1099 201 soror
1121 180 1225 212 agnus
1249 171 1409 214 utrinque,

582 219 755 251 Debilibus
779 230 856 262 spes
878 231 932 252 res
955 220 1059 262 gloria
1082 232 1208 254 summa
1231 222 1310 255 dies.

534 270 646 312 Dilige
669 271 845 302 iustitiam:
871 272 962 303 callis
986 273 1158 305 comitetur
1181 275 1302 306 amicus

455 330 481 349 ⁵⁰
584 322 734 355 Iustitiae
757 327 867 355 tecum
890 324 1013 366 primus
1037 324 1078 356 ad
1102 336 1198 358 omne
1219 326 1350 358 bonum.

535 372 655 405 Exalta
677 374 766 405 muni
790 374 919 406 custodi
941 374 1059 416 collige
1082 375 1181 407 lauda

583 425 732 457 Sublima
756 426 878 457 clerum
903 436 961 457 seu
984 437 1142 459 venerare
1166 430 1268 461 tuum.

534 476 683 509 Aedibus
707 479 740 509 et
763 477 863 509 sacris
886 478 1021 510 meritos
1047 479 1094 510 sic
1117 479 1210 511 defer
1233 480 1384 521 honores,

582 527 724 560 Sedibus
749 529 782 560 in
806 530 928 561 sanctis
952 533 988 561 ut
1010 531 1168 563 merearis
1192 542 1298 574 opem.

450 587 476 606 ⁵⁵
534 579 694 623 Tempore
718 579 880 612 manduca
902 581 979 613 bibe
1003 581 1105 614 dormi
1129 593 1226 625 surge
1250 584 1375 616 labora:

581 631 664 664 Sunt
686 632 838 664 facienda
861 632 928 664 suis
953 634 1062 665 omnia
1084 635 1296 677 temporibus.

532 683 594 715 His
617 684 739 716 habitis
762 684 900 727 aliisque
923 684 1017 716 bonis
1039 686 1071 717 in
1095 687 1226 718 nomine
1249 687 1333 719 trino

580 735 842 779 Cunctipotentis
869 736 939 769 heri
963 747 1036 769 cum
1061 737 1182 770 deitate
1207 740 1267 779 sui,

531 787 640 820 Huius
663 788 705 820 ab
729 788 822 821 initio
846 789 948 822 thomi
972 791 1147 823 scrutarier
1169 803 1226 824 oro

450 847 476 866 ω
579 839 662 872 Eius
685 841 807 884 scripta
829 841 884 884 pia
906 846 1015 874 mente
1039 854 1138 885 opere
1162 854 1218 876 ore
1242 844 1315 877 fide.

533 892 598 924 Hic
620 892 704 931 fons,
728 893 780 924 hic
803 893 952 926 doctrina
975 897 1102 937 potens,

1127 895 1180 927 hic
1203 896 1337 928 flumina
1361 898 1468 939 opima

578 943 731 976 Eclesiae
758 949 891 977 sanctae
916 945 1105 978 candidiora
1128 947 1212 979 nive.

531 996 664 1028 Scilicet
689 997 860 1029 alticanori
885 999 1026 1041 quinque
1050 999 1214 1031 volumina
1236 999 1342 1042 Moysi

577 1048 692 1080 Iuncta
715 1049 829 1089 nitent,
852 1053 989 1082 mortem
1014 1050 1100 1082 illius
1124 1062 1227 1094 usque
1252 1055 1381 1084 canant.

447 1108 471 1126 ⁵⁵
530 1100 628 1132 Iosue
653 1100 720 1132 dux
743 1100 867 1133 ducens
892 1103 1057 1144 consurgit
1080 1103 1173 1134 fortis
1197 1104 1229 1135 in
1252 1105 1351 1135 armis

577 1152 615 1184 In
639 1153 779 1194 patriam
804 1153 970 1196 populum,
994 1154 1063 1186 iure
1088 1158 1220 1187 tenente
1243 1156 1359 1187 locum.

531 1203 696 1246 Septimus
720 1215 796 1236 ecce
819 1205 904 1237 liber
926 1216 1094 1237 censorum
1122 1207 1253 1238 nomina
1275 1208 1370 1247 fatur,

575 1254 719 1291 Quorum
742 1255 878 1288 Hebrea
900 1256 962 1288 fuit
985 1257 1046 1288 sub
1070 1257 1191 1290 ditione
1216 1269 1339 1290 manus.

527 1306 656 1338 Horum
678 1307 766 1339 facta
788 1318 892 1349 genus
916 1311 1046 1351 tempus
1070 1309 1142 1341 loca
1164 1309 1251 1342 bella
1274 1311 1430 1353 triumphi

446 1365 472 1383 ³⁰
576 1358 660 1390 Sunt
683 1359 806 1391 inserta
830 1359 890 1391 sibi
913 1360 1026 1392 debito
1050 1361 1173 1393 honore
1197 1362 1256 1394 sui.

532 1409 670 1442 Femina
693 1411 764 1452 quis
789 1411 913 1443 sociata
936 1411 1028 1444 sedet
1050 1412 1139 1444 Ruth
1162 1413 1281 1445 nobilis
1305 1425 1380 1454 una,

576 1461 683 1498 Quam
707 1461 766 1494 Iob
790 1462 931 1495 eximiae
956 1465 1166 1506 consequitur
1187 1465 1273 1497 fidei.

528 1512 626 1545 Hunc
650 1513 776 1546 imitare
801 1514 917 1554 libens,
941 1515 1095 1557 quoniam
1118 1517 1280 1559 patientia
1303 1528 1387 1559 pura

574 1565 696 1597 Extitit
719 1576 757 1598 ac
781 1566 874 1598 nobis
902 1577 1022 1609 magna
1044 1568 1149 1610 figura
1172 1568 1241 1600 fuit.
1384 1561 1386 1563 ¹

445 1623 469 1642 ⁷⁵
526 1615 688 1653 Quattuor
711 1620 744 1649 et
766 1616 896 1660 Regum
919 1618 994 1650 libri
1017 1619 1068 1651 bis
1091 1623 1164 1652 octo
1187 1619 1370 1662 Prophetas

574 1669 673 1709 Ante,
697 1669 815 1712 quibus
838 1669 946 1702 David
973 1671 1118 1714 iungitur
1141 1671 1350 1714 hymnificus:

526 1720 691 1763 Hymnica
713 1722 913 1764 psalmorum
938 1722 1056 1754 cecinit
1079 1723 1134 1765 qui
1157 1723 1301 1755 carmina
1324 1723 1432 1756 David

573 1772 720 1805 Plurima
744 1773 784 1806 de
810 1773 939 1806 Christo
968 1775 1106 1816 mystica
1128 1786 1228 1818 saepe
1252 1776 1400 1818 loquens.

528 1824 654 1857 Prodiit
676 1835 718 1857 ex
741 1826 832 1858 cuius
856 1826 959 1868 regali
982 1827 1075 1868 virgo
1098 1826 1203 1858 Maria

444 1883 471 1902 ⁸⁰
576 1875 724 1917 Semine,
749 1887 833 1920 quae
857 1878 984 1920 peperit
1007 1878 1097 1920 virgo
1122 1878 1219 1910 beata
1243 1878 1350 1911 deum.

525 1927 689 1960 Pacificas
714 1928 868 1961 Salomon
893 1940 954 1962 nec
978 1940 1043 1962 non
1067 1929 1236 1972 Sapientia
1258 1931 1360 1971 iuxta,

571 1979 701 2012 Tertius
726 1984 775 2013 est
798 1980 892 2013 Iesus
916 1982 1126 2014 continuatus
1150 1982 1206 2014 eis.

526 2031 606 2064 Post
627 2031 923 2076 Paralypomenon,
947 2033 1049 2066 Ezras
1073 2044 1201 2076 quoque
1225 2034 1293 2066 sive
1316 2033 1461 2073 Nemias,

573 2083 661 2115 Hinc
683 2083 819 2124 Hester,
846 2085 957 2117 Iudith
981 2088 1014 2117 et
1036 2085 1156 2117 Tobias
1179 2086 1305 2117 recinit.

443 2142 468 2161 ⁸⁵
526 2134 646 2167 Inclita
668 2135 757 2168 bella
779 2135 898 2168 deinde
923 2139 1036 2168 tonant
1058 2136 1241 2169 Machabea
1264 2137 1426 2179 quondam

573 2187 637 2219 Pro
661 2187 735 2230 lege
759 2199 796 2220 ac
819 2189 926 2230 patria
947 2198 1071 2231 proque
1095 2189 1200 2221 salute
1224 2189 1310 2222 data.

526 2239 620 2272 Haec
644 2241 805 2283 scriptura
829 2240 959 2283 quidem
985 2241 1128 2273 breviter
1150 2245 1331 2273 memorata
1354 2245 1484 2273 vetusta

574 2291 648 2324 Stat
671 2303 857 2334 quanquam
880 2292 1008 2324 modico
1033 2292 1254 2335 rusticuloque
1279 2293 1365 2325 stilo.

526 2342 662 2375 Initiant
684 2345 873 2376 testamenti
896 2348 1074 2387 praecepta
1096 2344 1216 2376 novelli

443 2401 470 2420 ⁹⁰
574 2394 632 2427 Bis
655 2395 720 2427 duo
745 2395 897 2428 concordi
919 2396 1039 2427 famine
1063 2395 1268 2427 sanctivomi:

526 2445 694 2479 Mattheus
718 2447 851 2479 Marcus
874 2447 982 2479 Lucas
1006 2447 1178 2489 celsusque
1202 2446 1366 2478 Iohannes

571 2496 610 2529 In
633 2509 733 2531 sensu
756 2499 851 2542 parili
874 2499 994 2541 dogma
1015 2498 1158 2530 tonando
1182 2497 1244 2529 dei.

261 2630 296 2656 49
321 2629 369 2662 dr.
399 2628 533 2662 Theodull'.
557 2628 590 2655 ὦ.
613 2628 686 2662 (493)
707 2637 730 2656 v.
751 2631 763 2656 1
788 2630 887 2656 Iudicii
911 2630 1018 2656 callem.

1111 2629 1146 2655 50
1171 2628 1304 2662 Theodulf.
1328 2629 1361 2655 ib.
1381 2629 1452 2662 (496)
1472 2630 1522 2657 102
1549 2630 1654 2664 primus
1675 2631 1710 2657 ad
1729 2639 1811 2657 omne

159 2681 271 2708 bonum.
362 2681 397 2708 62
423 2680 555 2713 mals.
574 2681 688 2714 praefixe.
712 2682 825 2709 biblion».
845 2683 917 2716 (536)
940 2683 987 2708 148
1009 2681 1171 2708 candidiora
1190 2681 1261 2707 nive.
1353 2681 1385 2707 91
1408 2680 1544 2714 Tkeodulfi
1559 2682 1674 2715 prodat.
1697 2682 1754 2709 bibl.
1777 2682 1809 2709 87

159 2732 302 2759 Mattheus
319 2733 429 2759 Marcus
446 2732 535 2759 Lucas
553 2735 722 2768 sanctusque
740 2734 885 2765 Iohannes,
901 2734 905 2766 Ι
921 2742 973 2760 vox
993 2734 1083 2759 tonat.
