2060 3074
262 140 324 170 576

543 390 582 408 315

543 658 582 676 320

541 917 578 935 325

536 1178 575 1197 330

539 1438 580 1457 3³5

537 1697 577 1716 340

537 1958 574 1976 345

535 2218 573 2236 350

536 2477 574 2496 ³55

916 135 1067 162 MILONIS
1086 135 1263 162 CARMINA.

626 222 678 253 Sic
701 222 857 253 humilem
882 221 985 252 tenuit
1007 224 1161 261 mentem,
1186 231 1269 263 quac
1292 222 1442 263 proxima
1464 225 1570 254 terrae
1595 226 1653 263 est,

628 274 695 305 Sed
719 277 828 305 tamen
852 274 1034 315 angelicum
1057 276 1202 315 praestat
1224 277 1352 305 servata
1374 274 1534 313 decorem,

628 324 735 356 comit
759 328 792 356 et
818 325 973 356 eximium
997 325 1129 356 caelesti
1152 325 1184 356 in
1208 325 1286 357 sede
1309 329 1465 358 senatum.

628 377 700 413 Qua
724 387 816 408 sacer
838 377 890 408 hic
913 376 1017 408 cordis
1040 377 1211 419 penitralia
1234 378 1396 419 pulchrius
1419 388 1535 409 ornans

626 428 709 460 Lilia
732 429 891 460 lustrabat
913 428 996 469 hinc,
1020 428 1095 459 inde
1119 429 1241 460 rosaria
1264 429 1384 461 adibat.

626 480 770 511 Alternis
792 480 915 512 vicibus
937 490 997 522 per
1020 481 1146 522 singula
1169 484 1274 512 castra
1296 492 1473 522 recurrens,

627 532 787 574 Quicquid
812 533 985 575 conspicuo
1009 533 1162 564 virtutum
1185 533 1263 564 flore
1286 534 1398 575 vigere

627 584 727 625 Vidit,
751 585 813 616 hoc
835 585 982 627 proprios
1005 585 1152 616 sitienter
1174 585 1273 616 traxit
1294 585 1336 617 ad
1359 589 1459 618 actus.

669 645 728 677 XI.
752 645 905 687 Dumque
927 646 990 676 iter
1011 645 1197 687 incoeptum
1220 646 1305 677 felici
1327 647 1455 678 tramite
1478 647 1591 688 adiret,

626 696 723 728 Urbis
746 697 923 728 Bitturicae
947 707 1010 738 quo
1034 697 1158 739 pollent
1179 698 1319 738 moenia,
1341 699 1438 730 venit.

626 749 663 792 1¹¹.
687 759 751 791 qua
775 749 948 791 conspicuo
971 749 1128 780 vernabat
1150 750 1337 791 pontificatu

623 799 759 832 Sanctus
782 801 985 832 sanctificans
1007 801 1138 843 plebem
1161 801 1384 844 Austrigisilus
1408 803 1507 843 illam,

624 852 814 894 Magnificus
838 853 969 894 praesul
992 853 1154 895 rebusque
1177 853 1311 895 insignis
1333 854 1487 887 honestis,

624 904 722 936 Cuius
746 908 779 936 et
803 905 966 947 obsequiis
989 905 1128 936 sociatus
1152 905 1185 936 in
1208 905 1291 937 aede
1315 906 1448 948 vigebat

625 956 794 999 Sulpicius,
819 957 873 999 qui
897 959 972 989 tunc
996 960 1066 988 erat
1090 957 1332 989 archidiaconus
1357 962 1390 990 et
1411 962 1485 1001 post

623 1009 742 1040 Extitit
763 1009 905 1040 inlustris
927 1009 1051 1040 meritis
1075 1012 1173 1051 atque
1197 1009 1308 1042 ordine
1332 1011 1471 1052 praesul.

621 1060 766 1093 Noverat
788 1061 840 1092 hic
864 1061 972 1103 digitis
995 1061 1088 1103 ignes
1112 1062 1242 1103 placare
1266 1062 1410 1094 furentes

623 1113 844 1156 Ingentesque
869 1114 971 1145 crucis
994 1114 1086 1155 signo
1110 1124 1305 1156 conpescere
1328 1115 1482 1146 flammas.

620 1165 683 1202 Qui
707 1166 809 1197 sancti
832 1166 956 1208 pariter
979 1169 1123 1197 sanctum
1147 1166 1325 1198 clementer
1346 1167 1530 1199 Amandum

624 1217 806 1259 Suscepere
829 1218 882 1259 pie
906 1217 1037 1259 pietatis
1060 1228 1170 1249 amore
1194 1218 1348 1259 calentes,

620 1269 719 1301 Urbis
748 1272 781 1301 et
804 1270 836 1300 in
858 1280 950 1306 muro
975 1269 1090 1301 cellam
1114 1273 1261 1302 struxere
1284 1271 1436 1313 benigne.

620 1321 659 1352 In
683 1332 746 1363 qua
768 1322 817 1353 vir
841 1321 962 1353 domini
986 1322 1154 1354 conclusus
1176 1326 1310 1365 propter
1332 1334 1475 1355 amorem

620 1372 807 1416 Perpetuae
831 1373 918 1405 vitae
943 1373 1087 1415 degebat
1110 1373 1152 1405 ad
1175 1374 1276 1406 ardua
1299 1375 1436 1407 tendens

625 1424 737 1457 Cilicio
762 1428 878 1466 tectus,
903 1426 1018 1457 cineris
1041 1436 1231 1468 conspersus
1254 1437 1380 1459 acervo.

623 1477 745 1514 Quales
768 1480 845 1509 tunc
870 1481 1012 1520 poteras,
1034 1478 1122 1518 urbs,
1146 1478 1320 1510 formidare
1344 1479 1461 1519 ruinas,

621 1529 702 1561 Tam
725 1529 841 1561 validis
865 1530 973 1561 fueras
997 1539 1081 1571 quae
1105 1533 1285 1561 sustentata
1307 1531 1483 1563 columnis?

620 1580 736 1617 Qualia
759 1581 939 1613 bellantum
963 1581 1078 1623 quibas
1101 1584 1176 1613 tunc
1200 1582 1267 1614 tela
1290 1593 1422 1624 pavere,

622 1633 715 1670 Quae
740 1633 972 1676 praefulgebas
996 1633 1094 1665 tantis
1117 1633 1252 1665 defensa
1274 1635 1438 1677 patronis?

621 1704 660 1709 --
686 1685 773 1722 Quid
795 1686 904 1717 fecere
928 1685 992 1726 alii,
1016 1688 1051 1716 tu
1074 1686 1135 1717 scis
1158 1698 1216 1717 ——z
1240 1696 1315 1718 nam
1338 1686 1477 1729 belliger
1498 1688 1559 1719 iste

619 1737 728 1769 Fortis
752 1738 785 1769 in
809 1748 883 1770 arce
907 1740 963 1769 tua
987 1737 1155 1780 quindenis
1179 1738 1322 1770 constitit
1343 1739 1435 1770 annis

619 1789 841 1832 Firmavitque
866 1793 939 1821 tuos
963 1789 1032 1821 eius
1055 1790 1236 1821 constantia
1259 1800 1376 1823 muros.

618 1841 663 1872 At
686 1842 713 1873 si
736 1841 916 1884 conspicuis
939 1841 1060 1873 renites
1085 1841 1205 1873 confisa
1227 1842 1400 1884 magistris,

618 1893 692 1925 Non
714 1903 772 1924 nos
794 1893 983 1935 praecellis:
1008 1893 1106 1925 micat
1128 1893 1180 1925 hic
1203 1894 1367 1936 speciosus
1390 1893 1558 1926 Amandus

620 1944 796 1977 Candidior
819 1945 967 1986 Phoebo,
992 1948 1107 1977 cuncto
1130 1946 1312 1978 rutilantior
1334 1957 1422 1978 auro.

619 1996 682 2034 Qui
705 1997 738 2028 in
762 2000 795 2029 te
819 1997 986 2029 conclusus
1009 1997 1135 2040 pepulit
1157 1997 1223 2029 vini
1245 2007 1301 2029 ore
1325 1998 1482 2040 liquorem

617 2049 692 2080 Non
716 2059 829 2081 somno
853 2052 942 2081 satur
965 2052 998 2081 et
1020 2059 1085 2081 non
1106 2050 1179 2081 ullis
1202 2050 1289 2082 vitae
1312 2050 1490 2087 alimentis;

617 2100 754 2133 Hordea
777 2101 831 2143 qui
854 2111 960 2133 seram
984 2101 1134 2133 sumebat
1155 2102 1276 2144 pabula
1298 2102 1332 2133 in
1355 2112 1474 2142 escam,

617 2153 698 2185 Post
721 2153 832 2185 sitiens
854 2154 962 2185 tenuis
983 2153 1134 2186 hauribat
1155 2154 1273 2196 pocula
1295 2154 1438 2196 limphae

618 2204 869 2248 Caelestemque
893 2205 962 2237 solo
986 2205 1087 2238 vitam
1109 2208 1295 2238 constanter
1317 2206 1439 2248 agebat

616 2256 659 2288 Et
683 2267 799 2300 corpus
822 2257 966 2289 crucians
990 2258 1131 2289 animam
1153 2258 1311 2300 pascebat
1333 2257 1479 2289 honestis

618 2308 782 2340 Virtutum
807 2308 944 2351 dapibus
966 2308 1090 2341 Christi
1108 2312 1285 2352 praecepta
1308 2312 1448 2350 secutus,

618 2361 682 2393 Pro
706 2371 769 2403 quo
793 2361 988 2404 multiplices
1011 2364 1098 2394 terra
1121 2363 1304 2405 pelagoque
1328 2362 1458 2394 labores

616 2412 744 2444 Anxius
767 2413 904 2445 afflictus
928 2416 1108 2446 contemtus
1132 2417 1254 2456 egenus
1278 2414 1424 2455 anhelus,

620 2464 817 2507 Suppliciter
840 2464 967 2497 Christo
990 2465 1123 2497 laudum
1145 2466 1320 2508 praeconia
1341 2465 1491 2506 reddens,

617 2517 755 2549 Pertulit
778 2520 876 2559 atque
900 2517 974 2549 ideo
998 2517 1113 2549 fruitur
1135 2517 1232 2550 modo
1255 2518 1327 2550 luce
1349 2518 1494 2560 perenni.

617 2569 680 2606 Qui
703 2579 802 2611 saepe
827 2569 948 2610 esuriit,
971 2569 1069 2602 modo
1093 2570 1175 2602 caeli
1197 2580 1282 2612 pane
1306 2570 1445 2607 cibatur;

354 2679 406 2706 313
424 2684 478 2706 tam
491 2682 515 2706 A

249 2730 317 2748 corr.
330 2722 355 2747 B
437 2723 486 2750 351
506 2727 540 2750 At
551 2725 576 2750 A

598 2681 649 2709 315
667 2683 785 2716 pulcrius
804 2692 871 2709 corr.
885 2683 910 2708 A
993 2682 1043 2709 321
1062 2683 1188 2710 bituricae
1199 2683 1226 2708 B
1306 2682 1357 2709 326
1375 2683 1581 2716 archydiaconus
1592 2684 1618 2709 B

352 2791 410 2817 328.
424 2792 474 2818 329
494 2791 551 2824 cfr.
570 2792 614 2818 vit.
633 2792 743 2825 Summi
761 2794 778 2819 5
795 2794 842 2826 (A.
856 2793 902 2821 ss.
923 2793 986 2820 Ian.
1006 2794 1122 2827 11534).

1698 2683 1750 2710 344
1767 2686 1907 2718 praecelsis
