2060 3074
765 159 877 186 VITAE
895 159 921 186 S.
942 160 1110 187 GERMANI
1133 160 1240 188 LIBER
1254 161 1286 188 V.
1781 164 1838 194 491

498 259 523 278 65
560 245 690 278 Terruit
712 246 861 277 inmanes
890 246 1004 278 frontis
1029 247 1203 289 splendore
1227 247 1407 289 phalanges

562 297 636 330 Non
659 307 756 330 ausas
780 298 849 335 niti,
878 308 941 329 non
965 309 1064 330 ausas
1088 299 1222 331 tendere
1247 303 1369 331 contra.

564 349 637 382 Rex
659 349 748 381 ferus
773 349 963 381 indomitam
988 351 1097 382 iussus
1120 350 1285 394 deponere
1309 355 1450 383 mentem

563 401 708 440 Miratur,
731 401 836 443 potius
861 401 1024 444 stupidum
1050 402 1206 434 miracula
1229 406 1370 435 terrent:

563 453 655 490 Quae
671 457 744 484 'tam
766 453 1003 494 magnanimem
1027 454 1126 485 faciat
1150 456 1332 486 constantia
1357 458 1516 486 sanctum.

501 519 525 537 το
560 505 691 542 Quanta
714 505 783 535 seni
808 504 920 542 virtus,
944 509 1064 546 quanta
1088 510 1139 537 est
1163 507 1349 538 reverentia
1374 507 1492 546 vultus,

564 556 694 588 Milibus
717 559 753 587 ut
775 555 882 598 potior
904 566 962 587 seu
985 559 1113 588 constet
1135 557 1248 588 fortior
1272 568 1367 590 unus.

566 605 711 639 Bellicus
735 607 775 638 ad
799 617 915 650 pacem
940 608 1106 649 extemplo
1131 608 1304 651 deponitur
1327 610 1434 641 ardor:

565 659 758 691 Concedunt
779 659 922 690 humana
946 658 1023 691 deo:
1047 660 1190 692 violenta
1213 661 1332 693 furoris

566 711 723 743 Condicio
746 711 861 753 positis
884 714 1002 742 tractat
1025 712 1133 743 civilia
1157 712 1263 750 bellis,

502 777 526 796 π,
563 764 712 800 Qualiter
734 762 766 794 id
788 762 854 798 fiat,
878 762 947 794 fieri
971 763 1056 804 quod
1079 764 1148 795 iure
1173 764 1328 796 sacerdos

565 815 732 850 Decernit,
755 825 819 846 non
842 813 927 856 quod
952 814 1083 846 rabidus
1106 816 1304 857 praefixerat
1327 816 1436 849 ardor.

567 867 741 909 Postquam
766 865 876 898 caedis
899 876 990 897 amor
1014 870 1047 898 et
1072 867 1119 898 vis
1143 878 1331 910 compressa
1354 868 1481 906 suroris,

567 919 772 962 Componunt
795 918 933 955 animos3
957 922 1025 950 tum
1050 919 1141 961 pacis
1164 920 1273 951 munia
1297 923 1386 952 tutae

567 971 703 1003 Collatis
725 971 839 1002 ineunt
861 970 994 1002 robusto
1019 971 1152 1003 foedere
1177 971 1320 1005 dextris:

503 1037 528 1056 so
565 1023 682 1055 Castra
704 1022 820 1054 dehinc
842 1026 1004 1064 repetunt.
1052 1022 1168 1054 Merito
1195 1024 1241 1055 sic
1267 1025 1428 1066 praesulis
1452 1024 1528 1055 almi

567 1074 710 1117 Deponit
733 1074 895 1116 trepidum
919 1084 1000 1116 gens
1027 1074 1242 1106 Armoricana
1269 1075 1416 1107 timorem

568 1127 748 1168 Emergens
772 1125 903 1158 tandem
929 1126 1068 1158 trucium
1093 1126 1134 1158 de
1159 1127 1256 1158 fauce
1280 1127 1431 1161 ferarum.

567 1178 640 1210 Hac
663 1178 787 1210 ratione
809 1180 929 1217 tamen,
954 1181 1069 1220 pactae
1095 1188 1154 1220 per
1176 1178 1309 1210 foedera
1331 1179 1403 1222 paci

568 1229 736 1261 Romanus
760 1229 914 1271 stipulam
939 1229 965 1260 si
989 1229 1150 1270 praebeat
1172 1229 1396 1272 induperator.

501 1296 526 1314 ss
604 1282 697 1314 Haec
719 1291 871 1323 quorsum
893 1280 1036 1320 tendant,
1061 1282 1141 1313 satis
1164 1285 1213 1313 est
1236 1281 1367 1314 edicere
1390 1285 1587 1325 promptum:
1616 1292 1778 1325 Apostropha
1797 1292 1824 1316 in

565 1333 623 1373 Te,
647 1337 749 1376 pater,
773 1332 853 1364 haec
876 1342 1013 1371 rursum,
1037 1336 1069 1364 te
1093 1337 1181 1365 certe
1206 1333 1287 1365 haec
1311 1333 1390 1365 talia
1413 1337 1572 1376 spectant.
1658 1339 1780 1360 sonetum-

565 1386 633 1418 Iam
657 1389 690 1417 te
714 1384 871 1424 sidereus,
895 1385 959 1416 iam
983 1384 1104 1416 dudum
1127 1385 1228 1427 poscit
1253 1385 1415 1428 Olympus

566 1437 678 1480 Teque
702 1436 777 1468 olim
801 1437 929 1468 miseris
951 1435 1135 1468 mordacius
1160 1436 1285 1468 invidet
1307 1438 1404 1469 arvis.

568 1490 612 1521 At
635 1499 698 1521 non
722 1488 894 1531 terrigenis
918 1488 966 1519 fas
989 1491 1040 1520 est
1063 1488 1225 1521 excedere
1250 1489 1377 1526 castris,

502 1555 528 1573 9⁰
564 1541 638 1584 Ipse
662 1540 768 1584 quoad
794 1540 908 1572 Latias
931 1550 1083 1581 gressum
1106 1540 1255 1572 deflexus
1279 1541 1311 1572 in
1336 1551 1410 1572 oras

567 1593 630 1625 Hic
653 1602 781 1636 quoque
804 1592 981 1624 caelestem
1004 1591 1107 1623 facias
1131 1592 1312 1630 flavescere
1336 1603 1488 1625 messem.

567 1645 691 1676 Forsan
715 1648 748 1676 et
770 1643 851 1676 haec
875 1643 1001 1686 superis
1024 1644 1127 1675 fertur
1150 1644 1315 1676 sententia
1338 1644 1441 1677 fastis.

568 1696 614 1728 Ut
636 1699 826 1728 consumato
850 1705 1041 1737 magnorum
1065 1695 1129 1727 fine
1154 1696 1300 1728 laborum

568 1748 679 1780 Victor
701 1748 734 1780 in
757 1748 853 1779 Italia
877 1747 988 1790 capias
1012 1747 1141 1789 insigne
1165 1748 1357 1790 superbum:

504 1813 529 1831 95
566 1799 755 1836 Quaesitam
778 1799 911 1838 meritis,
936 1802 1062 1841 partam
1087 1799 1206 1831 virtute
1231 1809 1394 1833 coronam.

569 1851 765 1883 Distinctum
790 1850 935 1893 pulchris
959 1850 1090 1882 rutilum
1114 1850 1267 1882 diadema
1291 1850 1424 1882 berillis.

569 1903 598 1936 Ο
622 1907 724 1947 pater,
748 1913 766 1934 o
791 1903 918 1944 magnis
941 1902 1049 1944 pelagi
1074 1901 1227 1934 defuncte
1251 1902 1383 1944 periclis
1410 1921 1447 1925 —

570 1956 618 1988 Te
642 1955 700 1988 sed
723 1955 828 1987 adhuc
853 1953 1023 1986 subeunda
1046 1957 1180 1986 manent
1203 1964 1299 1996 quam
1325 1955 1464 1997 plurima
1487 1955 1582 1986 terris
1607 1974 1657 1989 -—.

569 2007 642 2045 Quo
665 2010 698 2038 te
723 2016 860 2048 cumque
885 2005 968 2037 feret
994 2005 1132 2042 fortuna,
1158 2004 1330 2037 audentior
1354 2005 1409 2037 ito.

496 2073 534 2092 ιοο
570 2059 598 2091 O
621 2058 771 2101 graviora
793 2061 904 2089 tamen
929 2056 1044 2088 crebro
1070 2056 1256 2088 discrimina
1278 2066 1385 2098 passe,

570 2110 632 2143 His
656 2109 849 2152 quandoque
875 2109 959 2140 feret
982 2107 1062 2140 felix
1086 2108 1267 2139 constantia
1290 2107 1398 2139 finem.

613 2162 683 2195 Neo
698 2171 789 2193 mora
807 2179 846 2184 —
865 2170 946 2202 quas
963 2159 1085 2192 etenim
1101 2159 1240 2191 flammis
1262 2159 1460 2191 caelestibus
1481 2159 1596 2191 ardens
1625 2164 1656 2189 1?ae
1669 2165 1833 2198 profieineem

571 2215 689 2247 Posset
712 2213 833 2245 habere
858 2215 989 2244 moras?
1012 2229 1055 2234 ——
1077 2211 1192 2253 patriis
1215 2211 1382 2253 digressus
1405 2211 1446 2242 ab
1469 2211 1532 2242 oris
1596 2208 1624 2232 i⁷²
1644 2207 1749 2234 slfllfam
1771 2209 1853 2234 Sem·-

571 2266 709 2310 Alpinas
732 2265 872 2298 celerem
896 2274 1044 2306 gressum
1068 2263 1241 2305 detorquet
1265 2263 1298 2294 in
1320 2273 1414 2294 arces
1599 2252 1853 2319 rmgmeatqftffltna

498 2331 535 2351 1⁰5
571 2318 684 2361 Teque
707 2317 824 2349 iterum
848 2315 1001 2358 gradiens
1026 2314 1132 2347 studio
1159 2314 1291 2356 pietatis
1316 2314 1434 2354 avitae,
1621 2304 1628 2318 ‘
1671 2303 1704 2318 ²¹⁰
1722 2299 1837 2320 'mmm'

312 2423 418 2449 Scholia
437 2437 468 2441 —
487 2422 522 2448 84
537 2421 837 2456 stipulam100nsensnm
852 2421 891 2446 vel
906 2421 1051 2446 firmitatem
1139 2419 1173 2445 90
1191 2419 1290 2452 Latias]
1310 2420 1411 2445 Italicas
1463 2418 1588 2452 gressum}
1608 2420 1655 2444 iter
1742 2419 1773 2445 91
1794 2419 1854 2453 nie]

210 2468 236 2492 in
255 2466 331 2492 ltalia
383 2464 532 2499 flavescere]
551 2466 727 2500 splendescere
841 2464 875 2490 92
894 2462 977 2497 fastis]
998 2464 1070 2490 libris
1091 2464 1131 2489 vel
1149 2463 1258 2489 decretis
1363 2462 1396 2488 97
1415 2461 1544 2494 defuncte]
1564 2462 1668 2488 liberate

311 2543 346 2570 65
364 2543 506 2577 phalanges
523 2543 558 2568 εἰσ
577 2542 602 2568 Ρ
617 2547 640 2569 ει
659 2543 749 2568 Bacch.
838 2542 872 2567 82
891 2543 1046 2574 Ermergens
1065 2541 1091 2566 P
1174 2540 1208 2566 83
1234 2545 1322 2574 partae
1340 2540 1432 2565 Bosch.
1519 2539 1556 2565 acl
1574 2538 1607 2564 85
1625 2540 1656 2564 A.
1674 2540 1707 2565 ad
1725 2548 1745 2566 a.
1765 2539 1857 2566 Bonclz.

209 2586 244 2611 90
260 2585 353 2620 quoad]
372 2586 439 2619 quod
456 2586 489 2612 ad
507 2586 539 2611 ad
558 2585 582 2610 P
684 2586 720 2611 ad
739 2584 788 2611 102
806 2594 830 2618 p.
850 2586 875 2610 S.
898 2585 921 2610 d.
942 2584 1086 2610 visitaverit
1104 2583 1196 2609 Busch-

313 2662 348 2689 66
377 2662 444 2689 Aen.
475 2661 523 2688 IX
542 2661 593 2689 792
623 2669 674 2687 nec
709 2660 822 2688 tendere
858 2662 961 2687 contra.
1108 2660 1141 2686 94
1172 2660 1239 2686 Aen.
1272 2658 1350 2685 VIII
1369 2658 1420 2685 683
1454 2658 1521 2685 belli
1555 2658 1665 2693 insigne
1700 2659 1857 2694 superbum.

211 2715 245 2740 96
271 2713 346 2741 Fort.
371 2713 399 2740 C.
424 2713 497 2741 VIII
509 2714 534 2745 3,
548 2713 600 2740 263
623 2713 735 2740 radians
759 2713 888 2740 diadema
912 2712 1033 2747 beryllis.
1141 2711 1174 2738 97
1185 2719 1221 2744 sq.
1250 2711 1316 2736 Aen.
1338 2710 1379 2736 VI
1390 2710 1424 2736 83
1449 2710 1471 2736 O
1494 2710 1607 2737 tandem
1630 2710 1740 2744 magnis
1765 2711 1859 2745 pelagi

210 2765 340 2792 defuncte
362 2765 473 2800 periclis
491 2780 524 2784 —-
548 2765 601 2791 Sed
624 2767 714 2791 terrae
737 2764 867 2798 graviora
892 2765 1007 2790 manent
1025 2778 1066 2789 -—.
1171 2763 1204 2789 99
1232 2762 1301 2788 Aen.
1321 2762 1361 2789 VI
1371 2763 1404 2788 95
1430 2763 1527 2788 contra
1549 2762 1697 2789 audentior
1719 2762 1773 2794 ito,
1799 2763 1858 2795 Qua

212 2818 261 2844 tua
279 2819 307 2844 te
326 2817 437 2844 fortuna
456 2817 536 2857 sinet.
644 2817 738 2850 100811.
758 2817 823 2843 Aen.
844 2817 862 2842 Ι
876 2817 922 2842 199
942 2816 963 2841 Ο
987 2815 1061 2849 passi
1079 2814 1216 2847 gmviom.
1237 2813 1316 2840 dabit
1335 2813 1402 2840 deus
1422 2813 1463 2839 his
1482 2822 1592 2847 quoque
1611 2814 1700 2840 finem.

1584 2865 1638 2892 62⁴·
