2060 3074
473 401 497 419 1⁵

472 918 498 936 25

470 1950 496 1969 ⁴5

471 2465 496 2483 55

927 147 1018 174 PARS
1036 147 1083 173 IX.

545 233 605 273 Tu,
629 233 703 270 crie,
729 233 878 275 concepti
903 233 1021 264 Christi
1044 233 1103 264 tibi
1126 233 1244 275 plaude
1269 233 1477 276 triumphum,

544 285 705 316 Vendicet
727 295 903 327 aegoceros
925 286 1086 317 nascentis
1108 286 1228 327 gaudia
1251 286 1357 319 verbi:

544 335 640 368 Lucis
663 346 854 379 praecursor
875 347 1012 368 nascens
1034 337 1067 368 in
1089 337 1211 369 vertice
1234 338 1350 377 cancri,

540 388 641 420 Libra
664 391 849 430 conceptus,
873 388 976 420 cernis
998 389 1148 430 praefata
1169 392 1293 431 tropea.

545 439 579 470 Si
602 441 672 482 quis
696 440 793 472 corde
817 440 871 482 pio
893 440 1011 471 mentis
1033 441 1191 472 levaverit
1213 441 1281 472 alas

543 491 593 523 Ac
616 492 734 523 sensim
757 494 863 523 tranet
884 495 997 523 tenero
1021 492 1224 523 theoremata
1246 493 1338 534 lapsu

545 543 672 574 Intrans
695 543 873 574 armoniam
897 553 1004 574 rerum
1028 543 1167 574 ducente
1191 543 1315 586 sophia,

544 594 662 626 Omnia
684 595 859 637 perspiciet
881 595 1014 626 rationis
1037 595 1184 626 acumine
1210 595 1296 626 claro

541 647 632 678 Intus
655 647 739 678 farta
762 646 825 678 deo
849 647 948 678 verbo
971 647 1044 678 loca
1066 650 1224 689 tempora,
1248 650 1351 678 totum

544 698 700 730 Mundum
723 701 908 740 gestantem
930 698 1093 730 nascentis
1116 698 1264 740 symbola
1287 697 1415 730 Christi.

542 749 687 781 Verbum
709 760 837 792 nanque
861 749 942 781 deus
963 750 1123 792 processit
1144 750 1276 791 virginis
1299 750 1372 781 alvo

544 801 640 833 Lucis
663 802 696 833 in
719 804 906 843 augmento,
930 811 1027 843 quam
1050 801 1153 833 noctis
1177 802 1298 832 vicerat
1320 801 1445 841 umbra,

544 853 610 885 Nos
632 853 779 885 homines
802 853 936 884 miseros
958 852 1100 895 paradisi
1124 853 1195 884 luce
1219 856 1371 892 remotos,

542 904 628 936 Olim
652 905 840 936 commissae
865 908 975 947 septos
997 904 1198 936 umbramine
1223 905 1350 946 culpae,

543 955 667 999 Sponte
690 952 909 998 relinquentes
932 956 1100 998 praeclara
1123 955 1238 987 sedilia
1261 956 1358 995 vitae,

543 1008 656 1040 Mortis
677 1011 858 1050 perpetuae
882 1007 1050 1039 devinctos
1072 1008 1141 1039 iure
1166 1008 1299 1047 catenis,

545 1059 616 1096 Quo
639 1059 777 1090 mortale
801 1069 904 1100 genus
926 1059 1032 1090 lueret
1055 1069 1112 1090 sua
1135 1058 1247 1090 debita
1270 1058 1408 1095 solvens,

544 1110 686 1142 Sentiret
708 1111 840 1142 meritas
862 1111 973 1142 inflata
996 1110 1149 1153 superbia
1171 1120 1306 1153 poena8‚

540 1162 737 1194 Restaurare
761 1162 874 1193 volens
896 1162 1082 1204 priscasque
1107 1161 1263 1193 reducere
1287 1161 1393 1194 sedes.

543 1214 637 1246 Haec
660 1217 775 1246 octava
797 1213 856 1245 tibi
878 1213 1026 1245 bifrontis
1048 1213 1109 1245 rite
1132 1213 1300 1245 Kalendas

543 1266 689 1298 Insinuat
711 1266 846 1308 typicas,
871 1265 947 1297 dum
970 1265 1069 1297 vincit
1091 1265 1164 1297 luce
1187 1265 1350 1297 tenebras.

544 1317 688 1350 Octonus
710 1327 862 1349 numerus
885 1317 1010 1349 divinos
1033 1316 1195 1359 symfonat
1217 1319 1322 1352 actus;

543 1369 627 1401 Nam
651 1368 798 1401 dominus
821 1372 940 1409 noster,
964 1379 1062 1411 quem
1084 1371 1212 1411 tempus
1235 1367 1387 1399 formulat
1411 1377 1516 1402 omne,

540 1421 671 1453 Octavis
693 1424 797 1461 natus,
821 1423 1007 1463 conceptus,
1030 1423 1134 1452 morte
1158 1430 1316 1460 reversus,

543 1472 674 1504 Octavis
698 1473 817 1504 veteris
841 1472 938 1504 subiit
960 1472 1125 1514 signacula
1148 1472 1240 1513 legis,

542 1524 681 1556 Mundus
703 1525 735 1556 in
759 1527 875 1556 octava
896 1524 994 1556 finem
1017 1523 1108 1555 dabit
1130 1523 1278 1555 omnibus
1301 1532 1400 1554 unum

542 1575 696 1608 Cursibus
719 1586 876 1607 annorum
898 1576 994 1607 variis
1017 1575 1179 1618 rebusque
1203 1573 1333 1606 caducis

542 1627 734 1670 Sumpturus
756 1626 905 1659 stabilem
928 1630 1051 1658 mutato
1075 1626 1240 1658 schemate
1264 1626 1410 1663 formam,

539 1678 626 1710 Dum
649 1689 752 1721 genus
774 1678 950 1710 humanum
973 1678 1119 1721 generali
1141 1681 1244 1710 matre
1267 1680 1414 1709 renatum

540 1730 605 1762 Pro
628 1731 704 1762 limo
727 1734 834 1762 terrae
858 1730 1012 1762 caelestia
1035 1740 1172 1772 corpora
1194 1732 1310 1769 sumet,

541 1782 653 1814 Densa
675 1792 770 1824 seges
794 1781 912 1814 virides
934 1781 1015 1813 miro
1039 1784 1130 1824 teget
1153 1781 1264 1813 ordine
1288 1780 1394 1812 sulcos

543 1834 746 1876 Tellurisque
769 1843 873 1865 novae
897 1833 996 1865 facies
1019 1833 1224 1864 revocabitur
1246 1835 1320 1864 actu

542 1885 585 1917 Et
605 1895 713 1917 rerum
735 1885 886 1927 propriae
909 1887 1098 1916 consument
1121 1884 1230 1916 omnia
1252 1893 1380 1915 causae.

538 1936 633 1968 Haec
653 1939 738 1976 sunt,
762 1946 846 1978 quae
869 1936 967 1967 tacite
990 1935 1107 1967 nostris
1129 1935 1161 1967 in
1184 1934 1335 1967 cordibus
1356 1934 1441 1965 intus

543 1988 660 2020 Octoni
682 1988 807 2020 numeri
830 1987 1016 2019 modulatur
1038 1987 1136 2018 nabla
1158 1997 1319 2026 sonorum,

541 2040 679 2083 Spiritus
701 2040 834 2072 interior
855 2039 973 2071 clamat
995 2049 1056 2071 nec
1080 2038 1197 2070 desinit
1218 2048 1359 2080 unquam

543 2092 680 2135 Semper
703 2092 934 2134 concrepitans,
958 2090 1110 2134 quicquid
1132 2090 1233 2122 semel
1255 2090 1381 2122 intonat
1402 2099 1521 2125 annus;

542 2144 636 2176 Haec
658 2144 816 2186 scriptura
838 2142 944 2183 docet,
969 2143 1020 2174 cui
1042 2152 1150 2174 rerum
1173 2142 1312 2174 concinit
1335 2140 1423 2173 ordo.

540 2195 632 2232 Quae
655 2194 717 2227 sibi
739 2194 892 2227 nascendi
916 2197 1044 2236 tempus
1066 2193 1239 2236 prudentia
1261 2193 1348 2232 fecit,

543 2247 620 2290 Ipsa
641 2247 748 2289 locum
771 2246 892 2286 statuit,
917 2256 980 2288 quo
1003 2246 1141 2288 primum
1162 2248 1240 2278 nata
1262 2248 1400 2288 pateret.

541 2297 715 2329 Bethleem
738 2297 839 2329 fertur
861 2296 1024 2339 quondam
1048 2296 1208 2339 possessio
1232 2295 1349 2336 David,

542 2348 644 2391 Regis
665 2347 855 2391 psalmidici,
880 2348 1034 2390 genitoris
1057 2347 1181 2389 origine
1205 2347 1332 2379 Christi.

542 2399 650 2441 Salve,
674 2403 786 2432 sancta
808 2399 932 2439 domus,
956 2399 1047 2442 panis
1070 2398 1226 2430 ditissima
1249 2401 1387 2440 patrum,

540 2451 629 2483 Area
651 2451 800 2483 caelestis
824 2450 932 2482 divina
954 2451 1047 2492 fruge
1071 2450 1202 2490 referta,

543 2503 582 2535 In
605 2513 668 2545 qua
690 2505 784 2534 natus
807 2505 887 2542 erat,
911 2502 965 2544 qui
988 2502 1124 2533 sustinet
1147 2501 1264 2540 omnia,
1287 2500 1388 2542 panis,

543 2554 642 2586 Panis
664 2557 851 2596 perpetuus,
875 2564 938 2596 quo
962 2554 1102 2585 vescitur
1124 2553 1198 2584 aula
1221 2562 1372 2594 superna:

544 2605 582 2638 In
605 2610 637 2638 te
661 2616 779 2637 manna
802 2605 882 2648 pluit
905 2605 1036 2637 summis
1058 2604 1227 2636 virtutibus
1250 2606 1370 2645 aptum.

281 2769 315 2796 34
333 2769 382 2796 n?t
400 2769 433 2795 0:
450 2771 483 2803 qs.
502 2777 584 2802 ewpra
600 2777 660 2802 paq.
674 2767 724 2795 351
743 2778 766 2795 v.
778 2769 795 2795 5

1567 2816 1620 2842 70*

1769 149 1828 178 551
