2060 3074
261 119 325 148 652
919 114 1071 141 MILONIS
1091 113 1265 140 CARMINA.

630 202 735 233 Huius
759 212 851 232 amor
873 200 1002 243 gemino
1026 198 1210 231 maculavit
1224 200 1355 231 crimine
1378 199 1496 240 David,

628 254 714 285 Dum
738 254 830 284 nimis
853 252 1001 294 indulget
1023 252 1210 284 mulieribus
1233 252 1453 294 inlaqueatus;

628 305 688 336 His
711 305 839 347 sapiens
863 304 1017 335 Salomon
1041 306 1090 335 est
1113 304 1216 335 factus
1240 306 1390 346 apostata
1412 303 1553 339 flendum

627 357 699 388 Hac
722 356 853 388 timidus
875 356 992 387 Petrus
1015 359 1186 392 accusante
1210 356 1344 398 negavit
1367 355 1485 388 Iesum.

545 422 583 441 225
627 409 819 450 Promptum
843 410 893 439 est
915 407 1065 439 historias
1088 410 1236 439 veterum
1258 418 1448 450 percurrere
1471 418 1576 448 versu,

628 460 703 500 Sed,
728 460 803 502 quia
826 459 1019 502 perlongum
1043 463 1102 500 est,
1125 470 1190 491 non
1212 460 1295 491 haec
1317 460 1439 491 intacta
1461 461 1657 502 relinquam:

628 511 775 553 Ingluvie
798 511 919 543 ventris
941 512 1051 554 plures
1074 522 1283 543 concrescere
1306 514 1416 554 pestes

628 564 904 606 Multiplieemque
927 574 991 594 uno
1017 563 1056 594 de
1081 564 1204 595 semine
1229 573 1362 605 surgere
1386 564 1521 606 prolem.

628 615 788 646 Luxuries
812 614 930 646 ardens
952 615 1014 646 hae
1038 615 1176 658 amplius
1200 616 1318 658 accipit
1339 615 1442 657 ignes,

546 681 584 699 2³0
628 667 701 698 Non
725 667 819 698 aliter
841 667 990 698 flammae
1016 677 1111 709 quam
1136 667 1162 698 si
1186 667 1256 709 quis
1280 670 1413 709 spargat
1437 668 1567 699 olivum.

629 719 729 750 Liber
751 722 785 750 et
807 719 893 750 alma
916 718 1015 750 Ceres
1036 718 1158 750 Veneri
1179 719 1353 750 nutrimina
1375 719 1544 761 praebent,

631 771 709 807 Quis
733 770 801 802 sine
825 770 969 812 frigescit
991 770 1121 802 fervens
1144 770 1288 802 extincta
1309 769 1421 811 libido,

631 823 777 865 Suntque
801 833 859 854 suo
882 822 986 854 vicina
1010 822 1088 854 satis
1111 822 1267 864 genitalia
1289 822 1403 853 ventri.

629 875 714 906 Filia
737 874 957 916 sanguisugae
981 874 1073 915 haec,
1098 874 1251 906 Salomon
1276 885 1373 916 quam
1398 874 1547 914 concinit,
1571 885 1635 906 una
1658 877 1718 914 est,

547 939 585 959 235
629 926 745 958 Altera
768 927 930 966 avarities,
955 937 1047 957 amor
1068 926 1238 958 insatiatus
1261 926 1413 958 habendi.

630 977 776 1010 ‘Sufficit'
798 978 950 1020 ignorant
972 978 1203 1020 geminantque
1227 978 1428 1020 frequentius
1452 977 1565 1018 ‘adfer‚

630 1030 735 1062 Adfer
757 1028 887 1061 adhuc':
911 1030 980 1061 istis
1003 1030 1091 1061 nulla
1114 1033 1164 1061 est
1186 1040 1338 1061 mensura
1360 1029 1550 1072 modusque.

673 1090 730 1122 VI.
754 1090 842 1122 Mors
866 1093 899 1122 et
923 1091 987 1122 vita
1010 1090 1078 1130 tibi,
1102 1091 1215 1130 lector⁷
1240 1091 1416 1122 clarissima
1439 1091 1504 1122 iam
1528 1093 1611 1130 sunt,

630 1143 792 1174 Dextrum
815 1143 877 1174 iter
900 1145 934 1174 et
955 1143 1085 1174 laevum
1109 1145 1266 1174 monstrat
1289 1142 1446 1184 scriptura
1468 1145 1633 1184 patenter:

549 1207 588 1227 240
631 1195 701 1226 Iam
724 1197 818 1226 vetus
842 1197 939 1236 atque
963 1205 1083 1226 novum
1106 1194 1231 1236 profert
1254 1194 1314 1230 tibi
1337 1194 1442 1226 scriba
1465 1195 1588 1237 peritus

631 1247 691 1278 Ille
717 1246 935 1288 euangelious,
960 1246 1014 1288 qui
1035 1246 1150 1277 miscet
1173 1246 1276 1277 tristia
1298 1246 1402 1286 laetis,

633 1299 832 1341 Supplicium
855 1298 980 1330 miseris
1005 1301 1038 1330 et
1060 1298 1207 1340 praemia
1231 1297 1329 1340 digna
1351 1297 1472 1329 beatis:

632 1350 763 1383 Prende
786 1351 872 1382 viam
896 1351 1051 1393 quamviS,
1074 1350 1133 1382 sed
1157 1349 1273 1382 dextra
1297 1349 1455 1381 salubrior
1476 1350 1532 1381 illa
1555 1353 1605 1382 est
1631 1369 1667 1373 —

631 1403 710 1434 Fert
732 1403 794 1434 iter
817 1402 859 1434 ad
882 1402 1009 1434 caelum
1033 1420 1083 1442 —‚
1109 1412 1204 1444 quam
1228 1411 1312 1444 quae
1337 1401 1498 1443 demergit
1521 1402 1554 1433 in
1575 1402 1685 1433 imum.

550 1467 588 1487 245
633 1455 737 1486 Recta
760 1455 813 1486 via
836 1457 885 1486 est
909 1453 1063 1492 Christus,
1088 1464 1151 1496 qua
1174 1456 1314 1496 pergunt
1336 1454 1397 1485 rite
1420 1454 1560 1490 viantem

632 1507 692 1538 Ille
716 1507 795 1538 nihil
818 1506 934 1538 fallens
957 1509 1006 1538 est
1029 1517 1154 1537 summa
1176 1506 1311 1537 scientia
1333 1506 1419 1542 veri;

632 1559 695 1590 Hic
720 1569 848 1601 quoque
873 1559 939 1590 vita
961 1559 1084 1600 vigens,
1109 1558 1184 1598 dux,
1209 1558 1332 1596 doctor,
1354 1558 1549 1595 vivificator;

635 1611 739 1643 Omne
763 1610 884 1642 bonum
906 1621 965 1653 per
989 1621 1095 1653 quem,
1119 1621 1191 1642 cum
1215 1620 1290 1653 quo,
1314 1610 1461 1642 felicibus
1484 1611 1517 1642 in
1541 1621 1620 1653 quo:

636 1663 678 1694 Se
702 1663 794 1694 iubet
816 1662 871 1694 ille
896 1663 965 1705 peti
989 1665 1022 1694 et
1046 1662 1168 1704 quaeri,
1192 1672 1227 1694 se
1250 1665 1398 1705 praestat
1419 1662 1545 1694 haberi.

552 1728 592 1747 250
635 1716 697 1747 Ille
722 1714 816 1746 dator
837 1715 931 1756 legis,
954 1725 1014 1757 per
1038 1724 1134 1756 quem
1157 1713 1342 1746 benedictio
1366 1714 1465 1754 venit,

635 1767 707 1803 Qua
731 1769 829 1808 queat
851 1766 979 1808 impleri
1001 1766 1067 1806 lex,
1090 1766 1249 1809 praecipit
1271 1765 1403 1798 adiuvat
1426 1769 1552 1798 auctor.

635 1819 698 1856 Qui
721 1829 780 1850 nos
803 1829 875 1850 cum
898 1818 982 1850 vitiis
1006 1818 1115 1850 docuit
1139 1820 1305 1850 certamen
1327 1818 1409 1850 inire

633 1871 677 1902 Et
699 1871 761 1902 sibi
784 1880 992 1912 congressum
1015 1870 1114 1902 ternis
1138 1870 1339 1902 conflictibus
1362 1870 1491 1902 hostem

635 1922 792 1955 Reddidit
816 1933 979 1963 enervem,
1003 1923 1116 1954 stravit
1140 1922 1276 1954 calcavit
1299 1922 1421 1964 abegit,

550 1988 589 2007 255
635 1974 727 2006 Colla
750 1978 959 2017 tyrannorum
983 1984 1043 2006 ceu
1066 1974 1227 2016 quondam
1251 1973 1365 2005 ductor
1386 1973 1488 2014 Iesus,

636 2027 707 2063 Quo
731 2037 885 2069 superare
910 2037 1010 2069 queas
1033 2037 1144 2069 pugna
1165 2026 1288 2058 leviore
1312 2026 1491 2058 subactum.

373 2161 425 2187 225
443 2163 569 2194 Pruptum
583 2160 607 2185 A
702 2157 754 2184 245
773 2158 870 2183 christo
883 2157 908 2183 A
996 2157 1049 2183 252
1067 2156 1136 2189 cum]
1155 2166 1204 2182 eon
1216 2156 1241 2182 A

372 2237 431 2264 221.
444 2237 495 2263 222
515 2237 581 2271 Ray.
594 2236 619 2270 2,
634 2237 672 2262 11.
744 2235 796 2262 223
815 2234 870 2267 Gfr.
883 2234 920 2261 ad
933 2234 954 2261 Ι
963 2234 1023 2261 468.
1087 2234 1144 2266 ‚225
1162 2233 1251 2260 Nimis
1263 2232 1429 2263 circumcise,-
1446 2232 1543 2259 voluit.-
1561 2233 1722 2267 promptum
1740 2232 1783 2258 est
1794 2230 1926 2258 historias

270 2297 437 2323 percurrere,
456 2289 512 2321 sed,
531 2288 598 2322 quia
616 2287 783 2322 perlongum
803 2288 852 2318 est,
871 2295 928 2313 non
946 2294 1118 2321 percurram:
1137 2285 1208 2312 hanc
1227 2286 1322 2311 tamen
1341 2293 1398 2311 non
1416 2283 1649 2319 praetermittam.
1719 2284 1771 2310 228
1787 2283 1835 2310 Ge.
1849 2282 1926 2310 1114

271 2349 335 2375 pars
358 2342 453 2367 autem
477 2341 569 2375 posito
592 2341 711 2374 surgunt
733 2339 767 2366 de
790 2339 903 2366 semine.
992 2338 1051 2365 230.
1064 2338 1115 2365 232
1138 2337 1185 2364 Ex
1202 2337 1375 2376 *Hieronymo
1391 2336 1534 2371 proverbia
1555 2337 1641 2363 novit:
1665 2336 1714 2369 cfr.
1741 2335 1803 2363 Otto
1821 2334 1926 2369 8331ίώ-

270 2394 364 2419 ωᾱνιεν
389 2392 414 2420 d.
435 2392 532 2419 Reimer
554 2400 616 2426 pay.
633 2392 684 2419 253
712 2394 736 2418 et
758 2392 818 2419 366.
906 2392 956 2418 231
984 2391 1067 2417 Liber
1094 2392 1123 2417 et
1149 2390 1224 2417 alma
1248 2389 1329 2417 Ceres
1353 2389 1399 2416 Ge.
1425 2389 1479 2416 17.
1567 2388 1704 2416 234—237
1732 2388 1810 2415 va.
1831 2388 1874 2421 30,
1893 2388 1928 2416 15

272 2444 460 2478 sanguisugae
478 2445 550 2471 duae
569 2446 634 2471 sunt
653 2444 727 2471 filiae
745 2444 870 2470 dicentes
888 2443 965 2470 ‘affer
982 2442 1068 2470 affer’.
1099 2442 1155 2469 tn'a
1173 2443 1240 2469 sunt
1258 2441 1456 2468 insaturabilia
1475 2442 1504 2467 et
1522 2441 1662 2475 quartum,
1681 2440 1756 2474 quod
1774 2448 1927 2474 numquam

272 2496 341 2522 dicit
359 2497 485 2523 ‘sufficit'.
573 2496 711 2522 238--299
730 2495 786 2522 Ioh.
808 2496 847 2526 14,
860 2495 876 2521 4
896 2496 934 2522 ‘ct
952 2503 1008 2529 quo
1027 2503 1079 2529 ego
1097 2494 1170 2521 vado
1188 2494 1266 2522 scitis
1286 2496 1315 2521 et
1333 2494 1408 2520 viam
1427 2493 1521 2520 scitis'.
1557 2494 1574 2519 5
1593 2493 1664 2520 dicit
1686 2493 1710 2520 ei
1731 2492 1852 2519 Thomas
1870 2491 1928 2518 *do-

274 2548 355 2579 mine,
375 2547 511 2574 nescimus
530 2556 585 2581 quo
605 2547 683 2574 vadis
702 2548 731 2573 et
748 2547 887 2581 quomodo
907 2555 1052 2581 possumus
1071 2546 1146 2573 viam
1165 2546 1234 2573 scire
1242 2546 1264 2572 ’θ’
1294 2546 1311 2572 6
1329 2545 1399 2572 dicit
1418 2545 1443 2572 ei
1456 2545 1535 2575 Iesus,
1552 2547 1614 2580 ‘ego
1633 2553 1693 2571 sum
1712 2544 1759 2571 via
1777 2545 1806 2571 et
1823 2543 1928 2570 veritas

273 2601 301 2626 et
320 2599 396 2625 vita'.
474 2599 526 2626 250
546 2599 591 2625 Ps.
610 2600 651 2632 83,
664 2600 680 2625 8
698 2599 921 2626 benedictionem
941 2599 1021 2625 dabit
1038 2598 1190 2633 legislator.
1271 2598 1407 2625 253-271
1430 2597 1529 2624 Matth.
1548 2598 1573 2630 4,
1589 2598 1688 2629 1-11‚·
1706 2596 1776 2624 Luc.
1795 2597 1820 2629 4,
1835 2596 1927 2623 1—13.

274 2650 324 2676 255
343 2650 430 2677 Iosue.
452 2651 491 2681 10,
503 2651 538 2677 24
556 2651 597 2677 ait
614 2651 715 2684 (Iosue)
737 2651 772 2677 ad
798 2651 939 2686 principes
958 2650 1095 2678 exercitus
1114 2650 1163 2684 qui
1182 2659 1276 2677 secum
1295 2651 1376 2677 erant
1394 2649 1443 2676 ‘ite
1462 2651 1491 2676 et
1516 2649 1614 2684 ponite
1641 2649 1724 2683 pedes
1746 2657 1830 2683 snper
1852 2648 1925 2676 colla

273 2710 369 2735 regum
388 2702 520 2729 istorum'.
558 2702 656 2729 Isidor-
676 2703 792 2736 Alleyor.
805 2703 838 2729 72
856 2703 910 2736 (M.
929 2703 971 2735 83,
986 2704 1047 2736 111)
1064 2704 1142 2730 Iesus
1160 2703 1239 2729 Nave
1257 2701 1410 2736 imaginem
1429 2701 1577 2728 salvatoris
1597 2700 1743 2736 expressit,
1761 2700 1811 2735 qui
1829 2709 1880 2728 nos
1896 2699 1928 2727 in

274 2755 375 2780 terram
395 2754 614 2788 repromissionis
633 2755 745 2782 induxit
764 2756 792 2782 et
810 2754 840 2781 in
859 2763 977 2789 regnum
996 2754 1124 2782 caelestis
1142 2754 1249 2790 gloriae
1267 2754 1423 2782 collocavit.
