2060 3074
194 169 255 199 526
760 166 937 192 IOHANNIS
957 165 1085 192 SCOTTI
1105 164 1284 192 CARMINA.

193 254 348 293 seriptum
381 256 410 284 ct
441 253 504 285 duo
534 253 784 284 Vindobonenses
811 252 875 284 754
903 262 983 284 saec.
1003 252 1081 284 XII
1103 254 1132 283 et
1154 252 1217 284 971
1243 262 1323 283 saec.
1344 251 1443 283 XIII
1450 252 1476 290 ¹;
1499 253 1667 291 praeterea
1693 251 1845 291 quosdam

195 304 397 344 intetpolatos
418 305 562 336 adhibui.
613 303 814 336 Contulimus
837 303 1079 335 Bituricensem
1100 304 1141 336 F.
1157 303 1385 342 Liebermann,
1409 303 1634 335 Florentinum
1656 302 1846 341 Dumnmler,

193 356 453 396 Bamberqensem
475 356 546 388 Joh.
562 355 704 393 Fischer,
738 355 988 387 Vindoboncnses
1013 355 1155 394 Gottlicb,
1179 355 1401 387 Monacensem
1423 365 1484 395 eqo.

298 410 326 439 6.
350 407 506 448 Dionysio
528 407 669 438 absoluto
691 406 851 438 Iohannes
874 407 994 439 Latino
1016 418 1155 439 sermone
1179 408 1404 447 interpretatus
1426 409 1471 438 est
1493 406 1635 438 Maoeimi'
1661 405 1846 446 confessoris

193 459 352 499 Ambiyua
380 459 416 490 in
441 459 628 499 Grcyorium
653 458 895 490 Nazianzenum
926 455 1054 500 (ἄπορα
1071 456 1130 497 ἐἷς
1160 462 1190 490 Γ
1187 456 1351 501 ρηγόριον)
1382 458 1541 490 Graecum
1569 458 1703 490 codicem
1731 459 1847 489 nactus

193 511 228 542 in
257 510 438 542 bibliotheca
459 509 704 550 Francoyallica
731 510 834 541 nescio
863 520 927 550 qua
938 510 960 541 ².
1006 510 1090 542 Eius
1113 511 1216 550 operis
1237 510 1356 542 codices
1378 512 1548 550 supersunt
1570 509 1646 547 duo,
1674 509 1750 541 liber
1772 508 1846 540 olim

193 562 226 594 S.
249 561 391 593 Martini
420 572 442 592 a
474 561 602 601 Campis
629 572 729 601 prope
757 561 904 593 Parisios
933 572 1019 593 nunc
1042 561 1296 594 Armamentarii
1325 561 1472 593 Parisini
1497 561 1583 593 237³
1614 563 1643 592 et
1669 560 1747 592 liber
1773 559 1847 592 olim

197 614 377 645 Goreiensis
399 624 486 644 nunc
507 613 648 645 Parisiis
670 614 706 644 in
721 613 890 645 Maearini
913 613 1096 646 bibliotheca
1119 613 1182 644 561
1192 613 1214 652 ⁴,
1238 616 1368 653 uterque
1391 613 1530 653 scriptus
1543 612 1667 645 saeculo
1688 623 1770 644 nono
1793 623 1846 644 esc-

193 667 302 703 eunte;
331 665 444 696 tertius
465 667 534 696 crat
556 665 599 703 is,
626 676 642 696 e
669 675 730 705 quo
754 664 890 696 Mabilio
912 664 1097 696 Maximum
1122 665 1260 696 Thomae
1285 664 1383 696 Galeo
1406 664 1600 704 descri11sit⁵.
1644 664 1680 696 Is
1702 664 1847 695 carmina

193 719 229 747 ut
254 716 410 757 Dionysio
434 717 481 747 ita
503 719 532 747 et
554 716 702 748 Maximo
724 727 746 748 a
768 716 911 748 Iohanne
929 717 1145 757 praescripta,
1169 727 1240 748 cum
1262 727 1300 748 ea
1321 719 1380 748 aut
1403 717 1438 748 in
1460 715 1648 748 Mabilionis
1668 715 1847 756 apoympho

193 778 256 799 non
287 768 455 799 invenisset
482 770 541 799 aut
570 778 652 808 quac
681 768 847 800 ederentur
875 769 1010 809 indiqna
1032 779 1097 800 esse
1119 769 1306 807 censuisset,
1337 769 1374 800 in
1388 769 1538 808 principe
1560 767 1703 800 Maximi
1724 767 1847 804 Latini,

192 830 287 859 quam
315 818 430 851 Oxonii
453 821 537 851 1681
553 820 701 859 paravit,
725 820 859 852 editione
881 831 946 852 non
968 821 1067 852 edidit
1074 831 1085 860 ‚·
1107 821 1206 852 edidit
1228 821 1324 852 Felix
1346 820 1528 852 Ravaisson
1550 820 1585 851 in
1608 819 1770 860 Rapports
1790 829 1849 850 sur

193 871 236 902 les
267 871 485 911 bibliotlieques
517 872 570 903 des
604 871 671 911 de‘p.
694 871 731 903 de
761 871 868 903 l’ouest
894 872 1036 904 Parisiis
1067 874 1152 903 1841
1185 883 1224 904 ece
1243 872 1496 904 Armamentarii
1530 871 1632 903 codice
1664 870 1848 911 repetiitque

192 935 208 954 e
231 923 438 955 Racaissonii
465 923 544 955 libro
567 923 719 956 Flossius
751 923 770 955 l.
787 936 813 957 c.
823 935 901 965 paq.
919 925 1153 957 1235—1236.
1199 924 1323 957 Eadem
1345 924 1491 956 carmina
1512 923 1602 963 apud
1623 933 1670 954 me
1686 922 1852 962 prodeunt>

192 975 264 1016 (sub
286 986 317 1007 n.
339 975 439 1017 VIII)
455 976 558 1008 codice
573 977 830 1008 Armamentarii
845 976 956 1010 collato
970 978 1009 1009 ab
1025 977 1157 1018 Alfredo
1174 977 1318 1015 Schoene,
1342 975 1511 1008 Maearini
1526 975 1628 1007 codice
1649 974 1689 1006 ab
1702 974 1848 1015 Auyusto

193 1027 355 1059 Molinier.

297 1081 327 1111 7.
351 1079 508 1111 Iohannis
533 1090 661 1112 carmen
690 1080 727 1111 de
755 1080 896 1120 quadam
918 1080 951 1112 S.
968 1080 1100 1112 Mariae
1128 1080 1278 1112 ecclesia⁰
1308 1091 1330 1112 a
1352 1079 1474 1112 Karolo
1500 1078 1594 1111 Calvo
1622 1080 1720 1109 aucta
1746 1080 1776 1109 et
1797 1087 1847 1109 or-

192 1134 271 1163 nata
294 1131 398 1171 (apud
419 1141 476 1162 nos
499 1131 568 1172 IX)
591 1134 678 1163 eoetat
700 1132 736 1163 in
757 1142 821 1163 uno
851 1132 954 1164 codice
976 1132 1049 1164 olim
1073 1131 1105 1165 S.
1121 1132 1252 1164 Bertini
1275 1131 1455 1169 SithicnsiS,
1478 1131 1535 1171 qui
1556 1141 1643 1162 nunc
1665 1132 1710 1162 est
1729 1128 1847 1162 Canta-

193 1183 311 1223 briyiae
341 1183 374 1214 in
402 1182 584 1214 bibliotheca
613 1182 740 1224 Golleyii
774 1184 913 1223 corporis
940 1183 1062 1216 Christi
1087 1185 1166 1222 223,
1197 1183 1370 1215 Prndentii
1398 1182 1594 1214 carminibus
1620 1181 1744 1213 saeculo
1766 1191 1848 1213 nono

192 1234 321 1274 scriptis
335 1233 458 1266 saeculo
475 1234 592 1266 decimo
607 1235 765 1281 adiectum
778 1236 799 1266 ⁷.
838 1235 880 1266 Id
894 1246 1088 1275 quamquain
1102 1246 1123 1267 a
1141 1235 1302 1267 Theodoro
1321 1234 1438 1273 Oehlcr‚
1461 1234 1528 1266 viro
1543 1234 1572 1266 b.
1586 1245 1636 1272 m.‚
1657 1233 1849 1274 descriptum

192 1286 351 1324 habemus,
374 1286 419 1317 ad
433 1286 526 1318 euius
541 1287 745 1327 apographon
761 1286 890 1318 ultimos
905 1288 948 1319 24
964 1297 1074 1318 versus
1088 1287 1188 1319 edidit
1203 1286 1349 1319 Flossius
1364 1286 1384 1319 l.
1401 1298 1427 1319 c.
1437 1297 1514 1327 pay.
1532 1286 1754 1324 1235—1238,
1777 1295 1849 1316 cum

196 1339 360 1370 Oehlerum
383 1339 419 1370 in
441 1339 653 1371 describendis
675 1339 835 1371 codicibus
850 1335 981 1371 Latinis
1003 1349 1067 1371 non
1086 1339 1167 1371 satis
1181 1341 1329 1371 accurate
1349 1341 1506 1370 versatum
1527 1349 1591 1370 esse
1612 1348 1677 1370 non
1690 1337 1851 1376 nescirem,

193 1390 294 1423 malui
316 1390 360 1422 ad
382 1393 493 1431 ectypa
508 1390 763 1431 photoyraphica
785 1402 952 1430 recensere,
976 1402 1058 1432 quae
1074 1392 1271 1424 Franciscus
1286 1391 1465 1424 Jenhinson
1487 1393 1517 1422 et
1531 1390 1695 1422 Johannes
1710 1389 1749 1423 P.
1761 1389 1852 1422 Post-

191 1446 262 1484 9ate
284 1453 306 1474 a
328 1453 375 1474 me
398 1443 501 1483 royati
528 1442 736 1484 Cantabriqia
758 1444 915 1476 miserunt
925 1444 947 1476 ⁸.

299 1591 324 1623 1)
341 1589 381 1622 Cf.
395 1590 426 1616 in
439 1589 582 1623 appendice
594 1589 632 1616 ad
647 1589 803 1616 Iohannem.
878 1590 905 1623 2)
919 1590 996 1616 Patet
1008 1598 1041 1616 ex
1052 1590 1165 1624 epistula
1178 1589 1215 1616 ad
1227 1590 1361 1617 Kar-olum
1373 1589 1485 1617 Calmim
1496 1590 1577 1617 missa
1589 1590 1700 1625 (Miyne
1712 1593 1767 1622 122,
1779 1590 1853 1622 1195)

195 1643 348 1668 Maoeimum
366 1645 422 1668 tum
441 1642 547 1669 demum
566 1642 689 1669 Iohanni
707 1642 867 1676 innotuisse,
885 1651 944 1670 cum
957 1642 1123 1677 Dionysium
1140 1643 1271 1669 emisisset.
1308 1642 1404 1676 Itaque
1422 1651 1478 1669 non
1495 1642 1578 1676 maqis
1594 1642 1671 1669 illum
1687 1650 1768 1676 quam
1779 1641 1853 1670 hunc

196 1702 230 1721 επ
242 1694 375 1721 Hibernia
393 1697 582 1728 asportaverat.
670 1695 697 1727 3)
712 1694 750 1727 (ΣΥ.
766 1694 911 1728 Gataloyue
929 1694 972 1721 des
989 1703 1035 1722 ms.
1049 1695 1081 1721 de
1098 1695 1124 1721 la
1142 1694 1314 1728 bibliotheque
1330 1694 1362 1721 de
1372 1695 1508 1721 l'Arsenal
1520 1694 1604 1721 1128.
1674 1694 1702 1728 4)
1717 1693 1758 1726 Of.
1772 1692 1853 1720 Gata-

194 1747 270 1780 loque
288 1745 334 1772 des
347 1754 393 1772 ms.
406 1745 438 1772 de
456 1746 484 1772 la
497 1745 667 1779 bibliotheque
679 1745 822 1772 Mazarine
840 1746 926 1773 1226.
997 1747 1024 1779 5)
1045 1745 1086 1779 Cf.
1104 1746 1181 1772 Galei
1197 1746 1339 1773 editionem
1354 1747 1399 1779 fol.
1412 1748 1445 1779 §§
1456 1750 1498 1774 3⁶.
1567 1747 1595 1779 6)
1614 1746 1688 1773 Erat
1705 1745 1732 1773 S.
1744 1745 1854 1772 Mariae

194 1798 299 1825 ecclesia
319 1797 489 1832 fflmpendii,
516 1797 662 1831 Lauduni,
684 1797 884 1830 Suesswnibus,
909 1796 1036 1830 Tornaci,
1059 1797 1121 1823 aliis
1139 1797 1218 1830 locis,·
1240 1806 1259 1823 a
1271 1797 1396 1824 Iohanne
1412 1805 1480 1831 quae
1497 1797 1675 1831 significetur,
1691 1804 1749 1822 non
1766 1795 1853 1830 liquet.

195 1851 221 1881 7)
241 1850 282 1883 Cf.
302 1850 430 1877 Nasmith
461 1850 578 1884 Cataloq.
597 1850 724 1876 librorum
749 1858 815 1883 quos
842 1849 946 1883 colleqio
970 1857 1039 1883 corp.
1060 1849 1161 1876 Christi
1181 1849 1212 1875 in
1234 1849 1370 1876 academia
1398 1848 1611 1883 Cantabriam
1633 1848 1729 1883 leyavit
1752 1846 1855 1874 Purher

196 1902 383 1936 Cantabriqiae
396 1905 458 1928 1777
465 1910 526 1936 pay.
544 1905 677 1929 297—299
695 1904 719 1928 et
737 1901 774 1929 N.
787 1902 821 1928 A.
836 1902 885 1928 IV
894 1905 949 1929 533.
981 1901 1103 1928 Donavit
1115 1901 1227 1928 codicem
1245 1901 1352 1935 oolleqio
1369 1901 1525 1928 aliDaniel
1537 1900 1674 1935 Roym'us,
1692 1908 1715 1927 v.
1736 1899 1852 1934 antam.

194 1955 287 1981 libror.
305 1961 441 1980 manuscr.
460 1953 490 1979 in
508 1953 660 1980 bibliotheca
679 1953 781 1988 collegii
798 1961 867 1987 corp.
890 1953 991 1980 Chai-sti
1008 1953 1039 1980 in
1061 1953 1233 1988 Cantabriyia
1246 1953 1367 1980 Lambini
1379 1957 1442 1980 1722
1454 1962 1519 1988 paq.
1530 1956 1582 1980 110.
1618 1952 1700 1979 Folio
1716 1955 1733 1979 2
1749 1951 1854 1978 saeculo

194 2014 266 2032 nono
283 2005 434 2039 adscriptus
452 2007 488 2031 est
506 2013 595 2031 versus
611 2005 654 2031 hic
670 2013 828 2032 recurrens:

742 2056 809 2084 Esse
831 2057 899 2084 sitas
917 2057 966 2084 olli
985 2057 1064 2084 sedes
1082 2057 1132 2084 illo
1151 2057 1219 2084 satis
1238 2065 1310 2089 esse3

191 2112 253 2143 post
271 2108 404 2136 Iohannis
421 2116 536 2141 carmen,
553 2108 624 2142 quod
643 2111 734 2135 tamen
752 2109 885 2143 inteqrum
901 2117 954 2136 esse
971 2108 1084 2143 vidam,
1103 2109 1175 2136 bimio
1193 2109 1300 2136 excisus
1317 2111 1362 2136 est.
1451 2109 1480 2143 8)
1498 2109 1540 2136 De
1557 2108 1704 2136 Hincmari
1721 2107 1856 2143 epitaphio

195 2161 283 2196 (apud
300 2169 349 2187 rws
364 2160 404 2194 X)
424 2168 492 2194 quae
509 2161 658 2187 necessaria
680 2163 744 2187 sant
766 2161 915 2194 afferentur
937 2162 968 2188 in
986 2164 1131 2196 amaram.
1168 2161 1276 2194 Restat,
1293 2164 1325 2188 ut
1343 2161 1375 2188 de
1394 2161 1526 2187 Iohannis
1544 2169 1613 2194 quae
1635 2162 1766 2188 vocantur
1783 2159 1855 2186 Into

193 2213 326 2248 mimantis
344 2213 469 2246 (disticha
486 2215 551 2239 sunt
570 2216 635 2246 249,
655 2212 750 2246 quibas
770 2212 860 2239 Ovidii
878 2212 1102 2247 Metamorphoses
1120 2212 1256 2247 alleyom'ee
1275 2212 1459 2246 explicantum·
1483 2211 1617 2246 incipiunt
1634 2220 1737 2247 parvus
1755 2210 1854 2237 maiori

196 2267 277 2300 paret
296 2265 432 2299 veloxque
451 2264 554 2298 viator)
574 2264 683 2291 breviter
700 2264 796 2298 dicam,
814 2263 881 2298 quid
900 2264 1021 2291 sentiam.
1053 2264 1080 2290 A
1094 2263 1214 2290 Iohanne
1226 2264 1312 2291 Scotto
1329 2272 1360 2291 ea
1373 2264 1520 2299 compos-ita
1539 2271 1592 2291 esse
1604 2264 1663 2293 lica
1673 2262 1858 2290 mamea-it

198 2317 282 2344 Gasto
296 2317 387 2350 Paris,
406 2316 446 2342 vir
463 2317 542 2343 etiam
559 2316 658 2342 harum
679 2324 771 2343 rerum
785 2316 966 2350 peritissimus
983 2316 1028 2349 (cf.
1043 2315 1164 2342 Histoire
1177 2316 1304 2343 litteraire
1315 2316 1348 2343 de
1361 2317 1389 2342 la
1403 2315 1515 2343 France
1528 2315 1640 2342 XXIX
1650 2318 1709 2349 504,
1725 2317 1783 2348 512,
1796 2318 1854 2348 516,

196 2369 230 2395 L.
244 2369 331 2395 Sudre
357 2368 443 2395 Om'dii
469 2368 716 2402 Metamorphoseon
741 2369 821 2395 libros
847 2368 979 2402 quomodo
1003 2370 1135 2394 nostrates
1158 2367 1240 2394 medii
1262 2367 1319 2394 aeci
1338 2370 1435 2402 poetae
1457 2367 1554 2394 imitati
1576 2366 1632 2394 sint
1654 2365 1770 2393 Parisiis
1790 2368 1856 2393 1893

193 2429 254 2454 pay.
269 2423 331 2453 108,
350 2419 467 2446 Ehwald
489 2420 520 2445 in
538 2420 607 2446 Berl.
627 2419 755 2454 Philoloq.
776 2420 987 2453 Wochensdzritt
1005 2423 1071 2447 1893
1092 2428 1155 2455 pay.
1169 2421 1254 2454 1169),
1281 2420 1346 2447 mihi
1366 2423 1458 2447 tamen
1474 2420 1576 2446 saeculo
1593 2419 1691 2446 decimo
1707 2418 1783 2445 tertio
1800 2425 1857 2444 non

197 2472 321 2499 videntum
343 2472 506 2506 antiquiora.
547 2471 687 2498 Codicibus
711 2481 730 2498 a
753 2472 873 2499 Gastone
893 2472 976 2499 Paris
999 2472 1207 2499 commemoratis
1236 2471 1379 2498 addendus
1402 2474 1440 2498 est
1461 2471 1601 2498 Leidensis
1618 2470 1738 2497 Vossian.
1759 2472 1808 2498 oct.
1823 2473 1856 2496 46

196 2532 261 2551 saec.
276 2524 354 2550 XIV
368 2525 483 2558 scriptus
506 2525 552 2557 (cf.
572 2524 608 2551 N.
628 2525 661 2551 A.
681 2525 729 2551 IV
738 2527 808 2558 249),
835 2524 1070 2559 Gantabriyiensis
1094 2524 1120 2551 S.
1140 2524 1216 2551 Petri
1234 2527 1267 2551 12
1289 2523 1427 2557 (Bernard
1445 2523 1563 2558 Gataloy.
1585 2523 1675 2550 libror.
1693 2521 1809 2556 Angliae
1831 2523 1856 2548 et

196 2576 343 2603 Hiberniae
363 2576 382 2602 I
389 2579 405 2602 3
418 2584 481 2610 pay.
498 2580 550 2609 147,
574 2577 608 2609 cf.
632 2577 776 2604 Tannerus
795 2577 919 2604 Biblioth.
941 2576 1241 2604 Britannico-Hiberis.
1263 2585 1326 2610 pay.
1341 2577 1412 2610 434),
1431 2575 1601 2610 Diybeianus
1619 2578 1668 2602 104
1691 2582 1756 2601 saec.
1777 2573 1862 2600 XIH

198 2627 234 2654 in.
254 2627 385 2662 (Cataloy.
404 2627 478 2654 codd.
496 2628 635 2656 Bodleian.
650 2629 699 2655 IX
711 2633 772 2656 122.-
789 2629 988 2663 integumenta.
1005 2629 1156 2656 secundum
1175 2628 1339 2663 magistrum
1358 2628 1415 2655 Ioh.
1435 2628 1604 2662 Anglicum),
1626 2626 1829 2655 Canonicianus
1841 2630 1857 2653 9

197 2680 244 2713 sol.
260 2683 304 2706 152
322 2687 386 2706 saec.
403 2680 481 2706 XIV
495 2680 627 2716 (Cataloy.
646 2681 722 2708 codd.
743 2681 824 2708 Bodl.
839 2682 974 2716 111114),·
992 2681 1230 2715 inleyumentorum
1247 2680 1387 2708 editionem
1404 2690 1422 2707 a
1438 2681 1565 2708 Tannero
1581 2682 1606 2706 a
1621 2679 1723 2706 Thema
1743 2678 1856 2705 Warton

198 2731 339 2758 laudatam
358 2731 488 2764 (Parisiis
507 2736 570 2759 1509
587 2733 626 2759 vel
644 2737 704 2760 1599
718 2732 840 2767 prodisse
857 2733 970 2768 dicitur)
987 2741 1043 2759 non
1060 2733 1122 2760 vidi.
