2040 2996
735 130 890 158 EGLOGA.
919 132 968 158 AD
987 133 1179 162 WARINUM.
1735 145 1770 174 51

624 166 643 184 ,ἱ

492 216 571 248 Vita
593 217 748 258 perennis
771 221 858 258 ovat,
882 218 1038 250 virtutum
1062 230 1186 262 pascua
1210 222 1342 256 florent:

492 267 672 310 Angelicae
695 269 901 310 gratulantur
923 280 1014 311 oves,
1036 272 1192 304 caelestia
1215 279 1369 310 vernant:

396 326 434 346 ¹⁶⁵
495 319 626 352 Premia
648 320 819 362 perpetuis
841 321 1012 353 firmantur
1034 322 1175 366 denique
1199 325 1305 366 donis,

491 371 586 408 Quod
609 371 691 404 deus
715 383 846 416 semper
865 373 959 405 adest
981 385 1129 417 presens,
1154 381 1341 410 reserantur
1359 380 1468 422 opima

490 423 585 455 Inter
602 423 802 467 apostolicas
825 425 1151 469 patriarcharumque
1175 428 1341 468 cohortes3

492 475 604 519 Spirat
625 475 706 508 odor
728 486 826 518 quam
849 476 956 509 dulcis
980 479 1113 511 suavior
1136 481 1286 513 omnibus
1309 482 1436 519 herbis;

490 527 648 570 Martyrio
673 527 868 570 splendente
891 529 990 561 choro
1014 541 1167 568 muscosa
1189 536 1374 575 patescunt;

395 585 434 606 ¹¹⁰
491 578 608 611 castra
629 579 863 622 prophetarum
888 580 1038 613 redolent
1061 582 1243 616 dulcedinis
1267 590 1377 621 austu:

491 623 640 663 Candida
662 631 810 673 virgineo
833 632 1016 664 flavescunt
1038 635 1168 676 agmina
1192 636 1288 669 flore:

491 683 612 727 qunia
632 683 866 715 concelebrant
888 684 968 716 inibi
991 686 1046 727 pia
1069 687 1189 728 gaudia
1212 689 1334 730 passim

417 736 440 739 ²
470 727 535 768 'Et
557 738 711 768 resonant
734 745 848 767 omnes
872 747 938 768 uno
961 737 1002 769 de
1027 738 1124 770 corde
1148 743 1303 772 canentes

489 787 664 819 Mellifluas
687 797 788 820 voces
811 788 844 820 in
867 788 947 820 talia
971 790 1115 822 carmine
1139 791 1296 833 quisque)

394 846 431 865 1⁷⁵
489 838 623 870 ‘Desine
646 837 762 882 plura',
787 850 878 871 soror
899 843 978 879 tum,
1002 841 1138 880 ‘mater',
1161 843 1206 874 ait
1228 842 1400 883 Galathea,
1703 856 1769 877 GAL.

489 890 567 922 ‘Ista
589 890 721 933 quidem
744 891 890 934 inspecta
912 892 1029 924 melius
1052 895 1120 925 tum
1143 894 1227 926 forte
1252 905 1415 937 canemus,

490 942 573 975 Cum
595 942 778 986 paradysus
800 953 901 975 ovans
925 944 1021 976 nobis
1045 955 1173 988 quoque
1197 949 1284 978 sorte
1307 948 1433 980 virebit.

489 994 635 1026 Actenus
657 1005 810 1037 agrorum
833 995 930 1027 flores
954 999 988 1028 et
1010 996 1078 1028 lilia
1102 1007 1210 1040 carpe,

488 1045 604 1078 Donec
626 1046 826 1079 alleluiatica
848 1047 970 1079 circum
993 1047 1114 1090 gaudia
1137 1049 1285 1081 stridant.

392 1104 430 1124 ¹⁸⁰
489 1097 616 1140 Sparge
640 1098 725 1130 viam
750 1098 857 1138 violis,
881 1099 1037 1131 virtutum
1062 1100 1193 1132 floribus
1218 1112 1338 1142 arvam,

486 1148 590 1191 Pinge
614 1149 697 1181 rosis
721 1150 848 1189 callem,
872 1150 992 1193 plateis
1016 1151 1085 1183 lilia
1108 1151 1238 1184 sterne?

926 1305 971 1339 11.

122 1366 189 1403 AD
211 1365 448 1402 WARINUM
472 1365 803 1405 CORBEIENSEM
830 1369 1062 1406 ABBATEM
1089 1370 1150 1406 DE
1175 1370 1284 1408 FIDE
1311 1372 1398 1408 SPE
1424 1373 1485 1409 ET
1512 1373 1768 1411 CARITATE.

487 1441 636 1486 Rumpe,
660 1442 814 1483 Camena,
837 1454 954 1484 moras,
978 1445 1132 1477 virtutum
1157 1445 1270 1478 federa
1292 1457 1410 1489 pange,

486 1494 548 1526 Ad
571 1495 635 1527 celi
656 1494 819 1528 thalamos
842 1506 907 1538 quo
930 1497 1055 1539 possim
1079 1497 1237 1529 scandere
1260 1509 1389 1541 perpes,

487 1545 567 1587 Dic,
590 1547 679 1579 nivei
702 1547 799 1580 flores
822 1558 885 1590 quo
909 1551 1045 1580 vernant
1069 1549 1194 1591 cespite
1217 1549 1316 1588 fosso,

485 1597 733 1641 Bucolicosque
756 1599 904 1642 relinque
927 1599 1031 1639 favos,
1055 1600 1210 1632 sublimia
1232 1611 1339 1644 carpe.

418 1657 429 1675 ⁵
486 1648 668 1692 Excipiam
692 1650 779 1683 vitae
801 1651 908 1683 fontes
932 1652 1059 1694 aperire
1083 1652 1239 1692 calentes,

487 1700 608 1735 Rauca
630 1702 708 1735 licet
730 1703 840 1745 pueris
864 1704 1001 1735 celestia
1023 1714 1160 1742 munera
1182 1704 1334 1747 pandam.

486 1752 578 1785 Tres
601 1756 689 1797 sunt,
709 1761 794 1796 qnae
818 1754 952 1787 veniunt
973 1765 1038 1786 uno
1062 1755 1104 1788 de
1127 1755 1228 1796 fonte,
1252 1767 1391 1797 sorores,

485 1803 654 1847 virgineo
676 1815 802 1847 gressu,
826 1805 950 1837 Christi
973 1806 1014 1838 de
1038 1807 1198 1849 sanguine
1221 1808 1319 1841 lotae.

486 1855 558 1888 Sed
583 1855 711 1889 Caritas
734 1857 848 1889 harum
871 1861 923 1890 est
947 1858 1073 1891 cunctis
1096 1859 1276 1901 precelsior
1297 1863 1393 1899 unas

404 1915 429 1934 ¹⁰
485 1907 608 1941 Laude
629 1908 731 1941 Fides
754 1908 854 1952 digna
878 1910 1031 1942 virtutum
1056 1921 1183 1942 summa
1206 1911 1369 1953 gubernat

485 1960 538 1992 Et
560 1961 643 2004 petit
664 1971 756 1993 arma
778 1961 877 2004 prior,
903 1962 1004 1994 sancti
1027 1962 1144 2004 quibus
1169 1963 1277 1995 omnia
1299 1964 1442 2003 vincunt,

485 2011 597 2054 Virgo
620 2012 719 2045 beata
742 2012 805 2045 Dei
830 2013 914 2056 Spes
939 2014 1042 2046 tendit
1065 2014 1106 2046 ad
1130 2014 1233 2047 ardua
1255 2026 1413 2058 gressum,

486 2063 534 2095 In
558 2064 638 2096 solio
662 2064 833 2104 recubans,
859 2064 980 2097 Christi
1003 2065 1180 2098 munimine
1204 2069 1284 2099 tuta.

484 2113 576 2147 'l'res
599 2115 683 2148 istae
706 2119 842 2148 nectunt
865 2116 1018 2148 virtutum
1042 2117 1157 2149 federa
1180 2127 1340 2160 quaeque,

404 2174 428 2193 ¹⁵
485 2166 547 2199 Ad
570 2167 633 2200 celi
655 2167 817 2200 thalamos
841 2169 983 2200 animam
1007 2169 1226 2202 conscendere
1251 2174 1380 2211 cogunt.

223 2279 274 2307 168
291 2288 336 2315 per
348 2281 466 2315 hempuis
483 2281 508 2306 A
584 2279 634 2306 164
652 2281 775 2315 Angelice
793 2281 841 2306 ΡΑ
920 2282 969 2308 166
987 2283 1128 2308 reserantur
1145 2282 1166 2307 P
1246 2281 1294 2308 167
1312 2283 1462 2316 apostolicos
1476 2284 1500 2309 P
1578 2282 1627 2309 168
1645 2283 1731 2316 spii-ati
1745 2282 1769 2307 P

121 2322 172 2350 1OE
197 2325 327 2358 Har-tyrso
348 2324 372 2350 A
496 2323 547 2350 170
572 2325 668 2351 haustu
690 2325 742 2350 AB
862 2325 911 2351 172
937 2326 1117 2362 concelebrant
1140 2326 1164 2350 P
1284 2325 1333 2351 173
1360 2330 1480 2352 canentes
1504 2326 1562 2359 PB]
1589 2330 1720 2352 manantes
1743 2326 1766 2350 A

121 2365 172 2392 174
193 2367 220 2392 in
243 2365 276 2400 P]
301 2368 362 2393 hinc
386 2367 437 2393 AB
573 2367 623 2393 175
644 2366 695 2393 *tn
714 2368 789 2393 PAB
872 2368 931 2402 gaii
954 2369 979 2393 P
1003 2369 1069 2394 m'lztc
1087 2369 1110 2393 A
1234 2367 1283 2394 177
1307 2377 1353 2394 cur
1379 2368 1404 2393 P
1520 2369 1569 2395 178
1593 2370 1718 2395 hactenus
1743 2369 1767 2393 A

120 2409 172 2436 179
193 2410 339 2437 ultimum
356 2410 380 2436 Α
446 2410 547 2437 *ridant
564 2411 615 2436 AB
637 2412 723 2445 rigant
746 2419 814 2437 corr.
838 2412 921 2437 ridant
940 2412 964 2436 P
1050 2411 1100 2436 180
1116 2420 1178 2437 arva
1196 2411 1221 2436 P

223 2452 279 2487 [IL]
299 2453 493 2487 [nm-ipsam
507 2455 628 2487 praefici,
646 2455 714 2481 decet
732 2456 758 2480 in
772 2454 804 2479 B'
867 2455 884 2480 5
902 2455 955 2480 vite
968 2455 1000 2479 13⁴
1062 2453 1077 2479 7
1096 2463 1146 2487 que
1158 2454 1191 2479 13¹
1254 2453 1271 2478 8
1289 2455 1338 2480 lots
1350 2454 1383 2479 B‘
1446 2454 1478 2480 14
1496 2455 1543 2480 istc
1555 2455 1588 2480 B'
1623 2463 1723 2487 queque
1735 2454 1768 2478 1³¹

223 2537 274 2564 170
292 2537 348 2571 Ofr.
360 2546 382 2565 υ.
397 2538 455 2566 148.
534 2539 584 2566 172
602 2538 677 2566 For-t.
691 2538 720 2566 C.
738 2538 820 2572 VIII,
833 2539 859 2571 4,
872 2539 906 2566 34
924 2539 1033 2566 Gaudia
1052 2541 1187 2574 perpetuo
1208 2539 1400 2566 concelebrare
1418 2539 1510 2566 choro.
1590 2539 1640 2566 175
1657 2548 1692 2572 sq,
1707 2539 1767 2566 Ed.

120 2582 178 2618 IX,
189 2585 224 2611 66
236 2592 273 2618 αι.
282 2584 384 2612 Desine
395 2585 485 2620 plura,
498 2595 568 2621 puer
578 2608 584 2614 .
595 2607 602 2614 .
613 2607 619 2613 .
631 2587 635 2621 Ι
648 2586 774 2615 carmina
786 2588 846 2614 tum
864 2586 972 2618 melius,
991 2595 1053 2614 cum
1067 2586 1174 2613 venerit
1188 2586 1247 2620 ipse
1259 2595 1399 2613 canamus.
1474 2586 1522 2613 177
1538 2586 1591 2619 Gsr.
1604 2586 1648 2613 ecl.
1661 2586 1723 2619 VII,
1734 2587 1767 2612 59

118 2639 217 2659 nemus
235 2640 316 2659 omne
335 2632 446 2661 virebit.
517 2634 568 2661 180
585 2633 640 2667 Grr.
659 2643 681 2661 r.
693 2635 719 2662 3.

223 2683 279 2718 [11.1
299 2685 311 2711 1
336 2684 445 2720 Rumpe
466 2694 557 2713 moras
581 2694 602 2713 e.
618 2695 642 2721 9.
663 2687 730 2713 Aen.
747 2685 804 2719 IX,
831 2686 871 2713 13.
964 2686 982 2712 2
1008 2685 1060 2718 CYr.
1079 2685 1165 2712 Raab.
1187 2693 1210 2712 c.
1231 2685 1253 2719 Ι,
1273 2685 1331 2712 150.
1423 2685 1440 2711 5
1464 2685 1519 2718 Csr.
1538 2684 1622 2712 Radb.
1640 2693 1660 2712 ι’,
1680 2685 1703 2718 I,
1727 2685 1767 2712 12.

118 2731 136 2758 6
155 2730 236 2764 Pueri
254 2731 353 2759 firm
368 2734 435 2759 nm!
451 2732 500 2765 ᾤ’.
511 2733 542 2760 de
557 2741 613 2760 oar.
630 2733 688 2768 epil.
780 2734 811 2759 1⁴2
830 2731 918 2759 Sahal.
932 2732 954 2766 I,
967 2727 1019 2759 335
1037 2733 1160 2767 Spesque
1180 2732 1315 2766 Fidesque
1333 2740 1425 2759 meum
1444 2732 1613 2759 comitantur
1630 2731 1659 2758 in
1681 2732 1767 2758 ardua

119 2786 252 2813 gressum.
270 2778 344 2806 Fon.
361 2779 392 2807 V.
407 2779 446 2808 M
461 2781 530 2815 prol.
547 2781 582 2808 29
599 2781 725 2809 Tendere
745 2801 768 2808 ..
787 2789 870 2815 cogor
888 2779 924 2807 ad
942 2780 1028 2807 ardua
1046 2789 1178 2814 gressum.
1268 2781 1300 2806 15
1321 2779 1377 2812 Cfr.
1396 2787 1418 2805 v.
1431 2779 1454 2806 2.

1523 2826 1559 2853 7ss
