2040 2996
613 168 631 190 ‘s
783 141 892 170 LIBER
910 143 1106 171 SECUNDUS.
1723 150 1763 180 33

481 227 543 260 Ille
566 228 672 270 liquor
694 228 803 271 duplis
827 229 945 261 iterum
968 234 1173 263 remeaverat
1196 231 1299 270 undis,

481 279 600 311 Dulcia
621 283 730 312 musta
753 281 885 313 madent
907 292 1030 324 perque
1054 286 1087 314 et
1111 293 1170 314 sua
1190 285 1324 316 vascula
1346 290 1505 318 crescunt.

386 338 423 356 ³1⁵
483 331 554 363 Nec
578 332 730 364 claustris
753 336 908 365 contenta
931 334 1008 374 suis,
1031 334 1096 366 iam
1120 335 1196 366 vina
1219 346 1278 378 per
1300 347 1377 369 arva

482 383 592 426 Larga
614 383 728 422 fluunt,
751 384 828 416 rivis
852 385 984 427 planum
1008 386 1133 418 maduit
1156 388 1391 429 pavimentum:

483 434 626 468 Additur
648 439 682 468 et
703 436 820 479 singno
844 437 984 479 signum,
1007 438 1164 470 miracula
1186 439 1287 472 miris.

481 486 563 519 Inde
585 490 700 530 petunt
722 488 830 520 vicum
853 489 959 521 veloci
982 490 1065 521 calle
1090 490 1216 530 viando,

481 539 587 576 Quem
610 540 704 572 iuxta
726 541 845 572 fluvius
863 544 962 573 'vasto
986 542 1046 573 sub
1070 543 1199 584 gurgite
1223 547 1342 577 tranat.

385 598 424 617 ³²⁰
481 591 578 624 Hunc
601 591 681 624 adiit
702 593 835 624 fluvium
859 593 1042 634 gaudenter
1064 594 1160 626 turba
1182 595 1354 637 pedestris,

481 643 667 685 (vincenna
690 646 723 676 et
745 644 863 676 fluvius
886 645 1056 685 vocitatur,
1080 646 1233 679 Sannona
1255 648 1374 690 vicus):

481 694 704 737 Ecceminax
727 696 847 728 tumuit
869 699 968 728 vento
991 697 1150 729 stridente
1178 700 1322 741 procella

463 742 533 779 ‘Ac
555 757 616 790 per
638 750 733 790 terga
754 747 830 780 freti
853 748 944 780 furiis
967 749 1092 790 agitata
1115 751 1266 789 cucurrit,

482 798 646 831 Turbidus
669 803 703 831 et
724 803 844 842 pontus
868 800 964 832 undis
988 801 1156 833 incanduit
1178 803 1268 837 atris.

386 856 425 875 ³2⁵
482 850 591 883 Aures
614 850 656 883 ad
680 861 815 894 superas
838 851 965 883 Nothus
989 853 1142 884 volvebat
1163 864 1289 894 arenas,

481 901 551 934 Nec
574 902 664 934 iteris
687 903 827 945 spatium
850 904 956 946 patuit
978 915 1039 936 nec
1063 908 1141 946 apta
1164 905 1283 937 carinis

482 954 652 986 Fluctibus
676 955 709 986 in
733 954 848 986 mediis
873 955 935 987 via.
974 955 1110 988 Navita:
1135 956 1307 997 ‘Oernitis',
1330 958 1442 1000 inquid

481 1006 651 1038 ‘Personat
672 1017 691 1038 e
715 1007 857 1049 speculis
881 1007 1013 1049 (magno
1038 1019 1074 1040 se
1097 1019 1260 1041 murmure
1283 1009 1422 1042 miscent

481 1057 525 1090 Et
547 1058 647 1098 venti,
670 1055 856 1101 pariterque
879 1062 998 1102 parant
1020 1060 1195 1102 confligere
1218 1061 1293 1093 telis

386 1117 424 1136 ³³⁰
482 1109 586 1152 Inque
610 1110 716 1143 vicem
738 1111 856 1153 pugnis
880 1111 1081 1144 contendunt
1103 1112 1211 1145 Eurus
1235 1117 1269 1145 et
1291 1113 1438 1155 Auster),

483 1161 649 1194 Montibus
673 1173 691 1194 e
715 1162 851 1194 summis
874 1162 1034 1195 undarum
1057 1168 1213 1207 personat
1236 1165 1330 1198 echo.

481 1213 543 1246 His
564 1213 643 1257 ripis
665 1214 767 1246 satius
791 1214 940 1257 rapidum
965 1225 1162 1258 conpescere
1186 1227 1344 1259 gressum,

483 1265 588 1302 Quam
611 1265 744 1298 tumidis
767 1267 844 1298 navi
866 1267 970 1299 fracta
993 1267 1199 1310 submergier
1221 1268 1330 1300 undis:

482 1317 630 1350 Tandem
653 1317 794 1350 desinite
817 1318 925 1350 infidis
949 1329 1007 1351 vos
1032 1319 1168 1352 credere
1190 1320 1317 1353 ventis’.

387 1375 424 1395 ³³⁵
483 1369 528 1402 At
549 1372 646 1412 pater
667 1370 865 1413 intrepidus,
889 1380 996 1403 rerum
1020 1371 1072 1403 cui
1095 1370 1220 1403 credita
1242 1382 1321 1404 cura
1343 1376 1406 1405 est:

484 1421 587 1454 ‘Haec
611 1421 696 1455 vada
717 1432 836 1465 nempe
859 1422 941 1455 deus
965 1423 1086 1466 poterit
1108 1424 1329 1467 conpescere',
1353 1424 1445 1465 dixit,

483 1473 558 1511 ‘Qui
581 1473 744 1517 quondam
766 1475 858 1517 ponti
880 1475 1034 1507 minitans
1058 1476 1262 1518 confregerat
1284 1477 1382 1508 iram:

483 1525 565 1564 “Tu,
589 1537 690 1566 mare,
713 1526 794 1559 cede
817 1527 888 1559 loco
913 1527 1092 1570 tumidique
1115 1528 1261 1560 silescite
1284 1527 1395 1560 venti'’
1413 1547 1454 1552 -—

483 1578 597 1611 Prisca
618 1579 714 1621 quies
737 1577 844 1619 rediit,
869 1579 1008 1611 cessavit
1031 1580 1142 1612 cerula
1164 1580 1267 1622 ponti.

387 1639 426 1659 ³⁴⁰
484 1632 561 1676 Ipse
584 1632 683 1664 etiam
706 1632 826 1675 poterit
849 1635 1031 1664 commotos
1055 1635 1203 1664 sternere
1226 1632 1359 1663 fluctus:

482 1684 623 1727 Mei-gite
646 1683 785 1716 fidentes
809 1684 954 1727 puppim,
978 1683 1160 1716 submittite
1183 1683 1323 1726 corpus'.

484 1736 546 1768 His
569 1736 672 1779 gestis
694 1735 846 1768 cecidere
869 1736 977 1768 minae
1000 1735 1201 1778 turbansque
1225 1731 1379 1778 procella,

483 1788 612 1820 Inmitis
634 1797 793 1820 conversa
816 1787 848 1819 in
872 1787 983 1819 mitem
1007 1787 1130 1830 limpha
1152 1787 1286 1829 quievit.

485 1839 559 1871 Huc
582 1839 700 1872 mulier
722 1839 897 1882 peregrina
920 1849 980 1870 suo
1003 1849 1075 1870 cum
1099 1838 1236 1881 pignore
1260 1849 1356 1871 caeco

388 1899 425 1918 ³⁴⁵
483 1891 636 1924 Accessit
658 1891 792 1934 cupiens
814 1895 891 1923 nato
915 1894 1049 1934 captare
1073 1890 1223 1925 salutem,

485 1942 643 1975 Excubiis
666 1943 885 1986 precibusque
909 1943 1016 1981 simul,
1040 1953 1103 1984 quo
1127 1945 1223 1974 nocte
1247 1942 1307 1974 sub
1330 1943 1401 1985 ipsa

484 1994 638 2038 Martyris
662 1994 791 2027 almifici
815 1994 1013 2027 medicantia
1035 1994 1182 2042 membra
1204 1995 1364 2036 quierunt,

483 2047 701 2079 Pernoctans:
732 2046 826 2078 solita
850 2050 1036 2078 remearunt
1058 2045 1145 2077 dona
1168 2046 1289 2083 salute;

486 2098 604 2140 Sicque
627 2097 683 2130 diu
706 2098 837 2130 clausae
862 2100 1050 2129 reserantur
1071 2097 1175 2129 fronte
1198 2097 1373 2136 fenestrae,

389 2158 428 2176 Μ
486 2149 624 2182 Exultat
647 2150 798 2192 genetrix
822 2149 920 2181 tantis
945 2149 1050 2181 ditata
1073 2148 1221 2182 medelis.

220 2270 272 2297 314
291 2272 411 2298 mandent
431 2273 454 2297 G
471 2281 538 2298 corr.
558 2272 582 2297 P
659 2271 712 2298 315
729 2272 796 2298 ‘una
817 2274 840 2297 G
921 2271 972 2297 316
991 2273 1132 2305 pauimtum
1151 2277 1173 2301 R.
1191 2271 1214 2296 G
1295 2270 1344 2296 321
1365 2270 1568 2297 *sannuuavicus
1591 2274 1613 2297 G
1637 2274 1764 2297 §annona—

119 2335 176 2362 vitu
195 2335 256 2361 PP¹
326 2335 378 2362 322
395 2336 487 2362 *uento
506 2338 529 2362 (ι’
597 2336 647 2362 327
667 2315 749 2362 ‘uadi-m
768 2338 821 2363 uita
840 2337 944 2362 comitis
959 2338 981 2361 G
1049 2335 1099 2361 337
1118 2335 1259 2361 *mundans
1276 2335 1299 2360 G
1317 2337 1366 2368 cfr.
1379 2336 1463 2361 Marc.
1476 2335 1500 2367 4,
1513 2336 1547 2361 39
1617 2336 1667 2361 339
1685 2336 1765 2361 nolim

117 2379 234 2411 nonique
255 2385 398 2411 censuum,
419 2380 465 2406 aad
485 2380 584 2411 cerula,
608 2388 650 2406 -ae
675 2380 743 2406 adde
766 2380 939 2413 nwtaplaemu's
956 2389 983 2412 p.
999 2378 1015 2403 3
1032 2379 1093 2404 adn.
1109 2378 1126 2403 3
1229 2377 1281 2403 340
1302 2379 1392 2404 fluctos
1413 2379 1436 2404 G
1537 2378 1586 2404 341
1608 2378 1721 2412 *pergite
1743 2379 1765 2404 G

117 2418 170 2447 849
190 2422 277 2448 chuno
297 2423 320 2448 G
502 2434 504 2437 v
968 2449 978 2458 α
1005 2426 1008 2427 ’

221 2481 271 2508 314
290 2481 338 2508 Ge.
358 2481 381 2514 I,
397 2482 450 2508 295
472 2481 562 2508 dulcis
580 2481 672 2508 musti.
781 2481 832 2506 316
853 2481 899 2512 cl'r.
916 2480 960 2506 (ie.
981 2479 1005 2512 1,
1025 2480 1084 2505 132.
1190 2479 1242 2504 31⁸
1262 2478 1308 2510 cfr.
1330 2478 1351 2510 I,
1371 2478 1427 2503 153.
1535 2478 1585 2504 319
1603 2478 1651 2510 cfr.
1665 2478 1688 2511 Ι1
1707 2479 1765 2505 502.

117 2531 170 2559 ³20
178 2532 228 2566 err.
241 2533 279 2566 IL
291 2533 351 2560 202.
432 2534 481 2560 321
496 2533 622 2560 Bolland.
635 2533 651 2559 1.
663 2541 684 2559 c.
697 2533 749 2559 484
757 2540 796 2566 qq.
822 2532 830 2546 ‘
839 2531 955 2565 Viyenma
965 2531 1064 2564 title-ius
1077 2530 1119 2563 (in
1131 2532 1202 2555 textu
1218 2528 1331 2554 hcwctnm-
1341 2528 1496 2562 Viucenna)
1511 2528 1611 2555 Gallice
1624 2530 1652 2555 la
1667 2529 1766 2556 Vienna

117 2582 205 2610 mur
221 2582 252 2610 in
269 2583 445 2610 Leunoi-ieme·
460 2583 568 2611 Galliae
581 2591 654 2617 prov.
673 2584 808 2617 fluensque
823 2590 870 2615 per
884 2581 1074 2608 Pictaviemem
1091 2580 1219 2607 ducatum
1236 2579 1342 2606 tandem
1359 2579 1389 2606 in
1408 2579 1526 2613 Ligerim
1539 2601 1544 2606 .
1557 2601 1562 2606 .
1574 2600 1579 2606 .
1593 2588 1619 2606 se
1635 2582 1765 2606 amarat.

125 2633 204 2661 Vm
217 2634 326 2662 nomine
344 2634 462 2662 Samum
478 2635 520 2668 (in
536 2637 623 2662 autu:
642 2635 671 2661 in
690 2635 750 2662 vico
770 2635 900 2661 Sannone
919 2633 1063 2665 vocabulo)
1083 2632 1271 2659 verosimillime
1289 2631 1332 2658 ille
1349 2634 1386 2658 est
1403 2631 1451 2665 qui
1467 2631 1542 2658 hodic
1561 2631 1661 2658 Gallice
1678 2631 1766 2658 Senon

117 2684 218 2713 dieitur
242 2686 340 2720 quique
365 2686 396 2713 in
422 2694 487 2721 aym
510 2686 674 2714 Pictaviensi
699 2686 737 2712 ad
763 2686 933 2719 construentem
958 2685 1098 2718 slzwimwn
1122 2683 1216 2710 clanii
1241 2683 1280 2716 (le
1304 2682 1396 2717 Clam)
1421 2685 1444 2710 d
1468 2683 1599 2716 Viyenncae
1621 2682 1690 2709 situs
1712 2683 1765 2709 eat?

117 2735 171 2764 828
181 2738 249 2764 Aen.
259 2737 315 2771 HL
327 2738 377 2766 331
397 2737 478 2765 furiis
489 2738 622 2773 agitatus.
703 2738 756 2765 324
768 2739 876 2765 Arator.
890 2738 927 2771 II,
943 2737 1009 2764 1072
1027 2737 1122 2771 Rupta
1134 2735 1213 2769 quies
1226 2735 1319 2770 pelagi
1335 2735 1504 2769 tumidisque
1517 2733 1663 2761 incanduit
1675 2733 1765 2761 undis.

118 2787 171 2815 828
186 2788 237 2822 cfr.
249 2788 318 2816 Aen.
328 2789 351 2823 1,
365 2789 424 2817 124.
511 2789 562 2817 339
574 2789 662 2816 Salul.
676 2789 732 2823 ΙΙΙ,
745 2790 796 2816 219
814 2789 864 2816 sub
883 2789 994 2816 caerula
1008 2789 1095 2824 ponti.
1183 2784 1234 2814 343
1250 2787 1298 2820 cfir.
1311 2786 1343 2813 ib.
1356 2787 1381 2821 Ι,
1396 2787 1453 2813 132.
1541 2787 1591 2813 349
1609 2786 1656 2819 οβ’.
1670 2786 1692 2819 I,
1705 2785 1765 2812 423.

221 2837 324 2863 Potui:
342 2845 425 2864 ιΑτιπι
444 2845 502 2864 mavi
520 2839 645 2864 Cimona!
664 2839 708 2864 111.
1542 2834 1559 2860 5
