2040 2996
245 102 307 131 210
811 100 953 128 SEDULII
973 101 1100 128 SCOTTI
1119 101 1287 128 CARMINA
1306 101 1339 128 II.

613 187 700 219 Hinc
725 188 872 230 pretiosa
895 188 1000 220 crucis
1025 188 1077 219 hic
1102 188 1222 220 Christi
1246 189 1353 231 portio
1378 191 1504 230 regnat,

611 240 721 283 Infera
743 251 828 282 quae
853 241 939 277 vicit„
963 241 1119 273 caelestia
1142 251 1309 283 regnaque
1333 241 1463 283 pandit;

542 299 553 316 ⁵
607 292 704 324 Hanc
729 303 817 324 aram
843 292 978 324 decorat
1001 292 1171 334 genitricis
1196 293 1363 335 honorque
1386 292 1510 325 Mariae

612 343 759 385 Virginis
783 344 953 378 altithroni
977 344 1119 387 paradisi
1143 347 1275 387 sceptra
1298 345 1456 382 tenentis;

614 396 735 428 Servat
756 397 971 439 apostolicum
996 396 1097 429 decus
1122 397 1184 429 hoc
1208 397 1312 429 altare
1336 408 1395 440 per
1417 408 1545 437 aevum,

611 448 704 479 Inter
727 458 807 490 quos
832 448 953 480 renitet
975 449 1065 481 Petri
1089 449 1250 492 Paulique
1274 450 1474 492 triumphus;

610 499 810 542 Martyribus
834 500 961 532 cineres
985 501 1134 533 redolent
1158 501 1210 533 hic
1235 504 1322 533 sorte
1348 501 1464 540 beatis,

533 560 556 577 1⁰
610 551 648 583 In
671 551 787 594 quibus
811 555 863 584 est
887 552 1048 595 Stephani
1071 553 1190 585 victrix
1214 564 1252 585 ac
1276 554 1382 596 prima
1405 564 1536 585 corona.

613 603 687 635 Hoc
711 604 815 636 altare
841 615 969 636 sacrum
991 605 1102 636 Rorici
1126 608 1271 648 tempore
1295 606 1383 647 regis

610 656 760 688 Antistes
783 656 904 688 domini
926 656 1111 688 Ratbaldus
1135 657 1274 689 iusserat
1297 668 1370 690 esse

613 708 721 750 Atque
745 708 801 750 pio
826 708 946 740 mentis
970 711 1046 740 voto
1071 708 1144 748 tibi,
1169 709 1313 749 Christe,
1337 709 1467 747 dicavit,

610 760 771 793 Omnibus
794 763 828 793 et
852 761 974 793 sanctis
998 761 1068 793 ficri
1093 760 1226 793 devovit
1249 761 1416 793 honorem.

1020 922 1126 946 XLvnl.

543 977 723 1009 VERSUS
746 977 794 1009 IN
817 976 1010 1014 QUODAM
1034 977 1167 1010 PIOTO
1193 977 1388 1009 SOLARIO
1414 976 1599 1009 SCRIPTI.

610 1038 759 1080 Angelus
783 1041 922 1080 apparet
945 1038 1125 1070 Zachariae
1150 1038 1270 1069 missus
1294 1038 1335 1069 ab
1360 1038 1469 1078 astris,

545 1097 556 1116 2
610 1090 797 1132 Alloquitur
820 1090 958 1122 Mariam
984 1090 1119 1122 Gabriel
1142 1090 1359 1132 archangelus
1383 1090 1513 1121 almam.

545 1149 556 1168 ⁷
611 1141 772 1185 [Angelus
796 1141 916 1173 affatur
939 1141 1060 1173 domini
1085 1141 1287 1183 sabaothquc

1311 1140 1473 1183 Mariam]

544 1201 556 1219 3
610 1193 771 1225 Exultant
795 1193 913 1225 animis
937 1193 1088 1226 Elisabet
1110 1197 1209 1236 atque
1233 1193 1353 1230 Maria;

609 1246 765 1278 Nascitur
788 1245 822 1277 in
846 1245 999 1278 Bethlem
1023 1246 1123 1278 cosmi
1146 1246 1290 1278 salvator

1313 1245 1420 1278 Iesus.

610 1354 768 1386 Messiam
792 1357 904 1386 natum
928 1354 1118 1397 pastoribus
1141 1354 1279 1396 angelus
1303 1353 1419 1396 inquit.

612 1406 746 1450 [Natum
769 1407 833 1439 fert
857 1406 1023 1438 dominum
1046 1406 1234 1449 pastoribus
1257 1406 1345 1438 alma
1368 1405 1522 1449 caterva]

606 1511 694 1543 Ecce
718 1511 804 1553 magi
827 1510 957 1542 domino
980 1511 1056 1542 thus
1080 1511 1170 1550 dant,
1195 1510 1360 1553 symirnan
1385 1513 1417 1542 et
1441 1520 1566 1546 aurum,

546 1362 556 1379 ²)

545 1415 557 1433 8

542 1467 555 1485 6
608 1459 743 1491 Sistitur
767 1459 800 1490 in
825 1459 983 1501 templum
1009 1458 1173 1491 Simeonis
1197 1457 1319 1500 gaudia
1343 1458 1504 1490 Christus.

540 1519 552 1537 9

539 1570 552 1588 0

607 1562 706 1605 [Ecce
730 1562 817 1604 magi
842 1562 969 1594 stellam
993 1563 1111 1603 visunt,
1137 1562 1270 1594 Simeon
1294 1572 1424 1604 quoque
1445 1560 1637 1604 Christum]

608 1614 758 1657 Angelus
782 1614 815 1646 in
839 1614 978 1657 patriam
1002 1625 1082 1656 quos
1106 1614 1169 1646 fert
1193 1625 1252 1656 per
1275 1613 1371 1646 devia
1395 1624 1515 1645 caram.

609 1666 701 1710 [Inde
725 1667 811 1709 magi
834 1667 973 1710 patriam
997 1667 1101 1698 diviso
1125 1666 1207 1698 calle
1230 1664 1400 1708 revisunt.]

605 1775 705 1817 Fugit
727 1775 759 1807 in
782 1774 977 1817 Aegyptum
1001 1774 1133 1816 Ioseph,
1159 1777 1362 1816 puer-atque
1385 1773 1505 1810 Maria;

609 1827 700 1859 Trux
723 1829 820 1859 necat
842 1826 994 1858 Herodes
1018 1826 1159 1858 infantes
1184 1825 1285 1858 caede

1309 1826 1463 1858 beandos.

528 1887 551 1906 1⁵
605 1878 780 1911 praedicat
802 1879 835 1910 in
858 1879 991 1911 heremo
1014 1878 1178 1910 Iohannes
1203 1878 1322 1920 dogma
1346 1878 1479 1911 salutis:

605 1931 738 1974 Agnum
762 1931 974 1974 cunctipatris
1000 1931 1166 1963 Christum
1189 1931 1252 1964 fert
1274 1941 1354 1963 voce
1379 1930 1554 1963 Iohannes.

608 2040 758 2072 Iordanis
782 2040 932 2072 dominus
956 2040 1082 2082 glaucis
1110 2040 1304 2082 intinguitur
1325 2040 1433 2072 undis.

603 2092 725 2124 Vinum
751 2091 884 2133 defecit,
907 2092 982 2124 Iesu
1005 2092 1069 2124 fert
1091 2093 1177 2124 alma
1199 2092 1344 2134 genitrix

605 2145 673 2177 Sex
695 2145 813 2177 latices
836 2145 985 2178 domino:
1010 2146 1077 2178 vini
1102 2145 1313 2188 redolentque
1337 2156 1498 2188 saporem.

524 2206 550 2224 2¹0
603 2197 750 2240 Cephan,
774 2197 939 2230 Andream
964 2197 1105 2230 Messias
1127 2208 1238 2240 puppe
1263 2199 1459 2239 sequestrat.

341 2345 358 2371 8
376 2347 470 2371 retinet
484 2346 506 2371 0
521 2355 588 2371 corr.
607 2346 700 2379 Haupt
791 2346 807 2372 9
830 2347 980 2373 Martiribus
994 2347 1095 2379 panim
1109 2346 1132 2372 0
1254 2344 1362 2379 [uvam]
1381 2346 1421 2371 ed.
1441 2345 1552 2371 Rrerme
1565 2355 1595 2378 p.
1613 2344 1648 2370 62
1666 2354 1701 2378 sq.
1754 2354 1840 2370 ventu
1858 2345 1897 2370 ἰη-

238 2390 346 2422 diyeslos
362 2389 459 2421 parlim
480 2397 537 2414 cum
550 2389 674 2414 Piremzz'o
692 2389 736 2421 qui
754 2389 768 2414 l
787 2389 804 2414 2
823 2389 838 2414 7
856 2389 874 2415 3
891 2388 908 2415 4
925 2389 942 2416 5
959 2389 976 2414 8
994 2388 1011 2414 9
1030 2389 1063 2414 12
1082 2388 1116 2414 10
1135 2383 1173 2414 11μ
1185 2388 1202 2414 6
1221 2388 1254 2414 13
1264 2389 1350 2421 potuit
1362 2389 1529 2414 ονάἰπαυὶἰω
1540 2393 1634 2420 tanton,
1651 2393 1678 2413 ut
1690 2397 1732 2414 eon
1742 2388 1898 2413 occludet-em

238 2441 300 2465 quos
318 2437 394 2465 poeta
411 2436 439 2456 nt
451 2432 618 2457 correctiones
629 2433 743 2465 margini
756 2433 923 2465 adacripoiase
936 2433 1079 2462 videbam&
1096 2433 1145 2465 qfr.
1158 2432 1254 2457 similia
1262 2441 1290 2464 p.
1304 2430 1364 2463 207,
1383 2432 1457 2465 infra
1472 2441 1501 2464 p.
1511 2431 1562 2457 216
1574 2436 1598 2457 ει
1609 2431 1795 2464 discrepantias
1807 2431 1863 2456 eod.
1873 2430 1898 2456 B

239 2475 254 2501 7
273 2474 385 2500 *domini
411 2476 569 2508 sabaothque
587 2484 606 2500 e.
622 2474 659 2508 9.]
683 2484 782 2501 roseam
805 2476 914 2502 elisabet
935 2480 1012 2509 atque
1027 2476 1049 2501 0
1138 2474 1155 2500 4
1172 2474 1316 2500 *bethleem
1331 2475 1354 2500 C
1444 2474 1460 2500 9
1478 2475 1606 2508 syminam
1624 2483 1691 2500 corr.
1706 2474 1729 2499 0
1743 2474 1818 2506 dont,
1836 2474 1898 2499 dant

239 2527 361 2551 smyrnan
374 2518 466 2551 Haupt
546 2517 580 2544 10
590 2527 696 2552 symeon
704 2520 805 2552 panim
822 2520 845 2546 0
922 2519 955 2545 14
966 2520 1028 2545 cede
1042 2519 1064 2545 C
1141 2517 1173 2544 15
1186 2519 1328 2544 ihohannes
1340 2527 1407 2544 corr.
1423 2518 1445 2544 0
1520 2518 1554 2544 20
1566 2517 1687 2551 *Cephnn
1701 2521 1727 2543 et
1736 2517 1865 2543 Androm
1878 2517 1902 2543 C'

240 2562 330 2587 Sedul.
351 2561 542 2587 dissolutionem
560 2570 618 2587 cum
635 2563 702 2588 iusta
715 2563 844 2596 prosodia
859 2563 982 2596 praetulit
1000 2564 1049 2596 cfr.
1069 2562 1148 2594 XXI,
1166 2561 1180 2586 1
1198 2571 1225 2595 p.
1245 2560 1295 2587 187

342 2654 439 2690 [xcvii]
459 2655 476 2681 8
495 2654 549 2687 Cfr.
570 2655 670 2687 XLII,
692 2657 732 2683 10.
827 2657 857 2683 11
883 2656 930 2682 An
954 2655 1073 2683 Roricus
1098 2655 1223 2682 Herioldi
1244 2655 1390 2681 Danorum
1411 2654 1477 2688 myis
1498 2653 1602 2692 fngier?
1629 2654 1661 2680 de
1676 2662 1729 2688 quo
1746 2653 1898 2681 lhoemmler

239 2706 328 2734 Gesch.
349 2706 376 2733 d.
401 2706 482 2739 Ostsr.
508 2706 604 2734 Rm'chs
623 2707 655 2740 I,
678 2708 737 2735 266.
867 2708 976 2742 [xcviii]
1004 2708 1017 2734 1
1044 2706 1136 2734 Sodul.
1157 2714 1178 2733 c.
1197 2715 1228 2740 p.
1246 2706 1276 2740 V,
1299 2707 1351 2733 326
1374 2715 1440 2733 nam
1462 2706 1562 2733 missus
1585 2706 1621 2733 ab
1643 2705 1726 2733 astris
1747 2708 1752 2739 Ι
1771 2705 1895 2740 angelus.

239 2760 270 2786 11
291 2758 345 2792 Usr.
366 2758 456 2785 Sedul.
474 2766 494 2785 c.
508 2766 538 2792 p.
555 2758 597 2792 II,
619 2759 668 2786 103
685 2767 730 2793 sq..
820 2760 853 2786 12
873 2759 929 2792 Gfr.
943 2759 1049 2786 Iuvenc-
1063 2759 1086 2793 I,
1104 2759 1156 2785 288
1173 2766 1218 2793 sq..

1305 2758 1340 2785 20
1359 2757 1412 2792 crr.
1427 2758 1512 2792 XXI,
1527 2759 1551 2786 1.

2014 2678 2037 2768 τ’--εῑυἸ
2038 2626 2040 2630 λ
