2060 3074
276 174 336 203 720
892 169 1114 197 GODESCALCI
1133 169 1308 197 CARMINA.

429 256 659 287 humanitatem
682 256 710 287 ei
733 265 796 287 non
819 266 882 287 esse
905 256 1127 296 deneqandam.
1172 256 1344 287 Hincmari
1366 256 1410 288 ad
1430 266 1462 287 se
1484 257 1613 289 missam
1635 258 1801 298 epistulam
1825 260 1926 293 Gode-

430 307 553 339 sealeus
575 308 734 347 accipiens
756 307 792 338 in
813 307 954 346 furorem
979 317 1087 339 versus
1109 317 1159 346 ea,
1187 317 1269 347 quae
1291 308 1535 347 mandabantur,
1563 309 1712 341 detestari
1738 314 1767 342 et
1788 312 1927 352 amplius

429 360 528 399 coepit
543 359 765 399 blasphemare.
803 358 849 390 Et
871 369 943 390 cum
965 359 1030 390 iam
1045 359 1122 398 finis
1145 358 1213 390 eius
1227 359 1506 399 apprzminquaret,
1529 359 1686 399 fratribus
1707 363 1763 402 qui
1782 364 1927 403 aderant,

431 414 467 443 ut
489 422 510 443 a
526 422 629 451 pravo
651 421 708 442 suo
730 421 825 442 sensu
853 412 882 441 et
897 420 1049 450 perversa
1070 410 1226 442 sententia
1247 421 1280 442 se
1301 413 1458 443 revocaret
1484 414 1512 443 et
1534 413 1779 447 communionem
1801 425 1927 448 sacram

422 464 613 503 perciperet,
648 462 854 495 suadentibus
882 462 1043 502 respondit
1072 473 1093 493 a
1121 472 1178 494 suo
1207 473 1239 493 se
1268 472 1362 493 sensu
1392 465 1421 493 et
1447 464 1604 495 sententia
1631 475 1774 497 revocare
1796 469 1825 497 et
1846 477 1926 499 com—

297 518 332 540 30
349 514 402 541 Oct·
430 516 610 547 munionem
626 525 687 556 per
702 515 923 546 auctoritatem
945 523 1009 546 non
1019 524 1111 555 posse
1125 514 1281 554 accipere:
1305 514 1414 556 sicque
1430 514 1594 557 indignam
1616 518 1653 547 ut
1667 517 1715 548 ait
1730 517 1928 551 Hincmarus

430 567 529 599 vitam
554 567 652 609 digna
673 570 777 598 morte
800 566 902 597 finivit
926 568 959 596 et
982 565 1061 596 abiit
1083 565 1116 596 in
1137 565 1244 597 locum
1267 576 1360 597 suum
1369 566 1390 598 ¹.

326 621 376 644 ⁸⁶8
532 619 605 660 (55)
634 618 856 650 Rathramnus
884 617 999 649 librum
1027 618 1065 649 de
1095 621 1167 649 ortu
1196 617 1227 650 S.
1251 618 1384 650 Mariae
1413 629 1478 651 non
1508 630 1572 651 esse
1601 619 1788 662 Hieronymi
1817 625 1928 654 contra

430 670 645 702 Hinomarum
667 670 807 710 defendit
815 670 838 702 ².

531 722 604 764 (56)
627 722 851 754 Rathramnus
873 725 984 754 contra
1010 722 1206 754 Graecorum
1230 723 1372 763 opposita
1395 723 1505 755 scribit
1514 723 1536 754 ³.

377 776 407 806 2.
448 774 600 807 Carmina
629 774 767 815 infelicis
794 775 941 807 monachi
973 777 1048 815 quot
1075 774 1258 815 effuqissent
1291 775 1438 815 temporis
1465 778 1495 807 et
1527 775 1690 808 hominum
1716 777 1927 818 iniqmtatem,

276 828 460 858 conservata
482 826 606 867 qualem
627 829 728 859 artem
749 829 964 867 sequerentur,
992 836 1143 867 quorsum
1159 826 1370 866 pertinerent,
1393 827 1520 867 quando
1543 829 1663 868 scripta
1685 831 1798 868 essent,
1827 840 1928 872 supra

275 878 311 909 in
334 880 524 910 transcursu
546 879 689 911 indicavi
697 879 721 918 ⁴;
747 879 799 911 hic
821 879 952 911 breviter
974 888 1143 920 exponam,
1166 888 1232 919 qua
1253 879 1397 919 quodque
1418 879 1463 910 ad
1483 889 1541 910 nos
1556 880 1735 919 pervenerit
1743 882 1763 912 ⁵.
1817 881 1928 914 Vindi—

275 930 357 961 cavit
386 930 486 970 iqitur
520 930 559 962 ab
591 931 724 963 interitu
758 930 853 963 codex
886 930 1153 972 Guelferbytanus
1183 932 1268 963 1062
1300 941 1426 963 carmen
1459 931 1544 971 quod
1571 942 1593 963 a
1620 932 1710 964 nobis
1742 936 1930 966 numeratur

268 982 421 1021 primum,
447 982 621 1015 Parisinus
644 983 728 1014 1154
751 983 923 1015 secundum
947 985 976 1014 et
998 983 1135 1021 tertiwm,
1160 982 1335 1014 Parisinus
1356 984 1443 1015 3877
1465 986 1625 1023 quartum,
1648 984 1824 1017 Parisinus
1845 986 1930 1018 1154

275 1036 304 1065 et
318 1034 618 1074 Auqustodunensis
632 1036 675 1066 33
697 1035 845 1075 quintum
867 1038 897 1067 et
915 1037 1047 1074 seoetum,
1071 1035 1234 1068 Sirmondi
1256 1035 1351 1068 codex
1372 1036 1438 1068 iam
1460 1036 1582 1068 dudum
1602 1037 1741 1069 amissus
1754 1038 1928 1078 septimum.

275 1086 442 1118 Antecedit
464 1086 553 1127 apud
575 1097 622 1118 me
644 1087 840 1119 carminibus
861 1087 999 1127 epistula
1021 1087 1065 1119 ad
1087 1087 1231 1127 Lupum,
1255 1088 1445 1127 episcopum,
1473 1088 1510 1119 ni
1531 1087 1642 1132 fallor,
1666 1087 1931 1122 Catalaunensem

275 1139 315 1178 (c.
331 1139 537 1178 835-857),
561 1150 582 1170 a
600 1139 787 1172 Godescalco
803 1140 913 1172 iuvene
930 1140 1028 1171 missa
1043 1139 1099 1180 (cf.
1114 1150 1214 1179 supra
1223 1149 1300 1180 paq.
1314 1140 1377 1171 709
1391 1150 1423 1171 n.
1435 1141 1481 1178 8),
1503 1150 1584 1180 quae
1598 1150 1792 1181 quamquam
1800 1143 1931 1181 praeter

275 1191 442 1231 utriusque
465 1201 536 1223 cum
559 1191 657 1223 altero
673 1192 931 1224 consuetudinem
953 1191 1077 1223 nullasm
1099 1202 1164 1224 rem
1179 1191 1346 1224 notabilem
1364 1191 1492 1232 pandit,
1515 1202 1531 1223 e
1553 1192 1657 1224 codice
1674 1192 1828 1225 Vaticano
1846 1194 1931 1225 7803

275 1252 296 1273 a
318 1242 407 1274 nobis
429 1246 534 1275 tamen
549 1244 765 1284 protrahitur,
787 1246 826 1276 ut
848 1243 1032 1282 Godescalci
1047 1254 1148 1284 prosa
1169 1243 1270 1276 verbis
1291 1243 1437 1275 similiter
1459 1243 1673 1276 desinentibus
1695 1244 1932 1285 diligentissime

276 1294 427 1327 distincta
454 1306 550 1335 quam
579 1306 742 1328 numerose
772 1296 868 1328 cadat
895 1307 910 1328 e
938 1295 1096 1328 luculento
1126 1295 1262 1336 exemplo
1289 1295 1464 1336 colliqatur.
1515 1295 1668 1336 Sequitur
1693 1296 1866 1336 appendice,
1895 1296 1932 1328 in

276 1358 340 1387 qua
370 1348 433 1379 duo
464 1348 608 1380 carmina
642 1359 680 1380 ew
707 1348 808 1380 codice
836 1348 1056 1380 universitatis
1083 1347 1354 1388 Cantabriq-iensis
1379 1347 1438 1388 Gq.
1455 1347 1483 1378 5.
1499 1347 1541 1379 35
1565 1347 1747 1389 deprompta
1775 1347 1931 1387 collocavi,

276 1399 411 1432 alterum
434 1403 581 1432 constans
595 1400 736 1432 versibus
758 1411 796 1432 ex
815 1399 999 1433 Godescalei
1020 1401 1162 1432 carmine
1176 1400 1285 1440 primo
1300 1399 1477 1431 memoriter
1491 1399 1640 1441 repetitis,
1663 1399 1799 1432 alterum
1807 1399 1932 1441 prioris

277 1452 452 1484 imitatione
474 1452 623 1492 effictum.
668 1452 784 1484 Edidit
805 1453 979 1485 secundum
1002 1451 1186 1484 Godescalci
1208 1462 1335 1484 carmen
1351 1451 1548 1483 Franciscus
1562 1451 1713 1483 Monnier
1734 1450 1800 1493 (De
1817 1451 1932 1484 Gotho-

276 1504 372 1535 scalei
387 1507 415 1536 et
430 1504 586 1536 Iohannis
602 1504 687 1537 Secti
701 1504 861 1545 Eriqenae
877 1505 1096 1543 controversia,
1117 1503 1259 1536 Parisiis
1274 1503 1367 1542 1853,
1381 1513 1458 1544 paq.
1472 1504 1550 1542 102)
1566 1502 1761 1535 Ede'lestand
1774 1503 1820 1535 du
1833 1502 1934 1536 Me‘m'l

277 1555 419 1596 (Poesies
445 1556 628 1596 populaires
655 1556 725 1595 lat„
759 1556 902 1588 Parisiis
924 1557 1023 1594 1843,
1051 1566 1127 1596 paq.
1152 1556 1230 1595 141)
1263 1555 1370 1588 G-uido
1399 1555 1514 1587 Maria
1543 1553 1662 1587 Dreves
1691 1554 1934 1595 (Analectorum

276 1607 494 1648 hymnicorum
508 1607 565 1640 vol.
580 1607 645 1647 IX,
661 1607 793 1648 Lipsiae
808 1607 902 1647 1895,
920 1618 996 1649 paq.
1013 1608 1080 1649 16)
1100 1607 1229 1639 tertium
1244 1606 1396 1639 Monnier
1409 1607 1495 1648 (paq.
1512 1607 1600 1648 101),
1615 1609 1767 1646 quartum
1781 1606 1934 1639 Monmer

277 1660 362 1701 (paq.
379 1660 430 1698 95,
446 1660 487 1700 cf.
499 1670 574 1702 paq.
587 1661 633 1699 3),
656 1660 804 1701 quintum
825 1660 867 1693 E.
883 1660 929 1692 du
943 1659 1044 1692 Meril
1065 1662 1150 1701 (paq.
1167 1660 1246 1696 177)
1268 1658 1420 1691 Monnier
1441 1661 1526 1699 (paq.
1543 1658 1601 1697 15)
1623 1657 1743 1690 Daniel
1758 1657 1934 1699 (Hie-sauri

276 1711 482 1753 hymnoloqici
503 1712 560 1745 vol.
577 1712 641 1751 IV,
665 1712 797 1752 Lipsiae
813 1712 911 1751 1855,
934 1723 1010 1753 paq.
1029 1713 1116 1753 173),
1139 1714 1262 1744 sextum
1282 1711 1401 1751 Lebeuf
1423 1710 1672 1751 (Dissertations
1696 1720 1756 1742 sur
1784 1710 1934 1743 l’histoire

278 1763 506 1804 ecclesiastique
529 1766 558 1796 et
580 1764 669 1796 civile
690 1764 728 1796 de
750 1763 862 1803 Paris,
884 1764 941 1797 vol.
963 1765 995 1803 1,
1026 1764 1167 1796 Parisiis
1187 1764 1280 1802 1739,
1309 1773 1380 1803 paq.
1397 1761 1477 1804 493)
1499 1762 1541 1794 Ε.
1564 1762 1609 1794 du
1631 1761 1730 1794 Meril
1750 1763 1838 1803 (paq.
1852 1763 1933 1802 253)

277 1816 318 1847 E.
335 1816 372 1847 de
390 1816 613 1848 Coussemaher
635 1816 794 1858 (Histoire
817 1816 854 1848 de
876 1816 1060 1848 l'harmonie
1082 1827 1127 1848 au
1149 1825 1258 1857 moyen
1279 1815 1344 1856 aqe,
1369 1814 1510 1846 Paris-iis
1532 1813 1626 1853 1852,
1642 1824 1719 1854 paq.
1737 1814 1794 1854 93)
1814 1813 1934 1846 Dreves

278 1868 384 1909 (XIX
399 1878 476 1909 paq.
493 1869 565 1910 10);
592 1868 777 1909 afflendicis
799 1868 957 1907 carmina,
984 1867 1169 1900 Godescalci
1191 1866 1367 1908 epistulam,
1390 1877 1517 1898 carmen
1538 1866 1608 1898 eius
1621 1866 1788 1906 primunt‘
1803 1866 1934 1906 primus

279 1920 346 1959 edo,
375 1921 431 1961 qui
454 1920 536 1952 idem
558 1921 594 1952 in
615 1920 725 1960 quinto
748 1923 777 1952 et
799 1923 885 1953 sexto
907 1921 1035 1953 edendis
1050 1921 1180 1961 primus
1202 1919 1305 1952 codice
1327 1918 1611 1960 Auqustodunensi
1632 1920 1722 1960 utor,-
1749 1917 1788 1950 de
1809 1918 1934 1958 septimi

279 1972 468 2004 editionibus
490 1972 581 2012 infra
603 1973 717 2005 dicam.

382 2024 447 2066 (V)
477 2023 580 2056 Codex
602 2026 687 2056 7803
716 2024 914 2057 bibliothecae
938 2023 1127 2062 Vaticanae,
1156 2023 1230 2055 olim
1249 2025 1292 2055 46
1323 2022 1461 2055 armarii
1481 2023 1502 2053 6
1531 2021 1668 2053 archivii
1689 2020 1851 2060 Vaticani,
1878 2021 1934 2053 ubi

279 2076 332 2116 fol.
350 2077 432 2108 192ο
459 2074 642 2108 Godescalci
663 2076 800 2116 epistula
816 2079 890 2116 post
904 2076 1025 2108 Isidori
1043 2075 1187 2117 Oriqines
1208 2086 1309 2108 manu
1330 2085 1395 2107 non
1413 2073 1583 2115 ineleqanti
1596 2072 1720 2105 saeculo
1735 2073 1794 2104 IX
1811 2073 1934 2113 scripta

280 2131 333 2166 est,
356 2128 411 2159 sed
433 2127 547 2160 litteris
569 2128 644 2160 aliis
667 2128 800 2167 detritis,
822 2127 900 2160 aliis
914 2127 1084 2160 recentiore
1099 2130 1276 2159 atramento
1291 2125 1528 2167 superinductis
1549 2127 1606 2166 (=
1626 2124 1693 2164 Vl),
1715 2123 1878 2156 nonnullis
1895 2124 1934 2156 in

280 2180 426 2211 ezctremis
447 2180 586 2212 versibus
607 2180 738 2212 abscisis
758 2179 932 2220 difficulter
955 2179 1077 2221 leqitur.
1125 2179 1213 2220 Quae
1235 2178 1371 2219 epistuhz
1394 2178 1468 2211 olim
1482 2179 1720 2210 commemorata
1742 2176 1782 2208 ab
1797 2175 1933 2208 Arevalo

280 2231 535 2263 Isidorianorum
563 2234 651 2273 part.
675 2232 700 2264 I
703 2232 731 2264 V
762 2242 830 2272 cap.
862 2231 965 2264 GVH
993 2231 1098 2273 (apud
1126 2231 1238 2272 Miqne
1267 2232 1319 2270 81,
1336 2230 1424 2270 915),
1458 2230 1543 2262 unde
1571 2229 1711 2270 Wiqqers
1743 2228 1800 2270 (cf.
1833 2237 1934 2268 summ

275 2294 351 2324 paq.
368 2285 430 2315 711
453 2284 530 2316 adn.
544 2285 580 2326 3)
603 2285 672 2316 eius
693 2285 879 2317 mentionem
902 2284 1035 2324 aceepit,
1063 2287 1150 2316 nunc
1177 2284 1300 2316 demum
1323 2282 1429 2315 editur
1450 2281 1554 2314 codice
1575 2291 1597 2312 a
1619 2279 1764 2313 Iohanne
1789 2280 1934 2312 Gmeven

385 2405 411 2438 1)
430 2404 600 2431 Hincmarus
621 2405 653 2431 in
675 2403 824 2438 appendice
846 2397 885 2431 ad
902 2404 999 2431 li'brwm
1016 2404 1047 2431 de
1064 2404 1188 2431 trinitate
1197 2397 1310 2438 *(Miqne
1326 2407 1383 2438 125,
1398 2404 1564 2437 616—618),·
1584 2402 1643 2430 eius
1663 2401 1702 2428 ad
1718 2401 1934 2429 Atticinum

282 2457 395 2490 epistula
416 2464 534 2483 seorsum
555 2456 658 2483 tradita
678 2457 758 2483 etiam
780 2456 812 2483 in
829 2456 915 2483 codice
934 2456 1059 2484 Remensi
1080 2459 1168 2483 oms-tat
1188 2455 1276 2490 (apud
1294 2456 1388 2491 Miqnc
1406 2459 1459 2489 126,
1474 2455 1604 2488 92—93),
1626 2454 1660 2487 cf.
1680 2452 1854 2480 indemens
1874 2452 1934 2487 (88.

285 2508 367 2534 XIII
374 2511 433 2540 553,
446 2510 500 2542 24).
538 2508 650 2535 Mabilio
667 2509 698 2534 in
710 2508 864 2535 Annalibus
877 2507 1034 2541 (XXXVI
1041 2509 1101 2542 42).·
1117 2508 1185 2535 ‘eius
1197 2507 1297 2535 obitum
1313 2508 1344 2534 in
1355 2507 1436 2534 veteri
1445 2506 1591 2540 mobyio
1602 2505 1800 2532 Altivalamm'
1808 2507 1933 2532 notatum

279 2563 349 2595 puto
370 2560 407 2587 ad
430 2561 538 2588 tertium
558 2560 700 2587 Kalendas
717 2561 886 2594 Novembris,
912 2561 959 2587 ubi
982 2560 1165 2588 Godesoaleus
1183 2560 1334 2587 monachus
1357 2559 1475 2594 leqitur'5
1500 2565 1568 2592 quae
1588 2556 1665 2584 cuba
1681 2557 1751 2591 quin
1767 2556 1881 2583 Mam
1897 2555 1935 2583 ad

283 2611 495 2638 haeresiarcham
512 2615 580 2639 recte
590 2612 727 2646 rettulerit,
746 2613 840 2639 nullus
854 2612 953 2646 dubito,
972 2620 1032 2639 cum
1042 2619 1140 2639 nomn
1156 2612 1188 2638 in
1202 2611 1295 2638 Gallia
1306 2619 1475 2645 nequaquam
1485 2610 1611 2644 frequens
1627 2609 1719 2642 fuerit.
1747 2609 1818 2635 Ante
1828 2615 1934 2635 m

285 2666 336 2690 870
352 2666 487 2690 morinum
505 2671 561 2690 eum
580 2672 633 2690 esse
645 2663 709 2690 inde
722 2666 843 2697 amaret,
859 2664 931 2697 quod
944 2663 1096 2691 Himcmaro
1113 2663 1236 2698 capitula
1247 2662 1376 2690 mwersus
1389 2661 1569 2688 Hincmamm
1580 2659 1790 2688 Laccdumnoem
1806 2659 1935 2687 scribente

283 2722 341 2740 non
364 2715 420 2740 iam
442 2715 512 2741 inter
534 2715 604 2742 rii-os
628 2718 679 2749 est,
707 2715 739 2748 ef.
764 2716 859 2750 Miqne
882 2718 939 2749 126,
952 2719 1011 2743 441.
1116 2716 1143 2749 2)
1164 2714 1203 2748 ΟΥ.
1227 2722 1312 2749 supra
1335 2722 1396 2748 paq.
1413 2717 1467 2741 406
1487 2721 1539 2747 seq.
1643 2713 1671 2745 3)
1695 2711 1779 2745 Apud
1797 2710 1934 2745 M‘tom'flm

285 2770 337 2800 121,
349 2770 499 2794 226—346.
602 2768 629 2801 4)
651 2767 690 2801 Cf.
708 2775 794 2802 supra
815 2776 842 2794 n.
861 2771 902 2802 10,
921 2772 958 2802 15,
976 2771 1018 2802 34,
1036 2770 1075 2795 36.
1180 2768 1207 2801 5)
1227 2767 1269 2801 Of.
1288 2755 1451 2794 Duemmler'
1465 2765 1503 2793 N.
1522 2765 1556 2791 A.
1577 2763 1624 2791 IV
1631 2766 1688 2791 seo.
1793 2764 1820 2797 6)
1838 2762 1935 2796 Neque

284 2818 354 2844 enim
368 2819 488 2852 primum
506 2826 614 2845 carmen
631 2828 648 2845 a
667 2819 775 2846 Flossio
793 2820 894 2846 editum
911 2821 977 2852 erat,
994 2819 1054 2846 licet
1071 2818 1102 2846 id
1119 2819 1151 2845 in
1167 2819 1286 2853 cautio—qo
1306 2818 1517 2853 Guelferbytano
1533 2816 1692 2849 “ssim-
