2040 2996
0 2630 8 2714 *v--vw

742 123 850 152 LIBER
868 122 916 152 DE
935 123 1058 153 FONTE
1076 123 1196 152 VITAE.
1753 129 1792 161 75

508 212 608 246 Ocius
631 213 820 245 accelerans
843 212 891 244 illi
914 212 996 244 haec
1018 223 1095 244 mea
1117 212 1205 245 dicta
1226 213 1362 245 referto:

429 273 454 292 ⁶⁰
507 265 686 308 “Hospitio
709 267 858 297 sanctam
881 265 1026 306 requiem
1048 265 1207 297 memisse
1230 265 1342 297 fideles

509 316 562 349 Sis
585 327 718 356 memor,
742 327 761 348 o
784 317 926 354 iuvenis;
949 327 1035 348 nunc
1059 319 1092 348 et
1114 316 1184 348 sine
1207 317 1271 348 fine
1294 317 1435 350 valeto'’.

508 369 654 401 Auribus
675 368 759 400 haec
781 368 900 410 capiat,
923 368 1020 399 tectis
1043 367 1083 399 de
1107 368 1229 400 vimine
1252 369 1352 400 textis

508 420 683 463 Temperet
705 423 803 462 atque
826 420 924 460 sitim,
948 430 1097 451 somnum
1119 421 1180 452 sub
1203 424 1300 453 nocte
1326 421 1443 463 quietis

508 472 642 504 Sternat
664 475 697 504 et
719 475 850 504 arentes
871 475 1000 504 recreet
1023 482 1082 514 per
1104 472 1232 504 viscera
1254 473 1364 504 fibras.

425 531 450 550 ⁶⁵
507 524 551 556 Et
570 524 676 567 prima
697 534 771 556 cum
793 524 868 555 luce
891 523 962 556 dies
986 523 1142 556 deiecerit
1165 525 1308 564 umbras,

507 576 634 608 Molliat
655 576 825 618 argyllam,
847 576 951 618 primo
975 576 1027 607 vel
1051 577 1120 608 sole
1145 580 1295 619 tepescat

507 627 551 659 Et
571 630 650 659 nota
672 630 782 659 tornet
806 627 928 669 specie,
952 637 1050 669 quam
1072 628 1163 659 novit
1186 628 1329 660 abunde:

507 678 658 711 Obdueat
681 689 758 711 cera
780 689 954 721 ceramque
978 679 1135 711 recondat
1158 680 1295 717 harena;

507 731 671 763 Innocuos
693 731 786 773 ignes
808 731 901 763 iuxta
923 742 1002 763 mox
1024 732 1164 764 collocet
1186 732 1284 770 illud3

425 790 450 809 ⁷⁰
507 783 638 825 Aeqnet
660 783 754 815 lance
777 783 921 820 metalla,
945 784 1053 826 placet
1076 794 1149 815 cum
1173 784 1317 827 pondere
1340 785 1455 823 librae,

507 835 600 872 Quae
623 835 796 867 commissa
819 835 881 867 sibi
904 836 1062 875 meminit,
1087 837 1232 879 lucrique
1256 847 1379 868 memor
1403 838 1455 873 sit,

505 887 570 919 Per
591 897 674 929 quae
697 887 800 929 pollet
821 897 922 919 ovans
946 888 1068 919 nostris
1091 889 1304 921 vernantibus
1328 890 1425 925 aulis;

506 938 676 970 Ambabus
700 939 852 970 manibus
875 943 949 981 post
972 940 1082 972 omnia
1103 940 1235 972 follibus
1260 941 1348 973 efflet

506 990 550 1022 Et
572 994 690 1022 vacuet
711 990 850 1022 formam
873 1001 948 1023 cera
970 992 1163 1034 repleatque
1186 993 1338 1028 metallo;

424 1049 449 1068 '¹⁵
505 1042 587 1074 Post
609 1042 742 1084 aliquod
766 1043 908 1085 spatium
932 1053 990 1076 vas
1014 1045 1110 1076 testis
1134 1048 1236 1076 exuat
1259 1045 1343 1076 assis

506 1093 723 1136 Effigiemque
745 1105 861 1127 novam
884 1095 971 1127 ferro
995 1095 1179 1138 diffumiget
1202 1107 1285 1129 unco

507 1144 732 1187 Ooncilietque
755 1145 821 1177 tuis
843 1146 994 1178 manibus
1018 1147 1207 1180 venerabile
1230 1148 1359 1191 pignus.

506 1196 591 1228 Illud
614 1196 678 1228 huc
701 1200 809 1228 tecum
832 1198 968 1230 veniens
992 1197 1120 1230 deferre
1145 1203 1328 1231 memento:

505 1248 578 1280 Hoc
601 1249 719 1281 libabis
742 1259 846 1291 aquae
868 1251 991 1282 fontem
1017 1251 1164 1283 salientis
1189 1251 1230 1283 ad
1253 1256 1351 1283 astra.

424 1309 450 1326 ⁸⁰
506 1300 647 1343 Insuper
669 1304 702 1332 et
725 1311 858 1333 causam
880 1306 1018 1340 reseret,
1042 1303 1120 1345 quid
1144 1314 1223 1335 vase
1246 1304 1392 1346 figurem,

506 1352 549 1384 Et
571 1351 688 1384 dubios
712 1353 820 1385 verbis
844 1354 971 1386 animos
994 1354 1051 1386 tibi
1075 1355 1184 1387 firmet
1207 1356 1329 1388 amicis.

506 1405 639 1437 Interea
661 1406 792 1448 triplum
815 1406 922 1439 solvat
945 1417 1017 1438 cum
1042 1408 1185 1440 carmine
1209 1408 1340 1447 nodum,

507 1457 611 1494 Quem
633 1458 754 1500 poterit
776 1457 886 1490 fusum
909 1469 1062 1491 reserans
1085 1470 1202 1492 ornare
1225 1460 1403 1491 metallum.

505 1509 602 1540 Hunc
624 1509 683 1540 tibi
706 1512 816 1541 mente
839 1510 949 1542 locans
974 1511 1031 1542 olli
1055 1511 1100 1543 sic
1124 1521 1269 1554 pangere
1292 1511 1425 1543 mando:

423 1567 448 1585 ⁸⁵
505 1560 566 1592 “In
589 1561 723 1602 gemina
745 1562 856 1604 specie
879 1562 977 1594 lunae
1001 1562 1215 1607 distinguitur
1238 1563 1343 1595 orbis:

508 1612 642 1644 Scilicet
664 1613 803 1645 obscura
826 1614 980 1657 claraque
1004 1614 1139 1657 fugante
1163 1615 1333 1651 tenebras;

505 1663 652 1696 Luminis
674 1667 708 1696 et
730 1664 848 1697 faciem
871 1669 977 1698 terras
1001 1666 1078 1698 dum
1102 1667 1199 1699 vertit
1222 1667 1263 1699 ad
1287 1668 1379 1707 imas,

505 1715 622 1748 Altera.
644 1726 720 1759 pars
743 1717 836 1749 caelo
859 1717 1004 1750 tenebris
1027 1718 1169 1750 obducta
1191 1722 1339 1752 tenetur:

506 1766 656 1810 Denique
677 1767 729 1800 bis
752 1772 880 1811 septem
904 1770 1014 1802 lumen
1038 1771 1188 1803 mirabile
1216 1771 1287 1803 visu

423 1827 450 1846 ⁹⁰
505 1819 638 1851 Evomit
660 1819 693 1851 in
715 1821 810 1852 terris
832 1821 1014 1863 glomerata
1037 1823 1143 1855 fronte
1167 1822 1306 1855 diebus''

243 1940 278 1966 62
295 1941 343 1966 hee
360 1941 386 1966 B
403 1942 451 1966 hoc
473 1941 494 1966 Ο
586 1940 621 1967 64
638 1933 745 1977 Ῑιςέῃίοο
763 1942 788 1967 R
810 1952 877 1969 corr.
896 1951 913 1976 ρ
938 1944 1072 1970 haerentes
1094 1945 1116 1970 O
1215 1945 1248 1971 67
1275 1946 1358 1982 apetie
1382 1945 1407 1969 R
1439 1949 1462 1970 ee
1483 1945 1583 1977 passim
1607 1945 1700 1977 speties
1726 1945 1793 1969 otius

141 1983 222 2009 sotius
243 1985 418 2010 eommertium
509 1983 543 2009 70
566 1983 636 2018 cnm]
659 1993 695 2010 απ
717 1983 784 2018 *quo
802 1986 815 2011 ³
906 1985 937 2012 71
961 1987 990 2012 fit
1011 1987 1034 2012 0
1123 1987 1158 2013 72
1178 1989 1252 2021 Perq.
1276 1988 1301 2013 R
1322 1997 1388 2013 corr.
1407 1995 1423 2020 ρ
1517 1985 1550 2012 75
1567 1988 1664 2020 aliquot
1682 1996 1748 2012 corr.
1768 1987 1792 2011 R

142 2023 179 2050 80
194 2026 304 2060 figur-m
320 2035 386 2053 corr.
405 2027 430 2052 Β
515 2026 550 2052 85
568 2028 686 2061 geminae
707 2029 729 2054 O
745 2029 795 2062 cfr.
811 2038 835 2055 ο.
853 2027 902 2055 341
992 2029 1027 2055 90
1044 2032 1114 2056 fonte
1133 2040 1200 2057 corr.
1220 2031 1244 2056 R

243 2093 278 2121 62
296 2093 342 2121 Ge.
356 2094 406 2128 IV,
419 2095 454 2122 34
465 2094 570 2122 vimine
582 2096 668 2123 texta.
752 2098 786 2124 65
803 2097 849 2130 εἶθ’.
863 2098 930 2124 Aen.
945 2098 997 2131 IV,
1011 2099 1026 2125 7
1040 2099 1146 2125 Aurora.
1159 2098 1223 2132 polo
1239 2098 1395 2125 dimoverat
1408 2098 1532 2124 umbram
1540 2109 1546 2129 ;
1565 2099 1612 2130 cfr.
1629 2098 1692 2125 Mel.
1705 2098 1729 2131 Ι,
1741 2099 1792 2125 328

141 2144 246 2172 Nubila
267 2145 386 2174 disiecit.
479 2148 514 2174 65
535 2155 588 2181 sqq.
615 2147 760 2182 Qumudam
782 2149 875 2183 scyphi
895 2149 1008 2182 sormam
1028 2150 1132 2176 iuvenis
1155 2151 1241 2184 fingat
1266 2157 1300 2176 ea:
1321 2150 1416 2184 aryilla
1441 2152 1573 2176 macerata
1599 2150 1642 2182 (66
1668 2151 1793 2184 tepescat

140 2203 164 2223 v.
181 2204 266 2230 supra
278 2205 309 2231 p.
327 2198 361 2224 72
378 2198 455 2232 adn.)
471 2199 645 2234 mamillamque
661 2200 791 2234 cooperiat
810 2209 881 2234 cera,
901 2210 989 2228 ceram
1006 2210 1104 2228 rursus
1121 2202 1219 2236 argilla
1238 2202 1283 2235 (68
1301 2201 1425 2235 harena).
1463 2201 1566 2235 Aryilla
1584 2204 1616 2227 ut
1634 2201 1791 2234 eoesiecescat,

139 2245 188 2274 hoc
203 2255 271 2282 qna
285 2248 345 2282 Ῐοω
362 2249 479 2283 adposui
496 2250 598 2278 modice
615 2251 740 2285 caldam
758 2252 802 2286 (69
821 2252 866 2285 dr.
887 2252 1013 2286 Sedul.1,
1033 2253 1084 2280 127
1103 2253 1221 2287 Ignibus
1239 2252 1387 2282 innocuis).
1428 2252 1494 2278 Tum
1512 2253 1645 2278 metallum
1661 2252 1793 2286 quoddam

135 2301 215 2332 para
231 2299 263 2326 in
279 2303 412 2334 quantum
429 2301 454 2328 ei
470 2300 608 2329 videbitur.
644 2302 686 2330 Et
702 2303 751 2330 hoc
766 2306 790 2330 et
806 2303 896 2338 semini
911 2304 1026 2337 sormam
1045 2305 1150 2338 (omnia
1169 2305 1212 2338 73)
1229 2304 1399 2337 smesaciat,
1425 2304 1469 2338 [ut
1487 2307 1612 2330 ceratum
1630 2305 1753 2338 liquescat
1769 2307 1793 2331 et

140 2351 274 2378 nudamus
290 2352 340 2385 fiat
357 2352 443 2386 funale.
481 2353 611 2381 Conversa
627 2355 738 2390 xypho]
755 2364 841 2382 ceram
859 2356 992 2390 effnmdm,
1011 2358 1143 2384 metallum
1161 2356 1293 2387 infundat
1311 2355 1397 2390 [unde
1413 2355 1534 2388 effuderit
1551 2364 1643 2383 ceram.
1681 2356 1793 2382 Metallo

131 2401 292 2444 'rdn'qemto
309 2406 451 2439 ndnmnque
467 2405 578 2440 amalae
594 2406 667 2433 latus
685 2407 865 2442 consa-inquld
882 2409 938 2435 iam
953 2410 1084 2442 per-fedus
1101 2412 1139 2436 eet
1158 2409 1239 2442 labor,
1258 2411 1338 2435 restat
1353 2417 1441 2435 unum
1458 2411 1489 2434 ut
1499 2408 1639 2443 suliqiraem
1651 2408 1793 2442 absterymt

139 2459 254 2481 recurvo
272 2454 344 2482 ferro
363 2456 468 2484 rasorio
485 2459 518 2484 ut
535 2457 575 2484 ait
595 2458 757 2492 Theophilus
771 2460 907 2494 presbyter
924 2460 972 2493 (ad.
991 2461 1101 2494 Lessing
1118 2469 1167 2487 rec.
1187 2460 1298 2487 Sclwene
1315 2460 1399 2487 Berol.
1420 2460 1487 2487 1878
1504 2468 1531 2494 p.
1549 2460 1601 2487 504
1617 2462 1641 2486 et
1657 2460 1727 2492 518),
1746 2459 1794 2492 qui

139 2506 250 2532 odorum
267 2514 323 2533 uon
340 2506 460 2534 deso-nm
477 2508 550 2535 hamc
565 2509 787 2543 nauplio-smmum
804 2511 923 2546 finqendi
939 2512 1054 2540 modum.
1144 2513 1176 2539 77
1195 2512 1331 2546 [Imm]
1349 2511 1382 2538 de
1399 2511 1500 2537 laudib.
1519 2510 1619 2537 Christi
1634 2510 1672 2537 ed.
1685 2510 1791 2537 Areval.

138 2563 161 2583 v.
181 2556 231 2584 186
253 2558 415 2586 venerabile
438 2559 541 2594 pignus
562 2560 595 2587 de
617 2561 730 2589 Christo.
824 2564 855 2590 81
876 2565 943 2590 Aen.
964 2565 1002 2598 ΙΙ,
1021 2565 1073 2591 372
1097 2563 1189 2591 verbis
1208 2584 1214 2590 .
1228 2583 1233 2590 .
1248 2562 1353 2589 amicis.
1447 2563 1482 2589 85
1500 2562 1587 2588 Sedul.
1613 2562 1643 2595 V,
1661 2562 1713 2588 329
1738 2561 1791 2594 Qui

137 2607 250 2642 gemina
274 2609 373 2644 specie.
465 2612 500 2639 85
519 2620 572 2646 sqq.
591 2613 688 2641 Inidor.
705 2617 779 2648 dym.
804 2615 851 2649 VI,
872 2616 911 2648 17,
932 2617 965 2642 10
988 2616 1152 2650 Antiquitas
1177 2616 1281 2650 (patres
1299 2622 1322 2642 v.
1342 2614 1386 2647 92)
1414 2613 1533 2640 ecclesia
1558 2614 1661 2648 pascha
1684 2613 1792 2640 decima

136 2660 238 2693 quarta.
254 2660 323 2688 luna·
339 2670 402 2688 cum
419 2663 530 2691 Iudaeis
548 2665 718 2700 celebrabat,
737 2687 743 2694 .
757 2687 762 2693 .
776 2687 783 2694 .
796 2686 803 2694 .
822 2667 911 2694 sancti
930 2669 1025 2702 patres
1043 2668 1073 2694 in
1092 2668 1217 2694 Nicaens.
1235 2666 1341 2700 synodo
1360 2665 1568 2700 prohibuerunt
1589 2665 1792 2691 constituentes

136 2709 212 2737 diem
234 2713 442 2741 resurrectionis
462 2715 619 2744 dominicae
636 2717 783 2746 observare
801 2720 831 2746 et
848 2719 883 2745 ob
902 2719 954 2746 hoc
972 2720 1076 2754 pascha
1093 2727 1111 2746 a
1129 2720 1230 2752 quarta
1248 2717 1356 2744 deeims¹
1375 2717 1443 2743 luna
1462 2724 1551 2750 usque
1571 2715 1607 2742 ad
1625 2715 1791 2750 vigesimam

137 2761 255 2797 primam
274 2763 307 2796 (v.
319 2765 363 2798 95)
382 2767 576 2800 extenderunt,
593 2770 626 2795 ut
643 2769 703 2796 dies
720 2769 876 2797 dominicus
890 2779 944 2797 non
958 2770 1143 2797 omitteretur.
1222 2770 1257 2796 89
1274 2777 1294 2796 e.
1305 2777 1330 2803 q.
1344 2769 1410 2795 Ae».
1426 2768 1500 2801 XII,
1513 2767 1565 2795 252
1576 2766 1705 2794 mirabile
1722 2767 1792 2795 visu·

1534 2815 1588 2841 10*
