2060 3074
240 132 300 162 588
895 127 1046 154 MILONIS
1065 127 1241 154 CARMINA.

607 215 756 254 Tendite,
782 225 892 256 posco,
916 224 1030 245 manus
1054 217 1087 245 et
1109 225 1162 246 me
1186 214 1226 245 de
1250 214 1342 245 fauce
1367 214 1507 245 vorantis

606 267 724 298 Tollite
751 266 878 307 (raptus
903 266 987 297 enim
1012 266 1142 308 propria
1166 266 1283 297 virtute
1307 265 1413 297 redire

606 317 678 348 Non
703 316 812 358 valeo)
837 319 879 356 et,
905 317 1055 358 quoniam
1078 317 1225 359 patulum
1248 317 1382 348 maxilla
1404 317 1550 348 foramen

606 369 709 399 Huius
732 368 843 408 habet,
867 368 975 399 forsan
998 379 1058 410 per
1080 369 1142 400 hoc
1164 368 1343 411 procedere
1367 379 1508 410 possum,

520 434 558 452 410
603 420 637 451 Si
659 420 751 451 iuver
773 420 894 451 auxilio
918 422 1026 451 vestro
1049 420 1264 462 precibusque
1289 419 1435 452 reducar.

603 471 676 502 Hoc
701 482 828 513 quoque
853 481 911 514 pro
936 471 1054 503 Christi
1077 471 1260 503 faciendum
1284 471 1414 503 nomine
1437 482 1546 514 posce,

604 523 659 563 Ut⁷
685 534 757 554 cum
781 526 888 555 vestra
912 534 1016 565 sag-ax
1038 523 1196 555 industria
1222 524 1330 555 iuncta
1353 524 1500 565 supernis

604 575 744 606 Sedibus
769 575 924 615 extiterit,
948 575 1096 617 pavitans
1120 586 1193 617 ego,
1219 585 1351 617 quaeso,
1375 575 1529 617 requirar,

604 626 742 658 Ultimus
767 629 800 658 et
822 626 911 658 Petri
936 626 1108 658 concludar
1131 627 1222 658 clave
1247 626 1347 667 beati,

520 691 558 710 415
605 677 751 714 Quocum
774 678 851 718 vita,
875 678 960 709 salus
985 681 1017 709 et
1039 688 1158 720 perpes
1181 678 1285 720 gloria
1307 678 1436 720 palmae

606 730 783 761 Vobiscum
808 730 904 761 fuerit
928 730 1066 761 feliciter
1089 740 1184 761 omne
1208 740 1267 772 per
1290 740 1417 769 aevum,

606 781 696 812 Tunc
718 781 797 812 mihi
820 781 861 812 sit
883 781 1012 822 misero,
1036 792 1162 823 precor,
1186 780 1388 823 indulgentia
1411 781 1526 812 saltem

605 833 671 863 Per
695 832 858 864 Christum
882 833 1063 874 dominum,
1088 834 1142 875 qui
1165 834 1274 864 saecla
1297 843 1356 875 per
1379 833 1487 864 omnia
1509 835 1633 874 regnat.

583 901 684 926 FINIT
705 901 812 927 LIBER
830 900 1020 927 SECUNDUS
1040 921 1046 927 .
1066 900 1187 927 HABET
1208 900 1347 927 VERSUS
1366 900 1554 927 ccccxvnl.

662 1039 893 1071 INCIPIUNT
917 1039 1142 1071 OAPITULA
1165 1039 1317 1072 TERTII
1339 1039 1471 1071 LIBRI.

240 1103 259 1126 1.
278 1101 390 1126 Mediam
408 1110 435 1126 se
455 1105 530 1133 poeta
546 1101 656 1126 laetatur
673 1101 795 1126 carminis
813 1102 853 1126 sui
871 1101 986 1133 tetigisse
1005 1102 1072 1126 viam
1091 1110 1170 1133 seque
1187 1102 1296 1127 arduum
1315 1109 1382 1134 opus
1399 1100 1511 1125 scribere
1524 1099 1660 1124 ostendens
1672 1099 1793 1125 lectorem
1805 1107 1892 1130 suum,

240 1149 269 1169 ut
287 1145 390 1170 vivifica
408 1148 544 1177 praecepta
562 1145 658 1169 Christi
677 1145 821 1176 meditetur,
840 1148 865 1169 et
883 1145 1001 1169 hortatur
1019 1145 1120 1177 eloquio
1140 1148 1165 1170 et
1183 1145 1257 1170 docet
1275 1144 1400 1176 exemplo.
1426 1157 1459 1161 -
1478 1144 1512 1168 11.
1534 1143 1574 1168 De
1592 1146 1692 1167 mortuo
1710 1142 1841 1167 suscitato.
1860 1155 1894 1159 —

240 1189 285 1212 Ill.
309 1188 383 1219 Quod
406 1189 501 1212 factum
526 1188 590 1212 illud
614 1188 698 1212 celare
716 1188 835 1213 voluerit.
858 1201 892 1205 --
916 1189 958 1212 1v.
984 1189 1022 1212 De
1046 1188 1113 1213 sanis
1137 1188 1273 1213 destructis
1296 1191 1322 1212 et
1343 1187 1466 1219 gentibus
1491 1186 1623 1211 conversis
1647 1194 1679 1210 ac
1696 1185 1840 1218 baptizatis.
1859 1199 1894 1203 -

241 1232 270 1255 V.
295 1232 370 1262 Quod
393 1239 470 1256 causa
492 1231 691 1263 praedicationis
713 1231 745 1255 ml
763 1230 868 1255 Sclsvos
887 1231 1006 1263 perrexit.
1032 1244 1067 1248 ——
1091 1232 1132 1256 VI.
1157 1232 1245 1256 Sermo
1264 1231 1348 1256 laudis
1371 1230 1405 1255 ad
1423 1230 1516 1262 ipsum.
1541 1242 1576 1246 —-
1598 1229 1655 1253 VII.
1674 1228 1791 1260 Qualiter
1809 1236 1895 1261 regem

242 1275 379 1307 increpans
396 1274 516 1307 repulsus
540 1275 581 1299 sit.
607 1287 641 1291 —
665 1275 735 1299 VIIl.
758 1274 847 1299 Eidem
873 1274 983 1306 principi
1002 1274 1103 1299 veniam
1123 1274 1262 1307 postulanti
1281 1274 1382 1298 facinus
1405 1273 1521 1298 indulsit.
1546 1286 1578 1289 —
1601 1272 1646 1296 lx.
1671 1271 1747 1302 Quod
1764 1271 1831 1296 idem
1849 1279 1894 1296 rex

241 1318 324 1342 filium
343 1326 419 1342 suum
439 1320 528 1342 saneto
546 1317 725 1342 commendare
744 1317 833 1342 volens
852 1317 988 1350 impetrare
1007 1326 1058 1342 non
1077 1317 1197 1350 potuerit.
1217 1330 1249 1334 —
1267 1318 1299 1342 X.
1319 1317 1440 1342 Eiusdem
1458 1316 1526 1349 regis
1544 1315 1676 1348 parvulus,
1693 1314 1755 1339 dum
1773 1323 1789 1339 a
1806 1318 1895 1340 sancto

241 1361 422 1392 catechizatur,
442 1360 580 1392 eloquitur.
606 1374 638 1378 -
662 1361 707 1385 XI.
726 1361 777 1386 Res
796 1361 886 1385 eadem
904 1360 981 1385 laude
999 1361 1152 1386 celebratur.
1176 1374 1207 1378 -
1233 1361 1292 1386 XII.
1310 1360 1360 1385 Ubi
1379 1362 1486 1385 sanctus
1503 1359 1639 1384 ecclesiam
1656 1358 1845 1383 Treiectensem
1862 1358 1895 1383 nd

241 1404 383 1437 regendum
395 1404 516 1436 suscepit.
537 1417 569 1420 —
587 1404 658 1428 XIII.
677 1404 752 1435 Quod
770 1404 804 1429 ab
817 1403 907 1429 eadem
919 1403 1039 1436 repulsus
1058 1404 1169 1429 insulam
1182 1403 1286 1428 Caloloo
1305 1404 1384 1436 petiit.
1403 1416 1437 1421 —-
1455 1403 1525 1428 XIV.
1543 1402 1585 1427 Ad
1602 1404 1792 1434 contemptores
1810 1400 1895 1426 sancti

955 1455 1039 1472 sermo
1057 1447 1185 1480 dirigitur.

526 1561 719 1597 FINIUNT
748 1560 989 1599 CAPITULA
1017 1560 1192 1597 INCIPIT
1219 1561 1364 1597 LIBER
1390 1559 1609 1596 TERTIUS.

651 1635 678 1667 Ι.
702 1635 876 1678 Aspirante
901 1635 962 1667 deo
987 1635 1173 1667 describens
1196 1635 1339 1667 carmine
1363 1635 1462 1667 vitam

609 1687 772 1719 Praesulis
796 1687 920 1729 egregii
943 1689 1088 1719 sanctam
1111 1687 1294 1719 celeranter
1316 1686 1461 1719 Amandi

609 1738 718 1781 (Quae
740 1739 845 1781 longis
867 1739 973 1770 fuerat
995 1738 1137 1781 periodis
1160 1739 1229 1770 iure
1252 1738 1405 1778 notanda,

610 1791 644 1822 Si
667 1790 756 1822 fandi
777 1790 856 1822 mihi
878 1791 971 1832 larga
993 1790 1079 1822 foret
1101 1800 1160 1822 seu
1182 1801 1302 1833 magna
1325 1789 1475 1832 facultas)

553 1856 565 1874 ε)
609 1843 680 1874 Iam
703 1842 846 1874 mediam
868 1842 1019 1874 breviore
1042 1842 1096 1874 via
1118 1842 1256 1874 festinus
1281 1841 1388 1874 eundo

609 1893 844 1935 Transgredior
865 1893 1024 1936 binosque
1047 1893 1150 1936 pedes
1172 1893 1324 1936 ponendo
1349 1893 1490 1925 vicissim

609 1945 769 1988 Computo
794 1948 844 1976 ter
866 1945 1023 1987 geminos,
1049 1945 1124 1977 dum
1147 1955 1207 1988 per
1230 1945 1425 1988 compendia
1449 1955 1552 1976 curro.

610 1997 663 2029 Sic
685 1997 748 2029 iter
771 2007 939 2029 emensum
965 2000 1024 2038 est,
1049 1997 1194 2039 reliquae
1220 2000 1254 2029 et
1275 1997 1451 2040 praeconia
1473 1996 1588 2036 laudis,

611 2049 804 2081 Rhetoricae
828 2049 878 2081 cui
901 2059 1007 2081 sermo
1029 2050 1126 2090 iacet,
1150 2049 1302 2081 facundia
1324 2051 1458 2090 marcet,

541 2114 564 2133 ιο
607 2100 693 2132 Hinc
716 2111 815 2132 conor
836 2101 990 2132 brevibus
1012 2101 1205 2132 temerarius
1228 2101 1350 2133 arbiter
1371 2100 1487 2133 horum

611 2152 762 2195 Pangere
785 2153 951 2184 versiculis
973 2153 1061 2184 nullo
1085 2152 1279 2195 complenda
1302 2153 1417 2185 relatu.

612 2204 708 2236 Orbis
730 2204 904 2236 verbifluus
926 2204 953 2236 si
975 2205 1054 2236 istos
1077 2205 1239 2247 conspiret
1262 2204 1295 2236 in
1318 2207 1409 2236 actus

612 2255 878 2298 Oonveniantque
902 2265 1014 2287 omnes
1036 2265 1101 2287 una
1123 2255 1182 2287 sub
1209 2255 1287 2287 sede
1310 2258 1440 2298 poetae,

612 2309 889 2349 Argumententur
912 2305 1120 2339 modulentur
1140 2307 1419 2350 philosophentur,

540 2372 564 2391 15
608 2359 697 2390 Vera
721 2358 852 2401 quidem
874 2359 990 2399 fateor,
1013 2369 1078 2390 non
1101 2369 1214 2391 omnes
1237 2369 1387 2401 promere
1410 2369 1505 2391 versu

610 2411 775 2443 Virtutum
798 2410 922 2451 laudes,
946 2413 982 2442 ut
1005 2410 1138 2453 dignum
1163 2412 1221 2451 est,
1247 2409 1354 2451 credo,
1378 2410 1533 2442 valebunt

611 2462 670 2503 Ac,
694 2463 720 2494 si
741 2465 917 2505 utcumque
941 2465 1063 2505 queunt
1086 2463 1286 2495 extrinsecus
1309 2465 1382 2494 acta
1404 2462 1537 2503 referre,

613 2514 787 2555 Confiteor,
810 2515 898 2546 nullo
921 2514 1312 2557 poterunt'modulamine
1335 2514 1422 2546 vocis

611 2566 777 2607 Promere,
800 2577 859 2608 pro
882 2566 1005 2598 meritis
1028 2576 1111 2609 quae
1134 2566 1270 2608 sumpsit
1293 2565 1438 2608 praemia
1460 2567 1493 2597 in
1515 2565 1624 2597 astris:

349 2725 400 2751 409
418 2726 499 2751 Cuius
512 2726 535 2750 A
618 2727 677 2752 hab.
696 2736 722 2752 u.
741 2727 912 2753 CCCCXVIII
925 2725 959 2760 B]
979 2735 1028 2753 om.
1047 2726 1097 2752 VK
1173 2727 1244 2752 XIII.
1263 2726 1362 2752 caloloo
1375 2724 1443 2759 AV]
1461 2726 1543 2751 calolo
1555 2725 1611 2751 ΒΚ
1688 2725 1719 2752 11
1738 2725 1854 2751 Pandere
1879 2725 1903 2750 V

248 2769 280 2794 16
297 2769 393 2795 desinit
406 2769 435 2794 K
