2060 3074
418 275 456 295 2⁹0

418 535 456 554 295

422 1061 460 1080 ³05

421 1320 460 1339 ³1⁰

420 1578 458 1598 ³15

421 1838 460 1858 ⁸2⁰

421 2105 459 2126 ³²⁸

420 2624 460 2644 8³⁵

705 176 794 204 VITA
812 176 839 204 S.
852 177 1005 204 AMANDI.
1035 177 1143 204 LIBER
1163 178 1212 205 111.

500 263 554 296 Sic
575 263 674 296 micat
699 266 733 296 et
755 265 878 296 tumulo
901 264 1009 296 multis
1031 265 1202 297 virtutibus
1225 268 1332 298 aucto.

502 314 609 356 Salve,
632 315 697 348 fida
719 315 815 353 fides;
839 316 918 348 felix
941 317 1122 358 eoncordia,
1145 317 1281 350 haveto:

500 366 677 399 Pontifices
700 368 812 409 sancti,
835 369 1023 400 meritorum
1046 370 1118 401 luce
1142 370 1274 410 corusci,

500 418 575 450 Non
596 419 675 451 mihi
698 422 764 451 tam
789 420 894 452 tenuis
918 420 960 452 de
983 421 1075 453 vobis
1097 431 1204 458 sermo
1227 424 1362 460 mearet,

501 470 544 502 Ni
566 481 624 502 vos
647 471 837 514 conspicuos
860 471 975 504 scirem
999 473 1135 504 nutrisse
1158 476 1285 515 poetas,

501 522 564 559 Qui
586 526 723 565 possunt
745 523 885 555 trimoda
906 524 998 556 vobis
1020 525 1133 567 pipare
1157 524 1309 565 Camena,

502 573 621 606 Nobile
646 577 679 606 et
702 575 823 606 auratis
846 585 976 607 carmen
999 579 1129 607 cantare
1153 576 1274 609 cicutis.

501 625 571 657 Vos
594 628 704 658 tamen
729 637 758 667 o,
782 629 918 668 nostros,
941 627 1091 669 petimus,
1115 628 1259 660 relevate
1283 628 1421 668 labores,

502 676 545 708 Et
568 680 719 719 coeptum
741 681 870 720 repetat
892 678 957 710 iam
980 679 1109 721 linguae
1133 680 1260 722 guttula
1282 690 1418 711 cursum.

545 737 587 769 X.
611 737 698 780 Ergo
722 748 839 781 preces
861 739 951 771 missi
973 738 1092 771 devoto
1115 742 1249 782 pectore
1273 739 1420 779 fundunt,

500 789 657 832 Principis
679 793 716 822 ut
737 790 884 822 sobolem
907 794 1032 823 sacrato
1057 791 1167 823 deluat
1190 802 1294 831 amne,

503 840 632 874 Educet
654 845 752 885 atque
775 843 864 875 illum
886 853 946 886 per
968 843 1068 875 libros
1090 853 1163 875 rore
1186 844 1360 885 nigrantes.

504 893 567 930 Qui
589 894 616 925 si
638 893 722 926 forte
745 905 860 937 preces
882 905 948 927 non
969 895 1121 938 principis
1144 895 1266 927 abnuat
1287 895 1374 935 istas,

503 945 608 977 Huius
631 946 796 978 amicitiae
819 947 940 979 tribuat
962 947 1144 979 coniunctio
1166 947 1313 987 multum,

502 996 640 1028 Errante
664 997 696 1029 in
718 998 840 1040 populo
863 1002 900 1030 ut
921 999 1018 1030 liceat
1041 999 1230 1041 conquirere
1253 1000 1387 1038 lucrum,

505 1048 664 1080 Gentibus
687 1052 721 1081 et
743 1050 853 1082 multis
876 1050 1018 1082 divinum
1041 1061 1196 1093 spargere
1219 1051 1364 1083 verbum.

502 1099 650 1132 Assentit
674 1100 807 1133 tandem
830 1112 977 1134 carorum
1001 1102 1120 1135 famine
1143 1103 1255 1143 vietus,

504 1152 610 1184 Intrat
634 1155 668 1184 et
690 1153 808 1185 invitus
830 1154 1032 1196 praecelsam
1055 1155 1141 1197 regis
1163 1155 1196 1186 in
1218 1154 1345 1195 aedem,

504 1203 650 1247 Clipiaco
674 1205 729 1247 qui
754 1205 809 1237 illo
832 1205 999 1238 residebat
1022 1210 1168 1249 tempore
1192 1207 1277 1239 villa.

505 1256 649 1288 Offertur
670 1267 754 1299 puer
776 1257 850 1289 huic
873 1258 986 1290 alienis
1009 1261 1121 1290 vectus
1143 1259 1175 1290 in
1198 1259 1280 1290 ulnis

504 1307 575 1348 Ille,
600 1311 715 1350 quater
737 1308 823 1340 deno
848 1310 905 1346 cui,
922 1310 970 1341 sol
993 1310 1057 1341 iam
1080 1310 1215 1342 fulserat
1238 1313 1319 1342 ortu.
1363 1314 1365 1316 ’

506 1359 612 1396 Quem
635 1360 787 1392 manibus
809 1361 909 1392 sacris
931 1364 967 1392 ut
990 1361 1126 1404 sumpsit
1148 1361 1319 1404 episeopus
1343 1362 1446 1393 almus

503 1411 547 1443 Et
570 1411 642 1443 fusa
665 1414 716 1444 est
738 1415 908 1455 praestans
931 1413 1034 1445 oratio
1057 1423 1147 1445 more
1170 1416 1263 1445 sueto

503 1462 554 1495 Ac
577 1464 784 1506 consignatus
808 1465 1018 1497 caticuminus
1041 1466 1150 1497 extitit
1171 1466 1276 1498 infans

503 1515 546 1547 Et
568 1516 674 1558 precis
696 1516 729 1548 iu
751 1517 849 1548 finem
873 1517 979 1548 nullus
1001 1527 1157 1560 responsa
1179 1518 1331 1549 referret:

501 1566 575 1598 Non
597 1567 731 1599 confusa
755 1578 874 1600 sonans
897 1569 990 1600 alliso
1012 1569 1113 1600 verba
1136 1569 1257 1611 palato,

504 1618 571 1651 Sed
593 1619 687 1651 labiis
710 1620 829 1662 patulis
852 1623 886 1652 et
909 1621 997 1652 clara
1019 1631 1098 1652 voce
1122 1620 1251 1653 boando

502 1671 648 1703 Insonuit
669 1672 799 1714 populis
821 1672 1012 1704 mirantibus
1035 1673 1139 1705 ocius:
1164 1672 1290 1704 ‘amen'.

504 1722 585 1755 Inde
609 1723 766 1756 salutiferi
789 1723 993 1766 baptismatis
1015 1735 1111 1756 amne
1135 1727 1272 1756 novatus

503 1774 647 1806 Vivificis
669 1775 780 1807 retulit
803 1774 967 1818 Sigeberti
989 1786 1108 1808 nomen
1130 1776 1172 1808 ab
1196 1775 1289 1808 undis

504 1825 554 1858 Ac
577 1830 651 1869 post
673 1826 859 1859 Austrasias
882 1827 1006 1860 domuit
1030 1827 1156 1860 dicione
1179 1831 1336 1860 catervas.

547 1886 607 1918 XI.
630 1886 693 1919 Hie
715 1897 852 1927 mecum,
877 1888 989 1928 lector,
1013 1887 1144 1919 laudum
1168 1898 1321 1919 concurre
1345 1888 1466 1923 relatu;

504 1938 624 1978 Dicito,
647 1939 804 1970 sermonis
826 1940 853 1971 si
877 1939 948 1971 fons
971 1939 1029 1971 tibi
1052 1940 1160 1981 largus
1183 1939 1326 1971 abundat

504 1989 547 2022 Et
569 1991 669 2032 guttis
692 1990 821 2033 pluviae
845 2001 880 2023 se
904 1991 1034 2033 linguae
1058 1994 1226 2034 comparat
1246 1990 1364 2022 imber:

503 2041 583 2078 Quis
606 2041 715 2074 docuit
736 2052 883 2085 puerum,
907 2043 977 2084 quis
1000 2053 1122 2083 sensus,
1146 2053 1277 2085 quaero,
1301 2042 1402 2074 suasit

502 2093 668 2126 Hebraico
692 2094 798 2126 sonitu
820 2094 949 2136 ignotos
972 2094 1118 2137 proferre
1141 2094 1288 2126 fritillos?

502 2145 582 2182 Quis
603 2144 795 2188 pedagogus
818 2156 891 2177 eum
916 2145 977 2178 hac
999 2146 1092 2178 iussit
1114 2156 1194 2177 voce
1218 2145 1327 2183 boare,

505 2197 610 2234 Quem
634 2198 761 2239 vagitus
783 2197 889 2229 adhuc
911 2198 1026 2240 puerili
1049 2200 1158 2229 aetate
1182 2197 1336 2228 tenebat?

502 2249 627 2281 Enarra
649 2249 738 2294 mihi,
764 2259 898 2292 quaeso,
922 2249 1013 2281 dedit
1036 2260 1119 2291 quae
1143 2249 1231 2281 scola
1253 2248 1399 2290 loquelas

502 2301 647 2343 Ignarus,
671 2301 766 2333 docili
789 2311 853 2343 quo
877 2302 984 2333 floruit
1006 2301 1060 2333 ille
1083 2301 1250 2342 magistro.

506 2352 635 2384 Scotica
657 2363 720 2384 non
744 2356 873 2384 teneros
895 2363 1047 2395 umquam
1071 2353 1137 2384 ulla
1158 2352 1300 2383 lacessiit
1321 2354 1409 2383 artus

503 2405 574 2436 Nec
595 2405 734 2446 graciles
757 2404 849 2447 digiti
872 2415 1006 2447 parvam
1029 2407 1163 2436 tenuere
1187 2404 1353 2435 tabellam:

503 2456 546 2488 Et
568 2457 633 2488 iam
657 2455 886 2498 grandiloquos
909 2458 1041 2498 superat
1062 2455 1186 2486 ratione
1209 2454 1379 2497 sophistas.

506 2508 650 2540 Vocibus
672 2508 814 2540 externis
837 2508 978 2550 loquitur
999 2507 1186 2549 spernitque
1208 2506 1356 2538 Latinas:

502 2558 553 2591 ‘A’
576 2563 691 2591 natura
713 2559 821 2591 docet:
846 2558 942 2591 ‘men'
965 2569 1048 2601 quae
1072 2558 1238 2600 suggestio
1259 2557 1382 2590 fundit?

503 2611 577 2643 Hoc
599 2615 716 2653 musto,
740 2623 759 2643 ο
783 2611 906 2643 Iudaea
928 2611 1035 2643 solens
1059 2620 1177 2650 errare,
1201 2610 1361 2650 calebant,

1722 180 1784 211 595

244 2739 298 2767 mo
308 2740 426 2767 subolem
436 2741 461 2766 A
469 2741 493 2766 V
541 2741 624 2767 diluat
634 2741 691 2766 ΔΚ
757 2740 809 2767 308
821 2741 943 2775 clypiaco
954 2741 984 2766 K
1045 2739 1097 2766 319
1109 2740 1232 2774 sigoberti
1243 2739 1272 2766 K
1331 2739 1384 2766 328
1395 2740 1484 2766 schola
1493 2740 1522 2766 K

238 2818 291 2847 335
309 2816 488 2851 crr.Aata2‚
504 2818 543 2845 13.

1582 2739 1635 2766 330
1651 2741 1753 2766 Senties
1762 2739 1787 2765 B
