2040 2996
288 159 326 188 48
820 156 1007 183 PASCHASII
1026 155 1208 182 RADBERTI
1227 155 1403 183 CARMINA.

573 249 596 267 ⁷¹·
654 242 740 274 Proh
765 242 865 281 dolor,
890 253 966 274 ecce
988 243 1088 274 trahis
1113 253 1226 274 omnes
1251 243 1297 274 sic
1321 241 1431 273 invida
1455 245 1574 281 tecum,

653 294 707 334 Ut,
731 294 883 336 quicquid
907 295 970 326 iam
994 294 1135 326 viximus
1160 297 1306 333 actenus,
1332 294 1441 325 omnia
1464 292 1598 325 sorbas'.

652 346 735 377 Tum
758 346 942 378 veneranda
967 356 1067 386 soror,
1091 349 1236 377 nostrum
1260 345 1464 388 parvissima,
1489 345 1584 377 dixit:
1873 361 1938 381 531..

652 397 690 429 ‘O
714 397 814 429 verbo
837 408 934 439 quam
957 397 1044 429 mitis
1069 400 1139 429 erat
1160 396 1365 439 blandusque
1388 397 1556 438 magister.

653 448 720 480 Cur
742 459 801 480 nos
825 452 891 480 tam
916 449 1025 480 subito
1050 448 1173 490 liquisti
1197 448 1293 480 valde
1317 448 1457 480 tenellos
1468 451 1482 478 ’ἰ

571 507 594 525 ⁷⁵
657 500 707 531 Tu
731 500 891 542 siquidem
914 501 1048 532 moreris
1073 510 1202 543 semper
1224 510 1283 543 per
1306 501 1439 532 saecula
1461 500 1553 538 felix,

653 551 719 583 Sed
743 562 805 593 ego
829 552 920 593 virgo
945 552 1049 590 ferox,
1073 552 1182 583 multis
1206 552 1386 593 sanguinea
1409 551 1505 583 bellis

653 603 839 635 Ymbrifero
864 606 939 646 post
962 607 995 634 te
1020 604 1224 634 lacrimarum
1247 603 1336 635 fonte
1361 602 1513 634 madesco

653 655 764 697 Atque
788 655 848 687 sub
871 655 996 697 ingenti
1020 655 1146 697 gemitu
1169 665 1225 686 rea
1248 657 1382 697 pectora
1404 654 1527 691 tundo;

653 706 740 738 Hinc
762 707 880 738 faciem
903 707 1003 748 guttis
1028 706 1116 738 diluo
1141 707 1236 738 salsis
1259 707 1462 738 maculosam
1487 725 1528 730 —

572 765 597 783 ⁸0
654 758 810 795 Quamvis
833 758 929 800 nigra
950 758 1032 790 meis
1055 758 1191 790 maculis
1215 758 1274 790 sim
1299 762 1333 790 et
1356 758 1447 790 fusca
1469 759 1618 791 venenis.

654 810 700 841 Ut
722 810 817 842 niveo
842 810 934 841 vultu
957 820 1108 852 respersa
1130 810 1240 842 colore
1264 820 1411 842 rosarum

653 862 855 901 Flavescam,
879 862 1010 902 niteam,
1034 862 1170 904 flagrem
1192 861 1287 893 simul
1311 865 1409 904 atque
1431 861 1619 894 madescam

654 913 773 956 Atque,
797 914 844 945 tui
869 914 1003 945 nimium
1027 914 1118 954 felix,
1143 914 1176 945 in
1200 917 1348 956 tempore
1372 914 1536 957 plangam,

655 965 818 1003 Quamdiu
841 969 972 998 maneat
995 965 1110 997 flebilis
1134 976 1210 1008 pars
1234 966 1348 998 ultima
1370 965 1478 998 vitae'.

573 1026 598 1044 85
656 1018 740 1050 Tum
764 1029 893 1061 quoque
917 1022 1022 1051 mater
1045 1019 1101 1058 ait,
1125 1019 1217 1050 cuius
1241 1019 1282 1051 de
1305 1019 1437 1052 nomine
1460 1019 1564 1051 dicta:
1866 1032 1942 1054 sinn.

655 1070 739 1103 ‘Non
763 1082 815 1103 me
838 1074 874 1102 tu
896 1071 1038 1103 lacrimis
1064 1071 1174 1103 vinces
1199 1075 1256 1103 aut
1278 1072 1407 1104 fletibus
1431 1082 1595 1114 umquam,

655 1123 730 1155 Non
754 1126 868 1155 cantus
891 1133 1046 1155 resonare
1070 1123 1173 1162 leves,
1197 1133 1263 1155 non
1287 1123 1432 1166 pandere
1455 1126 1541 1155 vota.

654 1174 749 1206 Unde
772 1175 886 1207 velim:
911 1178 947 1206 tu
970 1175 1070 1206 misce
1092 1175 1196 1211 favos,
1220 1185 1281 1217 ego
1305 1175 1438 1207 floribus
1462 1185 1592 1212 ornem;

654 1226 704 1258 Tu
729 1236 856 1269 quoque
879 1226 1039 1269 pallentes
1064 1227 1176 1266 violas,
1201 1237 1262 1268 ego
1287 1227 1357 1258 lilia
1380 1237 1511 1269 carpam

571 1287 596 1305 ου
654 1279 698 1311 Et
725 1289 999 1321 superaspergam
1031 1278 1190 1310 tumulum
1214 1288 1311 1320 quam
1341 1278 1497 1310 suavibus
1525 1279 1652 1316 herbis;

653 1331 717 1363 Hic
742 1331 893 1373 quoniam
917 1330 1097 1372 condignus
1122 1333 1193 1362 erat
1215 1330 1406 1362 muneribus
1429 1330 1512 1369 istis,

655 1382 793 1414 Dilicias
816 1382 910 1414 nobis
934 1382 989 1424 qui
1012 1382 1133 1414 multas
1156 1382 1298 1424 prestitit
1320 1382 1391 1424 ipse

656 1434 699 1466 Et
722 1437 824 1466 totam
848 1443 943 1465 roseo
966 1436 999 1465 te
1023 1434 1129 1476 pinxit
1151 1433 1312 1475 sanguine
1338 1433 1470 1466 Christi.

656 1485 773 1517 Esaias
798 1485 879 1516 vatis
903 1484 990 1527 quod
1012 1485 1077 1517 iam
1101 1484 1290 1528 predixerat
1313 1485 1407 1516 olim:

574 1545 597 1563 ⁹5
658 1538 779 1569 Sancta
802 1537 861 1569 tibi
884 1537 958 1568 hinc
981 1538 1115 1569 veniunt
1138 1536 1329 1579 plaudentia
1352 1537 1442 1579 ligna
1465 1537 1604 1576 decoris,

655 1589 816 1621 Exultant
840 1588 920 1620 inibi
943 1592 1078 1631 myrtus,
1102 1589 1194 1620 abies
1218 1589 1286 1620 sive
1310 1588 1414 1630 pinus,

655 1641 742 1674 Vitis
766 1644 800 1674 et
822 1651 895 1681 uva,
920 1641 1028 1672 nitens
1052 1641 1151 1672 etiam
1176 1640 1360 1683 pinguescit
1383 1640 1478 1679 oliva,

656 1693 706 1724 Ac
729 1695 895 1735 tamquam
918 1692 1101 1735 paradysus
1125 1696 1159 1724 et
1182 1692 1295 1724 hortus
1317 1691 1500 1724 diliciarum

656 1745 797 1787 Inriguis
821 1744 954 1776 nutriris
978 1744 1071 1786 aquis
1096 1743 1137 1776 de
1161 1744 1284 1776 vertice
1308 1743 1400 1776 caeli.

392 1892 427 1918 70
438 1902 501 1927 prop
514 1898 542 1919 ut
553 1894 654 1926 saepius
665 1893 689 1918 A
701 1901 747 1926 pro
758 1892 806 1917 PB
868 1891 899 1917 71
915 1893 1038 1918 hactenus
1050 1892 1100 1917 AB
1163 1891 1196 1917 7⁸2
1207 1893 1249 1917 Tu
1259 1892 1292 1923 B,
1301 1901 1354 1924 pro
1362 1900 1468 1924 person.
1480 1896 1531 1917 nol.
1542 1892 1559 1923 †
1569 1891 1594 1916 P
1604 1892 1670 1917 nihil
1680 1892 1704 1917 A
1765 1891 1798 1918 75
1810 1893 1915 1918 meroris
1924 1891 1949 1917 P

290 1937 322 1962 7⁴3
342 1939 379 1962 ser
397 1946 428 1962 ex
447 1937 472 1962 P
562 1935 594 1962 77
612 1937 755 1962 Umbrifere
774 1936 799 1961 P
820 1936 954 1961 Imbrifero
973 1936 998 1960 B
1085 1934 1118 1961 ‘18
1137 1936 1214 1961 tondo
1232 1944 1298 1965 corr.
1312 1935 1338 1960 P
1421 1934 1456 1960 82
1474 1936 1586 1968 fragrem
1604 1935 1685 1966 Mal„
1703 1936 1748 1961 sed
1765 1936 1815 1968 cfr.
1829 1935 1906 1960 Ellis.
1919 1935 1948 1960 1η

291 1981 398 2006 (laudm
420 1989 449 2013 p.
475 1979 526 2005 346
547 1989 598 2012 sqq.
623 1984 646 2005 ει
672 1980 735 2005 Luc.
760 1979 881 2004 Mueller.
903 1979 932 2004 in
955 1979 1110 2004 Fleckeisen.
1135 1987 1197 2004 ann.
1219 1977 1266 2010 93,
1288 1977 1339 2004 386
1459 1978 1495 2004 85
1516 1979 1558 2003 Tu
1576 1979 1608 2010 P,
1630 1978 1692 2004 Fiu.
1711 1979 1737 2003 P
1757 1978 1823 2003 nillil
1840 1978 1902 2003 adn.
1921 1977 1947 2003 A

288 2023 322 2049 89
341 2032 447 2057 carpum
461 2024 486 2048 P
561 2023 593 2048 91
614 2027 740 2056 quantum
752 2023 778 2047 B
857 2021 891 2047 92
909 2026 931 2047 et
943 2021 978 2047 98
995 2022 1068 2047 delic.
1083 2022 1133 2046 AB
1207 2020 1240 2046 93
1257 2029 1329 2047 reseo
1348 2021 1373 2046 Ι)
1450 2019 1484 2046 94
1502 2022 1600 2054 Esayas
1614 2022 1636 2046 A
1717 2020 1752 2046 95
1769 2022 1904 2055 plaudecia
1922 2021 1948 2046 B

288 2066 322 2092 96
341 2068 462 2092 Exultem
481 2066 505 2091 Α
524 2067 641 2092 exultent
659 2066 684 2091 B
771 2064 805 2090 98
823 2069 894 2090 ortus
913 2065 962 2090 ΡΑ

395 2135 428 2161 72
445 2134 596 2161 Heromdia
613 2133 696 2168 iqitwr
713 2136 774 2160 ame
793 2133 898 2159 Novam
918 2132 1052 2159 corbeiam
1069 2131 1182 2159 condita.
1271 2132 1304 2158 76
1323 2131 1425 2165 &agitat
1443 2131 1475 2158 dc
1493 2131 1563 2158 bellis
1581 2141 1600 2158 α
1613 2131 1718 2158 Karolo
1730 2132 1771 2158 M.
1783 2131 1814 2158 in
1826 2131 1949 2158 Samia

287 2187 376 2220 uestis,
402 2195 516 2220 quorum
538 2185 702 2213 numumenti
723 2193 805 2212 causa
827 2184 906 2211 Nova
926 2183 1035 2211 Cor-beia
1058 2186 1081 2210 et
1099 2183 1248 2210 Hmordia
1269 2183 1390 2210 conditae
1413 2191 1466 2209 esse
1488 2183 1667 2218 finyelnmlur,
1692 2183 1737 2216 cfr.
1756 2183 1822 2218 reyis
1837 2183 1950 2217 Armdfi

289 2238 352 2272 dipl.
371 2247 414 2272 ap.
432 2238 564 2265 Wilmans
582 2237 740 2264 Kaisemrk.
760 2237 852 2269 Westf'.
869 2236 897 2269 I,
917 2235 969 2262 210
986 2238 1010 2262 et
1026 2235 1090 2262 ibid.
1110 2235 1269 2261 matremaem
1287 2234 1415 2261 Isudom’ci
1434 2235 1466 2261 P.
1486 2235 1606 2268 quamvis
1630 2234 1756 2261 sublestae
1779 2235 1843 2268 fidei
1862 2243 1892 2269 Ρ.
1906 2235 1948 2263 18.

291 2290 324 2317 78
343 2290 444 2317 Bedal.
457 2291 472 2316 l.
495 2290 526 2317 14
544 2290 672 2323 Dumque
695 2297 747 2324 ego
772 2288 927 2323 percutiam
951 2287 1055 2322 pugnis
1078 2295 1126 2314 rea
1150 2288 1272 2321 pectora.
1367 2287 1400 2312 79
1419 2285 1521 2313 Bodal.
1534 2287 1552 2313 l.
1573 2286 1604 2312 17
1629 2285 1683 2313 Sed
1708 2287 1844 2314 maestam
1867 2286 1949 2313 salsis

290 2341 388 2368 faciem
407 2341 568 2376 perfundite
586 2341 684 2376 guttis.
754 2341 788 2367 84
808 2340 866 2366 ΕΟΖ.
879 2339 930 2373 IV,
949 2340 983 2366 53
1003 2339 1025 2366 Ο
1043 2338 1114 2365 1111111
1133 2340 1192 2365 tam
1210 2338 1312 2373 longae
1332 2339 1446 2365 maneat
1464 2347 1528 2372 pars
1546 2338 1648 2365 ultima
1666 2338 1734 2365 vita.
1805 2338 1840 2365 94
1857 2337 1949 2365 Isaiae

290 2394 331 2424 55,
352 2394 383 2420 12
394 2402 431 2427 sq.
451 2398 558 2420 montes
577 2394 606 2420 et
624 2393 708 2420 colles
727 2392 883 2419 cantabunt
901 2399 993 2418 coram
1010 2391 1087 2418 vobis
1106 2391 1218 2417 laudem
1238 2391 1266 2417 et
1284 2390 1378 2417 omnia
1394 2389 1472 2424 ligna
1484 2389 1607 2424 regionis
1620 2389 1757 2424 plaudent
1769 2397 1863 2416 manu.
1883 2389 1948 2416 -Pro

291 2445 417 2472 saliunca
435 2445 566 2471 ascendet
583 2445 660 2472 abies
680 2446 709 2471 et
727 2452 777 2478 pro
795 2443 886 2470 urtica
905 2445 1009 2470 crescet
1026 2444 1148 2477 myrtus;
1165 2443 1215 2476 cfr.
1227 2442 1290 2469 thid.
1302 2443 1345 2474 41,
1365 2443 1398 2468 18
1409 2450 1446 2476 sq.
1464 2445 1487 2468 et
1504 2442 1547 2469 od.
1565 2441 1629 2475 VII,
1646 2442 1680 2469 65
1691 2450 1730 2475 sq.
1807 2442 1842 2468 98
1860 2441 1946 2469 Raab.

297 2496 325 2522 V.
341 2496 375 2523 A.
393 2496 435 2527 85,
454 2496 504 2522 339
524 2496 603 2523 Unde
628 2495 742 2522 interim
765 2495 877 2529 quando
902 2494 980 2521 aliud
1003 2503 1059 2521 non
1078 2494 1215 2525 valemus,
1243 2494 1305 2520 iura
1329 2493 1448 2528 sepulcri
1474 2493 1515 2520 tui
1542 2494 1641 2520 flentes
1663 2493 1896 2520 circumsedemus
1921 2494 1950 2520 et

291 2547 567 2582 superadspergimus
586 2547 744 2574 orationum
762 2547 841 2574 flores
861 2567 866 2573 .
879 2567 885 2574 .
899 2568 903 2574 .
922 2547 995 2573 Nam
1013 2547 1137 2573 nostrum
1157 2545 1206 2572 alii
1225 2545 1364 2580 pallentes
1376 2545 1464 2572 violas
1477 2545 1530 2572 tibi
1544 2546 1573 2572 et
1585 2544 1735 2572 candentis.
1747 2544 1809 2571 lilia
1821 2546 1950 2579 carpunt,

291 2599 339 2626 alii
359 2599 510 2626 narcissum
529 2601 557 2626 et
576 2599 704 2626 florentes
726 2608 813 2632 rosas,
837 2599 886 2626 alii
905 2598 1049 2633 serpillum
1069 2597 1262 2624 beneolentem
1280 2598 1430 2631 spargunt;
1451 2597 1498 2623 isti
1521 2596 1658 2624 colocasia
1677 2597 1706 2623 et
1723 2596 1856 2623 mollibus
1875 2596 1948 2623 illud

290 2651 408 2678 vaciuiis
432 2651 567 2685 pingunt,
595 2651 709 2685 quidam
734 2652 763 2678 et
786 2659 884 2678 suaves
911 2649 1104 2677 intermiscent
1127 2648 1223 2676 odores
1247 2650 1298 2675 etc.
1343 2647 1419 2675 Haec
1441 2651 1467 2675 et
1489 2649 1591 2683 eyloyae
1611 2656 1704 2675 versus
1721 2656 1755 2674 ea:
1770 2648 1814 2675 ed.
1831 2648 1878 2682 Π,
1897 2649 1945 2676 4¹1:

291 2703 426 2730 Pallentis
449 2703 537 2730 violas
561 2704 590 2729 et
608 2712 715 2729 sunnna
733 2711 874 2737 papavera
898 2702 1033 2737 carpens!
1050 2701 1201 2728 narcissum
1229 2702 1258 2727 et
1280 2701 1374 2727 florem
1396 2699 1491 2734 iungit
1514 2700 1584 2726 bene
1608 2699 1710 2726 olentis
1733 2699 1838 2727 anethi.
1854 2701 1859 2732 Ι
1874 2701 1943 2732 tum,

291 2754 366 2782 casia
388 2756 474 2788 atque
498 2754 562 2781 aliis
580 2754 707 2781 intexens
726 2754 857 2781 suavibus
875 2754 975 2786 herbis,
992 2755 996 2788 Ι
1011 2753 1110 2780 mollia
1128 2752 1234 2779 luteola
1253 2752 1348 2787 pingit
1365 2751 1494 2789 vaccinia
1511 2751 1606 2779 caltha
1625 2753 1686 2782 etc,
1710 2750 1759 2783 cfr.
1776 2751 1820 2778 ecl.
1834 2751 1886 2784 IV,
1904 2751 1940 2778 20

291 2807 324 2832 99
343 2805 432 2833 Sedul.
448 2805 495 2839 VI,
514 2806 565 2832 224
585 2805 697 2840 irriguis
716 2815 764 2832 ora
783 2805 908 2832 nutritur
926 2804 1013 2839 aquis.
1051 2804 1116 2831 Aen.
1130 2804 1152 2837 I,
1172 2804 1233 2830 225:
1253 2803 1292 2830 sic
1311 2803 1415 2830 vertice
1433 2803 1511 2831 caeli.
