2092 3094
777 186 826 213 AD
843 187 1023 214 KAROLUM
1042 187 1201 215 CALVUM.
1751 193 1814 224 249

968 283 1011 305 Vl.

528 327 660 367 Exulta,
684 328 807 360 laetare
831 329 921 369 satis,
946 340 1005 361 rex
1027 329 1137 362 inclite
1160 330 1277 370 David,

574 379 708 421 Egregii
733 380 798 411 voti
821 391 955 423 compos
978 380 1100 423 ubique
1123 382 1181 415 tui.

528 430 636 470 Oarie,
660 431 762 463 decus
786 432 889 474 regni,
913 432 970 464 sax
993 433 1105 471 cosmi,
1129 433 1233 475 gloria
1257 434 1345 474 cleri,

573 481 726 514 Eclesiae
750 483 859 514 fautor
881 483 1083 526 militiaeque
1106 484 1215 523 decor,

457 540 469 558 ⁵
527 533 579 564 En
601 533 665 565 iam
687 534 773 566 lecta
795 534 855 566 tibi
879 535 982 567 series
1005 539 1171 568 transacta
1193 540 1334 577 vetusta,

575 584 642 617 Sed
664 596 748 617 nova
770 586 831 618 rite
855 597 996 629 sequens
1019 587 1083 619 ista
1106 588 1246 630 legenda
1269 592 1370 631 patet.

527 637 628 669 Cuius
652 637 685 669 in
707 638 799 670 initio
823 638 910 670 clare
934 639 1112 681 primordia
1135 640 1224 672 clara

574 688 741 721 Mattheus
765 689 886 722 domini
910 690 1051 722 concinit
1073 701 1116 722 ex
1139 692 1263 733 genesi.

528 740 598 772 Ocu
620 741 672 773 leo
695 752 754 784 per
777 741 909 774 deserta
932 742 1042 775 fremit
1065 743 1196 776 deserta
1218 745 1370 777 minando

446 800 470 818 1⁰
574 792 649 825 Vox
670 796 738 834 tua,
761 793 883 834 Marce,
907 805 966 826 suo
990 794 1073 826 fulta
1094 806 1239 837 perenne
1263 796 1337 828 deo.

527 844 666 887 Mystiea
689 855 783 877 sacra
805 856 898 878 sacre
921 846 1024 888 partis
1047 857 1107 889 per
1130 851 1283 889 quattuor
1306 848 1394 880 orbis

573 896 652 928 Fert
675 897 817 929 studium
840 897 951 930 Lucae
974 898 1055 930 lucis
1078 899 1119 930 ab
1143 909 1219 931 arce
1243 900 1330 942 piae.

526 947 580 980 Ad
603 949 750 991 genitum
771 950 874 992 patris
899 960 998 992 super
1019 950 1164 990 aethera,
1190 951 1278 983 celse
1301 952 1478 992 Iohannes,

575 1000 712 1032 Scandis
735 1001 768 1033 et
791 1012 834 1033 ex
856 1001 955 1033 verbo
978 1002 1081 1034 verba
1105 1003 1240 1035 colenda
1264 1004 1365 1035 canis.

444 1059 469 1078 ¹⁵
526 1051 649 1084 Eximii
670 1052 705 1084 hi
728 1053 852 1085 iaciunt
874 1053 940 1086 late
964 1054 1120 1096 mysteria
1145 1054 1276 1095 Christi,

573 1104 611 1135 In
635 1115 735 1136 sensu
757 1104 852 1147 parili
876 1105 1140 1148 conveniuntque
1164 1106 1237 1139 sibi.

524 1156 644 1188 Plusve
664 1156 812 1188 minusve
832 1156 885 1188 vel
905 1167 1011 1199 aequa
1030 1158 1140 1198 boant,
1164 1169 1224 1190 sua
1245 1158 1355 1200 sicque
1372 1157 1555 1197 dehiscunt,

571 1206 730 1239 Attamen
753 1208 890 1240 effectus
914 1219 998 1240 unus
1022 1209 1174 1252 utrinque
1197 1220 1313 1242 novus.

525 1258 598 1290 Hoc
621 1259 830 1301 euangelium
853 1263 949 1292 sanat
970 1259 1137 1292 blanditur
1159 1260 1298 1292 honorat

443 1318 469 1337 20
573 1309 722 1352 Castigat
744 1311 849 1342 reficit
870 1312 974 1343 munit
997 1311 1148 1343 honestat
1171 1312 1238 1345 alit.

525 1361 591 1393 Hic
613 1361 730 1393 modus
753 1362 886 1401 effandi,
909 1362 961 1394 hic
984 1362 1098 1402 virtus,
1122 1363 1174 1394 hic
1198 1363 1283 1395 actio
1307 1363 1438 1403 munda,

572 1413 637 1445 Hie
661 1413 762 1454 cibus,
785 1413 836 1445 hic
859 1417 966 1457 potus,
988 1414 1040 1446 hic
1063 1414 1239 1447 benedicta
1264 1415 1364 1454 salus,

525 1464 590 1496 Hic
613 1465 681 1497 vita
705 1465 823 1497 caritas
846 1465 900 1497 via
923 1476 999 1508 spes
1022 1476 1200 1508 verumque
1223 1465 1369 1508 fidesque

573 1515 640 1549 Seu
663 1516 749 1548 bona
772 1520 890 1548 cuncta
913 1517 1010 1549 simul
1034 1517 1222 1550 consociata
1243 1517 1371 1560 vigent:

443 1573 468 1592 2⁵
524 1566 586 1598 His
611 1578 777 1608 assuesce,
801 1567 856 1600 diu
879 1568 962 1600 haec
985 1568 1155 1609 meditare,
1178 1569 1260 1601 haec
1282 1568 1383 1611 dilige
1408 1569 1477 1601 sive

569 1618 607 1650 In
630 1629 791 1659 sermone,
815 1630 914 1662 opere
937 1619 1020 1652 haec
1042 1620 1190 1652 habitare
1215 1620 1320 1653 stude.

525 1669 601 1702 Rex
622 1670 718 1711 bone,
741 1682 800 1703 rex
822 1671 965 1714 sapiens,
989 1682 1049 1704 rex
1070 1671 1224 1714 prudens,
1248 1682 1309 1703 rex
1331 1672 1526 1712 venerande,

570 1721 645 1754 Rex
669 1721 784 1755 Carole
807 1722 903 1762 alme,
926 1723 999 1755 vale
1022 1733 1094 1754 cum
1118 1722 1250 1766 pietatis
1274 1734 1346 1766 ope.

527 1772 593 1805 Det
616 1774 675 1806 tibi
699 1777 831 1817 sceptra
854 1775 957 1817 patris
980 1774 1086 1814 Iesus,
1111 1774 1290 1815 confirmet,
1315 1774 1447 1815 adunet,

443 1831 469 1850 ³⁰
573 1825 725 1858 Proemia
748 1829 933 1858 sanctorum
955 1829 990 1858 ut
1013 1826 1180 1859 merearis.
1225 1826 1340 1859 Amen.

957 1913 1009 1936 vu.

525 1958 598 1990 Rex
620 1958 719 1990 micat
740 1959 914 1992 aethereus
935 1959 1095 2002 condigne
1118 1960 1187 1992 sive
1211 1960 1391 2003 prophetae

571 2009 646 2051 Hic,
669 2010 883 2053 euangelicae
906 2014 1060 2054 quattuor
1082 2014 1181 2053 atque
1204 2011 1315 2043 tubae.

954 2097 1018 2120 vm.

525 2143 590 2176 Hic
614 2143 750 2176 Saulum
771 2144 922 2176 dominus
945 2148 1067 2184 caecat,
1091 2144 1166 2177 hinc
1190 2145 1295 2177 fundit
1317 2145 1350 2177 in
1373 2146 1470 2177 imam

573 2195 717 2234 Terram,
742 2199 816 2239 post
839 2196 978 2228 trahitur
1000 2207 1129 2235 (saecun,
1153 2199 1188 2228 ut
1210 2197 1257 2229 ire
1281 2200 1390 2239 queat.

525 2247 712 2291 Alloquitur
734 2247 880 2280 Sabaoth
904 2248 1090 2280 Annaniam
1113 2258 1271 2290 quaerere
1296 2248 1441 2288 Saulum,

573 2298 696 2331 Reddit
718 2302 752 2331 et
775 2310 816 2332 en
839 2300 897 2332 olli
919 2300 1044 2331 lumina
1066 2299 1218 2342 adempta
1241 2299 1314 2332 sibi.

458 2357 469 2376 ⁵
529 2350 635 2387 Quam
657 2342 752 2392 bene,
776 2354 900 2391 sancte,
923 2350 1023 2383 doces
1048 2350 1158 2382 vitalia
1181 2350 1346 2393 dogmata,
1369 2351 1483 2391 Paule,

572 2402 625 2434 Ex
648 2403 734 2436 serie
758 2403 867 2446 prisca
889 2402 1026 2435 caelitus
1049 2405 1148 2445 atque
1172 2412 1267 2435 nova.

966 2489 1008 2511 lx.

627 2534 760 2577 Septem
785 2534 902 2577 sigillis
925 2545 1029 2576 agnus
1052 2534 1210 2566 innocens
1233 2533 1336 2565 modis

627 2586 765 2629 Signata
787 2587 873 2618 miris
897 2587 986 2618 iussa
1009 2586 1140 2618 disserit
1164 2586 1274 2629 patris.

267 2713 322 2748 [vi]
333 2716 360 2749 s.
378 2714 430 2741 329
551 2714 618 2749 [vin]
631 2717 658 2749 s.
676 2715 736 2742 329⁴
859 2714 933 2749 [vm]
945 2716 972 2749 f.
990 2714 1050 2741 386¹
1172 2713 1229 2748 [ix.]
1241 2715 1268 2748 f.
1285 2714 1345 2740 415⁴

268 2782 324 2817 [vn]
347 2782 380 2810 21
409 2782 548 2816 Thoodulf.
566 2783 655 2817 praefi
677 2782 735 2809 buu.
756 2782 807 2809 217
829 2782 904 2810 actio
928 2782 1039 2809 munda.
1173 2782 1238 2817 [vu.]
1262 2782 1374 2809 Alcuim·
1398 2784 1436 2809 est
1459 2782 1507 2815 cfr.
1526 2781 1674 2810 Wcstwood
1691 2785 1715 2810 ot
1732 2783 1812 2810 catal.

164 2833 332 2861 Lmtde'nens.
350 2834 377 2860 11.
394 2842 439 2861 oc..
562 2834 620 2869 [ιι]
638 2834 750 2862 Alcuim'
766 2837 803 2862 est
820 2835 867 2868 cfr.
880 2834 907 2861 Π.
919 2842 961 2862 oc..

266 2884 369 2909 Por-ru
387 2890 471 2909 urm
489 2890 548 2915 nyx
566 2883 692 2909 emotum
710 2884 755 2910 ΠΙ.
1570 2882 1604 2908 32
