2060 3074
789 94 877 122 VITA
896 94 922 121 S.
937 94 1089 122 AMANDI.
1120 95 1228 122 LIBER
1241 95 1260 121 1.
1784 99 1846 128 569

198 182 231 206 X.
250 181 324 213 Quod
341 181 372 206 ad
390 182 536 214 sepulcrum
555 182 640 207 sancti
657 183 763 208 Martini
781 192 856 208 orans
873 187 950 216 caput
968 183 1018 208 sibi
1035 183 1180 208 totonderit.
1200 197 1232 201 —
1250 183 1296 207 XI.
1315 183 1432 214 Qualiter
1445 183 1585 208 Bitturieas
1598 183 1670 215 petiit
1688 186 1713 208 et
1725 183 1756 208 de
1770 182 1847 209 absti-

198 224 287 249 nentia
304 228 330 249 et
348 225 542 249 conversatione
566 225 655 258 ipsius.
683 239 716 243 —
744 226 801 250 XII.
820 226 870 251 Ubi
889 227 994 251 Romam
1018 226 1076 250 fidei
1099 226 1188 251 ardore
1213 226 1390 259 proficiscitur.
1419 239 1450 243 -
1479 226 1549 250 XIII.
1578 226 1627 250 Ubi
1650 234 1666 250 a
1687 226 1792 251 custode
1815 227 1846 251 de

197 267 307 292 ecelesia
330 267 441 299 pellitur.
466 280 498 284 —
524 267 593 292 xtv.
617 268 763 301 Apparente
786 269 861 293 Petro
882 272 1044 293 ammonetur
1067 269 1100 293 ad
1123 269 1223 294 Gallias
1249 269 1337 294 redire.
1362 282 1394 286 --
1420 269 1476 294 XV.
1500 268 1607 293 Reditus
1631 269 1713 294 sancti
1737 270 1847 294 refertur

553 311 680 343 simulque
698 311 802 336 libellus
819 319 879 336 cum
897 319 971 344 prece
989 311 1086 337 finitur.
1105 324 1138 329 —
1157 311 1250 337 le'r
1268 312 1492 337 BREVIARIUM.

378 405 519 442 LIBER
546 406 727 442 PRIMUS
754 406 982 443 SUSCEPTI
1009 407 1181 443 OPERIS
1209 407 1459 444 FELICITER
1487 407 1675 444 INCIPIT.

605 481 630 512 I.
654 480 788 512 Arbiter
810 481 1024 523 omnipotens,
1046 481 1211 514 hominum
1234 493 1405 525 rerumque
1429 486 1556 515 creator

562 531 715 563 Errorum
738 532 882 564 tenebris
904 532 1023 564 mundo
1046 536 1204 574 pereunte
1227 527 1376 566 misertus

561 582 705 625 Virginis
726 583 858 615 intravit
880 584 1057 615 thalamum
1080 584 1299 627 intactumque
1323 587 1450 628 paravit
1492 599 1495 600 ⁷

562 633 747 678 Hospitium
770 635 909 674 sibimet,
934 636 1063 667 clausae
1087 646 1183 678 quam
1204 637 1333 668 nomine
1357 640 1471 679 portae

505 698 516 716 ⁵
560 685 750 718 Hiezechiel
773 687 888 729 signat,
913 698 1010 729 quam
1033 687 1139 719 nullus
1163 688 1309 720 conditus
1331 689 1438 730 intrat,

561 737 603 769 Ni
626 739 723 780 solus,
747 739 798 771 eui
820 739 929 771 clausa
952 742 1066 782 patent
1087 739 1283 780 habitacula,
1307 740 1462 772 Christus.

562 789 671 832 thue
694 791 798 833 magis
824 794 955 833 stupeas
978 790 1130 833 quodque
1154 794 1203 822 est
1226 792 1372 823 mirabile
1397 792 1493 831 dictu,

562 840 729 882 Caelestis·
743 842 887 874 clausam
910 842 1094 884 penetravit
1115 842 1211 874 ianua
1233 845 1374 885 portam;

562 891 657 924 Unde
681 892 786 925 Maria
808 893 856 925 sui
880 893 1021 936 genitrix
1044 893 1162 925 effecta
1183 894 1327 936 parentis

490 955 515 975 ιο
558 943 701 986 Virginis
724 945 876 988 antiquae
900 944 1054 977 delictum
1078 944 1181 977 deluit
1202 944 1303 986 Evae,

561 994 702 1028 Protulit
726 999 760 1027 et
780 995 900 1028 mundo
925 1006 1036 1028 verum
1059 996 1128 1028 sine
1151 997 1274 1028 semine
1296 997 1443 1029 fructum.

560 1046 648 1090 Ergo
670 1047 726 1080 ubi
749 1048 922 1090 conspicuo
945 1048 1104 1090 processit
1126 1048 1248 1080 honore
1271 1049 1459 1092 redemptor

560 1098 604 1130 Et
625 1099 744 1131 mundo
768 1099 888 1131 effulsit
911 1099 1046 1131 Phoebo
1069 1100 1250 1132 rutilantior
1270 1101 1352 1143 ipso,

559 1150 713 1183 Pastores
735 1161 889 1194 pecuum
911 1151 1005 1194 proni
1027 1151 1194 1194 pressique
1218 1162 1337 1194 pavore

488 1215 513 1234 ιε
557 1202 757 1246 Oonspicuos
780 1203 867 1235 cives
889 1212 1020 1235 carmen
1042 1203 1184 1235 caeleste
1208 1207 1362 1235 canentes

559 1254 725 1287 Audivere
748 1255 842 1287 astris
865 1255 998 1286 arrectis
1021 1254 1162 1296 auribus,
1185 1258 1298 1287 auctor

560 1305 614 1338 Ad
637 1309 740 1338 terras
763 1316 871 1338 rerum
894 1305 982 1348 quod
1005 1306 1132 1338 venerit
1155 1309 1188 1338 et
1210 1310 1388 1350 reparator,

560 1356 658 1390 Cuius
680 1358 713 1390 in
736 1361 853 1390 exortu
876 1357 1010 1390 caelesti
1032 1358 1138 1400 gloria
1160 1368 1261 1400 regno

560 1409 598 1441 In
621 1409 780 1452 terrisque
803 1409 888 1441 foret
911 1409 1034 1441 homini
1057 1419 1123 1452 pax
1146 1412 1258 1441 sancta
1279 1409 1409 1442 volenti.

487 1473 514 1492 πο
557 1460 655 1492 Astra
677 1461 744 1504 poli
766 1471 908 1501 sensere,
931 1471 1007 1492 suus
1030 1460 1117 1503 quod
1140 1460 1287 1493 eonditor
1309 1464 1405 1502 esset,

559 1512 614 1544 Ad
637 1513 726 1545 cuius
749 1522 847 1544 cunas
870 1512 998 1544 stellam
1021 1512 1139 1544 misere
1163 1523 1343 1550 coruscam;

557 1563 720 1607 Huncque
742 1574 835 1596 suum
859 1563 1024 1596 dominum
1047 1559 1184 1607 pelagus
1208 1567 1405 1606 cognoverat
1431 1575 1513 1605 esse,

560 1615 604 1648 Se
626 1616 746 1658 plantis
768 1616 857 1648 cuius
881 1615 1038 1648 calcabile
1062 1615 1213 1658 praebuit
1235 1616 1344 1653 almis;

559 1665 615 1698 Sol
639 1677 768 1710 quoque
791 1665 965 1707 condoluit,
989 1677 1066 1699 cum·
1084 1666 1184 1698 fixum
1208 1667 1317 1710 stipite
1340 1666 1431 1708 vidit,

487 1730 513 1749 25
556 1717 655 1750 Flens
677 1718 816 1750 famulus
839 1717 1004 1750 dominum
1027 1718 1119 1750 furvo
1141 1717 1266 1750 velatus
1290 1718 1424 1755 amictu;

558 1769 725 1813 Terraque
749 1770 911 1812 cognovit,
935 1769 1064 1812 quando
1089 1773 1138 1802 est
1161 1780 1316 1802 concussa
1339 1773 1480 1802 tremore

558 1821 715 1854 Horribili
739 1822 848 1854 fractis
870 1825 1054 1854 sanctorum
1077 1822 1137 1853 rite
1161 1822 1329 1864 sepulcris;

558 1873 772 1916 Infernusque
795 1883 918 1916 pavens
941 1873 1082 1914 tremuit,
1106 1883 1178 1904 cum
1202 1873 1342 1904 claustra
1364 1873 1494 1905 revulsa

557 1924 648 1957 Vidit
670 1925 843 1968 conspicuo
867 1924 1038 1956 confractis
1061 1924 1182 1956 lumine
1204 1923 1316 1956 valvis.

486 2000 512 2020 ιο
598 1988 642 2020 Π.
665 1987 733 2020 Sed
755 1988 831 2030 quia
853 1987 1037 2029 terrigenae
1060 1996 1172 2028 regem
1195 1995 1294 2028 super
1317 1985 1425 2016 omnia
1447 1984 1585 2016 necdum

557 2039 654 2072 Hune
677 2040 746 2072 fore
769 2038 948 2071 credebant
970 2038 1142 2070 simulacra
1163 2036 1304 2069 nefanda
1326 2039 1478 2079 putantes

558 2091 622 2124 Pro
645 2091 750 2124 dolor!
775 2101 847 2123 esse
871 2090 961 2131 deos,
984 2100 1049 2122 non
1071 2089 1208 2132 amplius
1230 2089 1293 2120 ista
1315 2098 1448 2120 manere

557 2142 678 2175 Passus
701 2146 735 2174 et
757 2142 909 2185 antiquae
931 2151 992 2174 nec
1015 2140 1133 2173 damna
1156 2141 1267 2182 vigere
1291 2140 1402 2171 ruinae

557 2195 667 2238 Elegit
690 2194 857 2237 quosdam,
882 2204 962 2236 quos
985 2193 1090 2236 gratia
1112 2193 1182 2224 sola
1203 2192 1324 2232 beavit,

486 2259 512 2279 ³5
555 2247 620 2279 Per
642 2257 722 2289 quos
745 2245 924 2288 quadrifido
947 2244 1058 2277 mundi
1081 2244 1140 2276 sub
1165 2243 1295 2276 cardine
1318 2246 1434 2285 gentes

559 2299 724 2335 Salvaret:
749 2299 864 2342 quibus
888 2297 1030 2330 ostendit
1052 2295 1207 2329 miracula
1228 2304 1348 2336 magna

557 2351 727 2384 Defunctis
750 2351 848 2383 vitam
871 2349 1026 2390 tribuens,
1051 2348 1131 2380 dans
1154 2347 1274 2379 lumina
1298 2346 1411 2378 caecis.

293 2500 327 2526 X.
345 2499 509 2533 sepulchrum
526 2499 562 2532 (et
578 2499 614 2525 tic
631 2497 741 2531 semper)
761 2497 786 2522 V
833 2496 942 2522 totondit
960 2495 985 2520 B
1072 2494 1118 2519 XI.
1138 2493 1262 2519 bituricas
1283 2492 1329 2518 VB
1382 2491 1464 2526 petiit]
1483 2493 1548 2518 adiit
1565 2493 1590 2518 B

296 2542 330 2568 10
346 2550 413 2576 neue
425 2543 451 2568 Β
537 2542 570 2568 16
586 2543 696 2576 arreptis
709 2541 733 2566 A

293 2628 363 2654 4-6
387 2627 444 2661 C't'r.
467 2627 562 2654 Enoch.
581 2627 623 2660 44,
643 2627 668 2654 2.
768 2625 800 2652 16
826 2624 895 2651 Aen.
920 2624 937 2649 1
957 2623 1015 2654 152,
1044 2622 1080 2648 ΙΙ
1091 2622 1143 2648 303
1169 2621 1284 2647 arrectis
1312 2620 1434 2647 auribus.
1534 2621 1574 2648 18.
1598 2621 1630 2647 19
1657 2620 1725 2648 Luc.
1752 2621 1777 2654 2,
1800 2620 1840 2646 14.

190 2680 224 2707 2⁷
245 2679 336 2707 Soa-a.
354 2687 435 2706 cm.
449 2679 543 2713 pasch.
562 2678 650 2706 1⁷2oe
667 2678 792 2704 infernae
812 2678 927 2711 patuere
946 2675 1008 2702 viae
1026 2675 1182 2708 ruptaeque
1202 2673 1338 2699 fatiscunt
1353 2672 1358 2706 1
1373 2671 1465 2698 divisa
1482 2679 1608 2706 conpage
1633 2673 1744 2706 petrae,
1768 2671 1839 2698 redi-

193 2731 259 2759 viva
276 2731 419 2758 iacentum
434 2730 439 2765 Ι
454 2738 569 2765 corpora
588 2731 746 2756 sanctorum
767 2728 863 2755 fractis
882 2727 976 2754 abiere
994 2725 1157 2760 sepulchris.
