2060 3074
304 136 365 167 730

618 809 664 838 10.

619 1107 666 1135 11.

619 1401 666 1431 12.

619 1696 667 1725 13.

621 1995 667 2024 14.

622 2294 669 2322 15.

411 2644 435 2678 8,
448 2645 465 2671 4
486 2647 584 2672 offensa
602 2645 635 2679 P]

309 2689 409 2721 permisi
429 2688 454 2713 P

308 2730 325 2756 4
342 2731 478 2764 uulneraq3
500 2732 603 2766 degenti
625 2741 664 2758 me
683 2732 841 2765 delinquenti
861 2731 886 2757 A

308 2783 356 2799 uos
375 2773 410 2807 A]
430 2775 526 2800 interea
544 2775 569 2800 Ρ
619 2776 756 2801 ehoeredes
774 2775 799 2800 A

920 131 1142 159 GODESCALCI
1162 131 1339 158 CARMINA.

658 242 665 249 .
690 217 718 248 O
743 217 832 258 deus,
855 218 963 249 miseri

744 269 898 300 miserere
922 269 1016 301 servi.

688 321 766 353 iram
791 324 879 352 tuam
902 321 1077 364 provocavi

689 372 828 415 ideoque
852 375 885 404 te
910 372 1030 404 offendi
1082 398 1085 401 .

741 426 817 468 heu,
841 426 918 469 quid
942 427 1050 459 evenit
1072 426 1160 457 mihi.

658 538 665 544 .
690 512 718 544 O
743 512 833 554 deus,
856 513 966 544 miseri

741 566 897 597 miserere
920 566 1014 598 servi.

689 617 747 648 sed
770 617 847 660 quid
869 618 962 660 plura
986 617 1090 649 dicam
1113 617 1182 657 tibi,

687 670 774 701 mala
797 679 966 712 quaequae
990 669 1174 711 permisisti,

742 722 817 763 heu,
841 721 919 764 quid
942 722 1050 754 evenit
1072 721 1161 753 mihi.

689 806 718 838 Ο
742 806 831 848 deus,
854 807 964 839 miseri

742 860 897 891 miserere
921 859 1015 891 servi.

689 922 767 953 ergo
790 912 855 943 iam
879 921 1028 943 succurre
1051 910 1150 951 flenti,

688 964 812 995 scelera
834 963 894 995 tibi
917 963 1040 1004 fatenti,

743 1016 818 1057 heu,
842 1015 920 1059 qnid
942 1015 1052 1047 evenit
1073 1014 1161 1047 mihi.

692 1103 720 1135 Ο
745 1103 835 1144 deus,
859 1103 969 1135 miseri

743 1156 898 1188 miserere
922 1156 1015 1188 servi.

690 1208 772 1240 affer
795 1218 892 1251 opem
913 1207 1071 1250 indigenti

689 1262 888 1304 vulneraque
912 1260 1080 1303 detegenti

743 1313 818 1355 heu,
842 1312 919 1356 quid
942 1312 1052 1345 evenit
1073 1311 1161 1344 mihi.

690 1398 719 1431 Ο
744 1398 835 1440 deus,
857 1397 968 1430 miseri

744 1451 899 1483 miserere
922 1449 1016 1482 servi.

693 1503 830 1535 subveni
852 1505 885 1535 te
908 1501 1070 1534 invocanti

691 1554 842 1587 dextram
865 1554 916 1595 da,
941 1563 1038 1596 quem
1061 1552 1238 1593 redemisti,

744 1607 820 1648 heu,
845 1605 923 1649 quid
946 1605 1055 1638 evenit
1076 1604 1164 1637 mihi.

692 1692 720 1725 Ο
746 1691 837 1734 deus,
860 1691 971 1724 miseri

745 1744 901 1776 miserere
925 1742 1019 1775 servi.

690 1797 788 1839 igitur
809 1806 877 1836 vos,
902 1805 1014 1827 omnes
1037 1793 1149 1834 sancti,

692 1851 826 1881 exorate
848 1858 947 1891 prece
971 1847 1056 1879 dulci

745 1901 820 1942 heu,
845 1899 923 1943 quid
946 1900 1055 1932 evenit
1077 1899 1164 1931 mihi.

691 1992 720 2024 O
744 1992 835 2033 deus,
858 1991 969 2024 miseri

745 2045 900 2076 miserere
924 2043 1019 2075 servi.

692 2097 778 2128 alma
800 2099 845 2137 tu,
869 2095 982 2136 Maria,
1006 2095 1053 2126 tui

691 2149 875 2180 interventu
895 2157 980 2179 nunc
1003 2146 1124 2178 salubri

745 2200 821 2241 heu,
845 2199 923 2243 quid
945 2199 1055 2232 evenit
1076 2197 1164 2230 mihi.

694 2290 722 2322 O
747 2290 836 2330 deus,
859 2289 970 2321 miseri

746 2342 901 2374 miserere
925 2340 1020 2373 servi.

693 2397 803 2426 sancte
826 2392 999 2433 Michahel,
1021 2392 1138 2434 insigni

693 2446 910 2489 deprecentur
931 2447 1030 2488 atque
1053 2444 1159 2476 cuncti

748 2498 823 2538 heu,
848 2497 926 2540 quid
948 2497 1057 2530 evenit
1081 2496 1170 2528 mihi.

663 2647 759 2672 offenso
788 2645 813 2670 A
917 2644 972 2678 9‚3
997 2645 1068 2678 seely
1097 2643 1122 2669 A

556 2689 596 2722 10,
609 2689 626 2714 3
644 2690 746 2715 domine
767 2689 855 2714 clienti
876 2689 904 2714 in
925 2688 1042 2722 margine
1064 2687 1126 2713 add.
1149 2686 1175 2713 Δ

990 2731 1031 2764 12,
1045 2730 1062 2757 4
1080 2739 1158 2763 quam
1176 2729 1226 2756 ΡΑ
1244 2739 1312 2756 corr.
1331 2729 1429 2756 Daniel
1480 2730 1637 2764 peridytanti
1655 2729 1681 2755 A

1342 2771 1360 2799 4
1378 2774 1543 2808 deprecemur
1563 2772 1589 2799 P
1637 2773 1691 2798 cori
1709 2772 1736 2798 Ρ

906 2774 945 2807 15,
958 2773 975 2800 3
993 2774 1102 2800 michael
1120 2773 1230 2807 insignis
1248 2773 1273 2798 A

1284 321 1415 352 crimine
1439 320 1600 363 frequenti

1285 372 1409 404 offensa
1431 373 1565 414 ingenti.

1284 627 1303 647 o
1326 616 1381 659 pia
1403 617 1459 648 lux
1483 616 1603 648 saecli?

1283 671 1397 700 cuncta
1419 669 1517 700 miser
1539 668 1611 700 feei.

1284 909 1424 951 domine,
1449 909 1568 950 clienti,

1285 962 1412 994 veniam
1435 962 1570 1004 petenti.

1285 1208 1351 1239 iam
1373 1218 1472 1240 manu
1496 1207 1657 1247 clementi,

1287 1260 1421 1292 medere
1443 1260 1621 1302 languenti.

1289 1503 1322 1532 et
1344 1501 1376 1532 in
1399 1502 1432 1532 te
1455 1501 1613 1543 spel-anth

1287 1553 1352 1584 iam
1373 1553 1579 1596 periclitanti.

1286 1785 1466 1826 coheredes
1489 1793 1618 1835 Christi,

1289 1856 1348 1889 pro
1371 1856 1424 1878 me
1447 1845 1578 1878 infelici.

1288 2094 1378 2136 virgo
1402 2096 1507 2126 mater
1529 2093 1592 2135 dei,

1289 2155 1414 2178 memor
1437 2148 1506 2178 esto
1527 2146 1602 2178 mei.

1285 2391 1465 2434 supplicato
1489 2392 1570 2434 regi,

1290 2443 1480 2486 angelorum
1503 2444 1602 2476 chori.

1181 2643 1200 2669 4
1221 2642 1361 2677 *malaque
1387 2650 1439 2676 que
1465 2643 1602 2677 permisisti
1629 2643 1654 2668 A
1681 2644 1752 2670 mala
1777 2651 1882 2676 quoqne
1910 2648 1964 2676 quq
1983 2622 1991 2673 ζ

1245 2685 1263 2712 4
1282 2687 1381 2719 seelera
1398 2686 1423 2712 A
1475 2686 1598 2720 poetenlti
1621 2686 1646 2711 A

1751 2685 1823 2719 11,3
1843 2683 1987 2712 sams»

1786 2728 1965 2763 13‚3ig÷m
