2060 3074
279 174 343 205 660
939 166 1090 195 MILONIS
1109 165 1286 193 CARMINA.

565 270 602 289 510
646 257 719 288 Pax
743 256 863 298 apices,
887 254 1002 286 scindit
1025 264 1104 296 quos
1128 253 1267 295 simplex
1290 252 1415 293 sillaba,
1438 252 1556 294 iungit:

644 308 688 339 Hi
711 311 776 339 tres
800 310 883 347 sunt,
908 307 982 348 quia
1007 309 1072 337 tres
1095 315 1255 348 personae
1279 305 1420 336 essentia
1442 304 1474 336 in
1497 314 1577 340 una;

645 359 810 391 Litterulis
834 358 933 389 ternis
957 360 1108 400 aptantur
1131 357 1262 388 nomina
1285 359 1390 388 terna:

646 411 694 443 .Ρ.
718 414 856 453 patrem,
880 410 933 452 qui
956 420 1020 441 non
1044 408 1173 445 aliunde
1197 409 1259 440 1100
1282 408 1399 450 accipit
1421 411 1456 439 ut
1479 408 1529 447 sit,

646 463 694 494 .A.
719 463 864 504 genitum
886 462 1003 504 signat,
1028 461 1115 504 quod
1139 460 1283 492 Graecus
1306 460 1450 492 nominat
1473 460 1538 491 alfa

561 529 598 548 515
643 514 746 558 (‘Alfa
770 525 831 556 ego
856 524 926 545 sum
949 514 1070 556 primus
1095 523 1254 553 sermone,
1277 512 1469 544 novissimus
1492 514 1527 543 ω
1551 523 1631 550 sum,

643 568 718 610 Ipse
743 577 806 609 ego
830 565 1040 609 principium',
1064 566 1152 608 prior
1175 576 1213 597 .a.
1239 565 1360 596 vocalis
1383 575 1534 607 apexque
1558 563 1623 606 est)

646 620 761 662 .X.que
786 618 922 661 duplex,
947 618 987 650 ab
1011 621 1148 660 utroque
1174 617 1261 648 venit
1283 617 1358 659 quia
1381 616 1510 659 spiritus
1533 617 1647 656 almus,

646 671 757 703 Tertia
779 671 842 702 fine
867 670 1006 712 apicum,
1030 669 1072 701 ad
1095 669 1237 711 reliquos
1261 669 1336 711 quia
1359 669 1420 700 rite
1443 669 1578 700 recurrit

646 722 788 765 Compar
812 725 846 754 et
869 722 1014 764 aequalis
1036 721 1121 764 patri
1143 723 1285 763 natoque
1309 730 1448 752 coaevus

562 788 600 807 520
644 775 787 817 (Aevum
811 785 883 806 cum
907 773 989 813 (1100,
1012 784 1078 804 11011
1099 776 1247 815 tempore
1271 772 1376 804 sentio
1401 775 1563 814 coeptum,

646 827 717 863 Quo
741 827 828 866 mihi,
853 837 925 858 cum
947 826 1061 858 fluvius
1085 825 1262 867 scripturae
1286 825 1422 867 porrigit
1445 824 1606 865 haustum,

645 879 749 921 Impia
771 888 837 909 non
858 877 982 908 heresis
1005 877 1142 908 loetales
1164 877 1299 908 misceat
1319 875 1446 916 undas).

696 939 791 971 XIII.
814 937 938 970 Alveus
962 941 1011 969 est
1035 938 1118 969 altus
1140 938 1325 980 pelagoque
1349 936 1538 979 profundior
1560 937 1647 968 omni

646 992 719 1023 Lex
742 991 860 1031 divina,
883 991 968 1033 rigat
991 1000 1074 1032 quae
1098 993 1225 1022 montes
1247 989 1403 1021 imbribus
1426 989 1510 1030 altis,

564 1057 602 1075 525
646 1044 698 1075 Ex
721 1043 836 1086 quibus
859 1042 902 1074 ad
924 1045 1051 1074 nostros
1073 1042 1225 1084 guttatim
1248 1042 1367 1073 labitur
1388 1041 1531 1073 haustus.

645 1096 723 1138 Ipsa
745 1095 838 1138 polos
862 1094 987 1127 scandit
1009 1095 1177 1136 solemque
1201 1096 1234 1125 et
1256 1093 1363 1125 sidera
1385 1094 1500 1135 tangit,

646 1148 782 1179 Tartara
805 1148 990 1190 perlustrat,
1015 1150 1118 1178 terras
1142 1149 1175 1178 et
1197 1146 1344 1188 gramina
1366 1146 1480 1188 pascit,

645 1199 769 1232 Abdita
793 1199 948 1242 perquirit
971 1209 1144 1241 moresque
1167 1198 1321 1230 informat
1342 1198 1506 1230 honestos.

644 1253 748 1295 Agnis
771 1253 826 1284 illa
848 1252 968 1283 vadum
992 1251 1057 1291 dat,
1081 1250 1185 1282 barris
1207 1249 1294 1281 unda
1317 1253 1478 1286 natatum;

563 1318 601 1337 5³0
645 1305 713 1336 Lac
736 1303 1026 1347 praebet'teneris,
1051 1302 1171 1334 solidas
1195 1305 1228 1334 et
1252 1302 1387 1333 fortibus
1411 1312 1512 1334 escas.

645 1357 750 1388 Dulce
776 1355 907 1398 quidem
932 1355 1107 1397 eloquium,
1132 1354 1208 1386 dum
1233 1354 1337 1385 fundit
1360 1354 1461 1386 verba
1483 1354 1604 1396 palato,

643 1408 831 1440 Visceribus
854 1407 974 1439 ventris
997 1406 1056 1438 sed
1078 1406 1140 1438 hoc
1163 1409 1339 1448 generatur
1361 1416 1499 1437 amaror.

645 1461 802 1493 Scribitur
823 1460 879 1491 illa
902 1460 989 1500 foris,
1013 1459 1090 1490 dum
1114 1461 1222 1490 narrat
1244 1461 1338 1500 gesta
1361 1458 1514 1501 priorum,

644 1513 715 1545 Nec
739 1513 843 1544 minus
866 1512 1010 1552 interius,
1035 1511 1111 1543 dum
1135 1511 1272 1554 mystica
1294 1511 1387 1553 signa
1410 1511 1544 1543 revelat.

560 1578 597 1598 535
642 1566 708 1597 Dat
730 1565 872 1596 lamenta
895 1564 969 1604 reis,
994 1566 1029 1595 ut
1052 1564 1210 1606 plangant
1232 1563 1366 1594 crimina
1389 1563 1487 1603 vitae,

646 1618 774 1649 Felices
797 1616 911 1648 laudes
936 1619 969 1648 et
993 1616 1136 1648 carmina
1158 1615 1257 1658 digna
1279 1615 1394 1655 beatis,

651 1668 744 1702 ‘Vae’
769 1669 904 1709 miseris,
928 1669 996 1700 sine
1019 1668 1083 1700 fine
1108 1668 1215 1700 ferent
1239 1667 1325 1710 quod
1348 1678 1479 1700 carcere
1501 1667 1634 1700 Averni.

650 1721 768 1753 Omnia
791 1720 833 1752 ab
856 1721 918 1752 hac
941 1720 1035 1752 nobis
1058 1720 1192 1752 veniunt
1217 1719 1411 1752 documenta
1433 1720 1603 1762 magistra:

645 1773 740 1805 Haec
763 1772 869 1812 docet,
891 1775 928 1804 ut
951 1772 1125 1812 dominum,
1150 1772 1205 1814 qui
1227 1783 1286 1804 nos
1309 1772 1492 1814 plasmavit,
1515 1782 1678 1809 amemus;

566 1840 604 1859 ⁵40
648 1826 711 1858 Illa
734 1825 832 1857 fidem
854 1827 978 1856 rectam
1002 1827 1091 1856 certo
1115 1834 1264 1856 sermone
1280 1825 1410 1857 ‘fatetur

644 1877 886 1919 Distinguitque
911 1880 1092 1908 creaturam
1115 1877 1233 1908 virtute
1257 1877 1412 1914 creantis;

649 1930 743 1962 Haec
765 1929 859 1961 iubet
882 1939 977 1960 omne
1002 1929 1132 1969 bonum,
1156 1929 1238 1960 haec
1260 1929 1358 1961 noxia
1382 1933 1497 1962 cuncta
1518 1930 1642 1962 recidit.

647 1982 774 2014 Panem
796 1982 919 2024 piscem
943 1991 1039 2012 ovum
1064 1980 1160 2012 docet
1181 1984 1217 2012 ut
1240 1980 1281 2012 de
1305 1983 1397 2023 patre
1421 1985 1586 2024 petamus:

648 2035 745 2066 Panis
768 2034 820 2065 1110
845 2036 894 2065 est
916 2033 1049 2072 karitas,
1074 2033 1149 2075 quia
1172 2033 1293 2064 cunctis
1317 2033 1438 2065 eminet
1461 2034 1542 2066 escis

566 2100 604 2120 545
651 2105 688 2110 —
712 2086 786 2118 Non
810 2085 901 2117 dabit
924 2085 1028 2116 oranti
1051 2084 1194 2127 lapidem
1218 2084 1388 2127 cordisque
1412 2085 1553 2128 rigorem
1576 2099 1632 2124 —;

648 2139 750 2170 Piscis
774 2138 835 2169 erit
857 2137 934 2169 fidei
957 2147 1070 2168 sacrae
1094 2136 1282 2168 venerabile
1307 2136 1425 2169 donum

650 2210 690 2214 —-
715 2189 875 2222 Perfidiae
898 2189 1013 2220 furiale
1037 2189 1158 2220 malum
1182 2189 1341 2231 serpentis
1364 2189 1503 2221 habetur
1531 2203 1582 2226 -2

649 2243 742 2285 Spes,
767 2252 828 2273 ovo
853 2241 960 2272 foetus
984 2241 1136 2283 quoniam
1160 2244 1308 2282 speratur
1330 2241 1372 2273 ab
1395 2241 1450 2273 illo

651 2314 689 2319 —
714 2294 800 2326 Huic
823 2293 941 2325 hostile
964 2293 1058 2324 nimis
1081 2293 1144 2324 fert
1168 2292 1355 2335 desperatio
1378 2294 1512 2334 loetum,

567 2361 606 2382 55⁰
650 2348 702 2380 Ex
725 2346 854 2378 stimulo
879 2345 1002 2378 caudae
1027 2355 1088 2377 ceu
1110 2345 1180 2387 figit
1203 2346 1346 2388 scorpius
1369 2346 1467 2378 ictum
1490 2365 1543 2379 —.

387 2481 438 2507 519
456 2485 481 2507 et
499 2481 590 2507 delevit
602 2481 626 2504 A
714 2477 764 2504 521
784 2478 898 2511 porrigat
911 2476 935 2502 L
1023 2475 1074 2502 526
1092 2477 1184 2509 sydera
1198 2477 1220 2501 L
1307 2475 1358 2502 527
1375 2475 1510 2510 *gramina
1527 2479 1618 2512 pnngit
1629 2478 1680 2504 AL

387 2558 526 2584 510—519
544 2556 660 2583 Memini
677 2563 716 2582 me
735 2554 845 2581 eandem
862 2553 1065 2587 explicationem
1084 2552 1161 2586 apud
1172 2553 1323 2586 scriptorem
1338 2553 1540 2580 ecclesiasticum
1557 2555 1662 2588 leytsam
1678 2556 1726 2583 sed
1743 2557 1836 2590 ipsum
1853 2557 1939 2584 loanni

284 2617 382 2643 nequeo
406 2609 526 2642 reperire.
617 2609 668 2634 515
688 2607 771 2640 Apoc.
789 2606 832 2638 22,
850 2606 881 2632 13
907 2614 959 2639 ego
983 2613 1043 2631 sum
1065 2603 1088 2632 ὰ
1112 2605 1141 2630 01
1159 2604 1207 2635 ω,
1230 2604 1335 2638 primus
1359 2606 1389 2631 et
1411 2605 1592 2639 novissimus,
1620 2607 1789 2642 principium
1816 2609 1846 2635 et
1866 2607 1939 2635 finis.

284 2661 422 2688 543—550
440 2660 562 2692 Luc.11,
579 2660 609 2685 11
639 2658 701 2693 quis
729 2659 822 2684 autem
847 2665 881 2683 ex
905 2656 983 2684 vobis
1009 2657 1118 2690 patrem
1141 2655 1215 2689 petit
1239 2664 1353 2690 panem:
1382 2657 1519 2691 numquid
1545 2658 1667 2692 lapidem
1695 2659 1777 2686 dabit
1799 2660 1862 2687 illi?
1887 2662 1939 2687 aut

285 2712 402 2746 piscem:
426 2711 560 2745 numquid
586 2719 636 2744 pro
661 2710 736 2744 pisce
759 2710 917 2744 serpentem
942 2707 1023 2734 dabit.
1046 2707 1109 2734 illi?
1141 2708 1173 2734 12
1197 2708 1248 2734 aut
1270 2707 1294 2734 si
1318 2707 1434 2742 petierit
1457 2717 1552 2736 ovum:
1581 2710 1718 2745 numquid
1744 2711 1872 2746 porriget
1895 2711 1940 2738 illi

285 2763 479 2798 scorpionem?
508 2777 540 2781 —
566 2770 617 2795 quo
643 2762 675 2788 in
702 2762 758 2788 loco
785 2760 944 2796 explicando
969 2759 1119 2794 Anqustini
1145 2767 1288 2786 sermonem
1310 2763 1358 2787 105
1387 2759 1438 2793 (ed.
1459 2761 1554 2795 Miyne
1581 2761 1608 2788 V
1622 2763 1685 2796 618)
1714 2763 1784 2790 Milo
1809 2765 1939 2798 sequitur.

286 2816 337 2843 546
356 2814 514 2842 venerabile
534 2814 637 2840 donum
655 2814 722 2841 Aen.
742 2814 786 2840 VI
795 2814 854 2840 408.
942 2811 992 2839 547
1011 2812 1079 2838 Aen.
1099 2811 1159 2838 VII
1166 2812 1216 2838 375
1234 2811 1378 2846 Serpentis
1397 2812 1498 2840 furiale
1517 2813 1630 2840 malum.
