2040 2996
0 2277 6 2292 μ
0 2200 14 2263 ,342

583 43 594 58 b

548 129 700 158 CARMEN
718 130 759 158 IN
776 130 929 158 HONORE
947 132 977 159 B.
996 131 1164 160 MARTlNI.
1742 138 1783 169 87

498 217 595 249 Hunc
619 218 683 249 sibi
705 221 871 260 pastorem
893 219 988 260 petiit
1010 220 1151 261 populus
1175 220 1394 258 Turonorum

499 268 592 305 Quod
615 269 696 302 deus
720 273 754 302 et
777 270 860 301 sacri
882 270 1022 301 firmavit
1044 271 1141 302 lectio
1165 272 1250 304 libri.

418 326 442 345 ²⁵
501 320 529 351 O
551 331 633 362 gens
658 331 734 353 cara
756 321 828 360 deo,
852 324 944 353 tanto
969 322 1130 354 servanda
1152 327 1290 365 patrono
1314 343 1357 348 —

497 371 583 404 Nam
606 373 655 404 vir
676 373 885 415 apostolicus,
911 374 991 405 nulli
1015 374 1159 406 bonitate
1184 375 1355 415 secundus,

498 423 543 455 Ut
566 424 615 455 sol
637 424 670 456 in
694 424 797 463 caelo,
820 423 981 456 Martinus
1005 425 1109 467 fulget
1131 426 1164 457 in
1188 435 1263 458 axe.

498 475 605 507 Huius
628 486 694 507 non
716 486 826 508 mores
849 476 1007 508 virtutum
1030 477 1134 518 gloria
1156 481 1271 518 mutat,

498 526 585 559 Dum
605 527 710 570 primo
730 527 920 568 monachus,
942 529 1073 571 praesul
1094 540 1222 571 quoque
1242 534 1412 573 permanet
1428 531 1525 564 idem.

388 618 401 621 ⁷⁷
415 586 441 604 ³⁰
497 578 604 615 Quem
627 578 751 611 Christi
774 580 925 621 genetrix
947 581 981 612 in
1005 581 1102 612 terris
1127 592 1261 614 cernere
1284 583 1392 620 venit;

498 630 679 673 Angelicae
701 631 802 663 facies
826 632 880 663 olli
904 642 1004 674 super
1026 633 1135 664 omnia
1159 637 1284 669 certae:

497 682 647 726 Namque
669 683 840 715 beatorum
866 683 957 715 Petri
979 683 1137 727 Paulique
1162 685 1311 727 loquelis,

499 734 653 766 Vultibus
678 738 711 766 et
733 735 829 766 claris
853 734 968 767 crebro
993 738 1167 768 veneratur
1189 747 1310 769 amore.

497 785 596 818 Hunc
620 786 702 818 deus
723 787 928 829 omnipotens
951 790 1042 818 tanto
1065 787 1220 819 sublimat
1242 788 1376 829 honore,

417 845 442 864 ³⁵
499 838 544 870 Ut
567 842 634 871 tres
658 838 699 870 ad
723 839 823 870 vitam
846 838 976 870 devicta
999 843 1101 871 morte
1126 841 1246 872 reverti

499 890 661 933 Exemplo
685 890 809 925 Christi
832 890 956 922 faceret
979 901 1129 922 sermone
1154 892 1290 934 potenti.

500 942 581 979 Quis
602 942 663 974 fuit
684 945 850 984 aegrotus,
874 952 971 985 quem
995 953 1060 974 non
1084 954 1177 975 sacer
1198 944 1260 975 iste
1284 944 1440 976 iuvarit?:

498 995 691 1027 Innumeras
714 998 828 1037 pestes
851 995 1004 1037 precibus
1027 995 1195 1037 verboque
1219 995 1370 1028 medente

496 1046 595 1078 Pellit
617 1050 651 1078 et
672 1047 706 1078 in
729 1046 859 1078 Christo
881 1047 1073 1078 miserorum
1096 1047 1187 1078 milia
1208 1051 1312 1079 sanat.

414 1105 441 1124 ⁴⁰
496 1098 606 1141 thue
629 1098 722 1140 fugat
743 1098 908 1138 tenebras,
931 1098 1018 1137 dum,
1042 1099 1102 1139 sol,
1127 1100 1294 1142 consurgit
1317 1110 1387 1140 eoo,

496 1149 541 1181 Et
562 1149 675 1192 pandit
698 1150 808 1182 lumen
831 1149 951 1182 mundo
975 1150 1123 1193 facieque
1148 1155 1280 1183 serenat
1303 1171 1344 1175 —

496 1201 596 1233 Haud
618 1211 739 1243 sequus
762 1201 815 1233 hic
838 1202 974 1242 relevat,
999 1213 1080 1245 quos
1104 1207 1204 1235 vexat
1227 1204 1360 1246 spiritus
1384 1207 1488 1236 atrox.

498 1253 559 1285 Ille
582 1253 667 1285 diem
690 1254 791 1293 novit,
813 1254 936 1296 gaudet
958 1265 1023 1297 qua
1046 1266 1144 1287 carne
1168 1256 1297 1295 resolvi,

497 1305 743 1349 Discipulisque
767 1306 833 1338 suis
855 1306 1015 1349 praedicit
1038 1318 1118 1339 voce
1141 1310 1292 1350 paterna:

416 1365 441 1384 ⁴⁵
500 1357 563 1395 Qui
587 1358 703 1390 flentes
726 1358 863 1390 nimium
887 1358 1019 1400 planetu
1042 1369 1174 1391 movere
1198 1363 1378 1402 patronum,

498 1409 559 1441 Ille
582 1409 655 1452 polo
678 1409 861 1452 faciemque
883 1420 1064 1452 manusque
1088 1410 1210 1442 levavit
1233 1414 1276 1451 et,
1299 1411 1364 1442 illis

498 1460 648 1493 Exorans
670 1461 771 1493 vitam
795 1461 932 1494 caelesti
954 1472 1088 1494 munere
1112 1473 1231 1500 caram,

500 1513 715 1546 Commendat
737 1513 869 1546 domino
891 1517 995 1554 natos,
1018 1525 1100 1557 quos
1123 1518 1201 1547 ante
1225 1515 1372 1556 regebat.

500 1565 581 1597 Cum
605 1565 694 1597 videt
716 1565 901 1598 adstantem
924 1566 1060 1598 formam
1085 1567 1260 1607 nebulonis
1283 1566 1395 1609 iniqui,

417 1625 442 1644 ⁵⁰
498 1617 596 1649 Hunc
619 1628 731 1650 secum
754 1621 858 1650 tetrae
882 1617 960 1650 dicit
982 1619 1029 1650 nil
1053 1619 1149 1650 sortis
1172 1619 1305 1658 habere,

500 1668 634 1712 Colligit
655 1669 688 1701 in
711 1669 795 1702 caeli
818 1680 915 1712 quem
938 1670 1003 1702 iam
1026 1671 1210 1712 patriarcha
1233 1670 1379 1703 secretis.

499 1720 542 1752 Et
564 1725 659 1763 pater
681 1721 764 1753 haec
787 1721 955 1764 complens
980 1732 1109 1754 saccum
1134 1722 1344 1765 cineremque
1367 1733 1525 1764 suumque

498 1772 574 1805 Non
597 1776 728 1805 mutans
751 1773 899 1805 habitum
922 1774 1020 1806 rebus
1043 1785 1102 1806 sua
1124 1774 1278 1816 dogmata
1300 1775 1406 1806 firmat

499 1824 543 1856 Et
564 1824 713 1867 gaudens
736 1825 877 1857 animam
901 1826 992 1858 caelo
1014 1826 1079 1858 iam
1102 1825 1213 1867 dirigit
1237 1826 1364 1857 almam.

417 1883 442 1903 ⁵⁵
499 1876 665 1919 Virgineis
688 1880 802 1909 ornata
825 1877 933 1910 choris
956 1878 1010 1920 pia
1033 1877 1124 1920 virgo
1147 1877 1251 1909 Maria

500 1928 544 1960 Et
566 1928 731 1960 Michahel
754 1929 845 1961 venit
868 1939 941 1961 curn
965 1930 1088 1961 sanctis
1112 1929 1260 1961 omnibus
1284 1929 1360 1961 illuc

499 1979 543 2012 Et
565 1980 643 2012 laeti
666 1984 814 2012 sanctum
839 1981 930 2013 caelo
954 1981 1148 2013 comitantur
1170 1984 1319 2018 euutem;

498 2031 628 2074 Quique
651 2031 743 2064 fuere
766 2036 889 2075 patres,
913 2043 994 2075 quos
1019 2034 1105 2064 actio
1128 2036 1243 2065 sancta
1266 2032 1410 2075 regebat,

500 2083 682 2116 Occurrunt
703 2084 840 2123 animae,
865 2089 962 2117 cantu
984 2085 1183 2117 famulantur
1205 2088 1238 2117 et
1259 2085 1321 2116 illi:

237 2231 272 2258 43
289 2240 392 2258 cernere
409 2233 475 2258 solvi
493 2241 560 2258 corr.
580 2232 605 2257 Ρ

238 2308 273 2335 23
290 2316 327 2342 sq.
343 2308 387 2341 dr.
407 2308 434 2335 S.
454 2307 482 2335 S.
501 2316 522 2335 c.
540 2309 565 2335 9.
667 2309 701 2335 26
719 2309 767 2341 cfr.
787 2317 860 2342 pass.
882 2308 935 2340 IV,
953 2309 1006 2335 294
1027 2311 1051 2335 et
1075 2309 1134 2342 epit.
1158 2307 1268 2341 pippini
1290 2310 1350 2334 tom.
1369 2308 1392 2341 J,
1410 2308 1462 2334 405
1484 2316 1507 2334 v.
1529 2308 1562 2334 15
1581 2307 1782 2340 Francomzsque

135 2361 153 2386 t.
166 2359 206 2393 IL
217 2360 269 2387 63ss
282 2368 304 2387 v.
316 2361 328 2386 1
343 2359 414 2387 nulli
427 2359 554 2387 bonitate
566 2359 709 2387 secundus.
801 2360 835 2387 28
851 2369 890 2394 sq.
902 2360 950 2392 cfr.
964 2360 990 2386 S.
1005 2360 1033 2386 S.
1047 2368 1068 2386 c.
1084 2359 1123 2391 10,
1138 2361 1151 2386 1
1164 2366 1200 2392 sq.
1287 2358 1322 2385 30
1339 2367 1393 2392 sqq.
1406 2358 1432 2385 S.
1446 2359 1473 2385 S.
1485 2358 1580 2393 dialoy.
1595 2359 1633 2392 IL
1649 2359 1688 2390 13,
1700 2360 1717 2386 5
1728 2367 1780 2392 sqq.

135 2411 170 2438 3³
183 2419 256 2445 mss.
275 2411 328 2438 Iul.
347 2411 404 2445 111,
422 2412 456 2439 53
473 2411 560 2446 digno
578 2412 728 2438 veneratur
745 2412 857 2438 honore.
961 2412 995 2438 34
1012 2420 1032 2438 c.
1051 2412 1081 2438 in
1097 2411 1122 2437 h.
1140 2410 1212 2437 Petri
1230 2419 1252 2437 v.
1268 2411 1307 2437 10.
1343 2411 1482 2445 [lavem-‚J
1499 2411 1530 2437 in
1545 2419 1603 2444 qen.
1622 2410 1690 2437 1230
1708 2410 1780 2437 celso

136 2462 270 2490 mblimat
293 2463 406 2490 honore.
508 2464 543 2490 35
560 2462 588 2489 S.
608 2462 637 2490 S.
654 2462 719 2490 dial.
739 2463 780 2496 ΙΙ,
798 2463 827 2495 4,
846 2464 870 2490 3.
890 2463 927 2490 D.
943 2463 962 2495 fi
980 2471 1002 2489 v.
1021 2464 1072 2490 326
1094 2462 1130 2490 ad
1154 2462 1241 2488 vitam
1265 2461 1375 2489 devicta
1392 2463 1481 2489 morte
1499 2461 1688 2496 triumphans,
1707 2469 1781 2495 pass.

136 2513 240 2541 Iulian.
259 2514 317 2548 Hk
336 2514 387 2541 227
405 2514 464 2548 (cfr.
483 2514 525 2548 ΙΙ,
544 2514 594 2541 104
611 2517 634 2541 et
652 2514 703 2548 IV,
721 2515 783 2548 235)
801 2514 838 2541 ad
856 2514 944 2541 vitam
963 2514 1074 2541 devicta
1092 2516 1180 2541 morte
1198 2513 1317 2541 reduxit.
1420 2514 1453 2540 37
1471 2514 1520 2546 cfr.
1535 2513 1561 2539 S.
1575 2513 1601 2540 S.
1618 2513 1646 2540 V.
1661 2512 1698 2539 M
1705 2521 1727 2540 c.
1742 2514 1780 2540 16.

135 2566 171 2593 40
191 2565 218 2593 d.
237 2566 257 2599 fi
277 2574 300 2593 v.
323 2566 372 2593 197
397 2566 438 2593 sol
461 2566 606 2601 consurgit
630 2575 688 2593 eoo.
791 2567 826 2593 43
848 2575 884 2600 sq.
909 2566 956 2599 dr.
979 2566 1005 2593 S.
1027 2566 1054 2592 S.
1078 2566 1149 2599 epist
1167 2566 1198 2597 3,
1217 2566 1241 2592 6.
1344 2565 1378 2591 44
1399 2565 1447 2597 cfr.
1469 2564 1495 2590 d.
1516 2565 1537 2597 f.
1558 2573 1582 2591 v.
1599 2565 1633 2591 46
1657 2572 1782 2591 sermone

136 2618 253 2651 paterno
277 2620 301 2644 d
322 2625 394 2651 pass.
419 2617 472 2644 1141.
491 2618 540 2651 ΙΙ,
560 2618 609 2645 134
634 2626 709 2644 more
733 2619 858 2652 paterno.
966 2618 1000 2644 45
1021 2617 1068 2650 cfr.
1092 2617 1121 2643 S.
1144 2617 1170 2643 S.
1194 2625 1233 2650 ep.
1255 2617 1286 2648 3,
1306 2617 1347 2643 10.
1450 2616 1484 2642 49
1502 2624 1575 2650 pase.
1594 2616 1646 2642 Iul.
1666 2616 1711 2649 11,
1730 2616 1782 2642 270

136 2668 283 2696 nebulonis
304 2669 404 2704 plenus
427 2670 510 2697 amici
527 2670 588 2696 itan
601 2678 654 2704 pro
670 2669 782 2697 diabolo.
887 2670 990 2696 50—53
1007 2669 1054 2701 cfr.
1074 2668 1103 2695 S.
1121 2668 1148 2695 S.
1166 2676 1204 2702 ep.
1222 2669 1247 2699 3,
1267 2668 1299 2694 16
1316 2676 1366 2701 sq.‚·
1390 2667 1437 2700 cfr.
1454 2667 1486 2694 ὥ,
1505 2667 1544 2693 14.
1650 2667 1681 2694 51
1704 2667 1732 2693 S.
1752 2666 1781 2693 S.

136 2719 154 2746 1.
170 2728 191 2747 c.
215 2720 344 2748 Abrahae
367 2729 412 2748 me
436 2721 512 2749 sinus
535 2721 644 2757 recipit.
747 2721 781 2748 53
794 2728 867 2755 pass.
886 2720 938 2747 Iul.
958 2720 1021 2754 HI,
1038 2721 1073 2747 30
1096 2719 1228 2747 roborans
1251 2727 1302 2747 sua
1325 2719 1458 2755 dogmata
1481 2718 1580 2746 verbis.
1683 2719 1716 2746 57
1734 2718 1780 2751 cfr.

132 2780 207 2806 pass.
227 2772 279 2800 Iul.
298 2773 340 2808 H,
359 2773 402 2801 93.
