2040 2996
242 114 284 144 98
816 109 979 136 AUDRADI
997 108 1125 135 MODICI
1143 106 1319 134 CARMINA.

606 196 694 228 Ante
718 207 791 238 ego,
815 206 912 238 quam
932 206 1061 238 pereas,
1084 193 1236 236 genetrix
1260 202 1498 234 numerosaque
1518 192 1633 235 plebes

609 248 716 290 (Quae
741 249 804 280 sibi
827 252 859 280 te
883 249 1049 280 dominum
1074 246 1221 288 gaudens
1246 246 1381 288 optabat
1404 245 1526 277 habere

608 301 718 342 Atque
742 303 798 332 tuo
821 300 927 332 funeri
949 302 1152 342 postremum
1176 297 1285 329 dicere
1309 296 1443 329 “salve”

608 352 752 384 Advenit
774 352 952 393 tristesque
976 361 1078 393 genas
1102 349 1154 381 hic
1177 349 1318 381 luctibus
1342 347 1445 390 udat),

514 413 551 431 24⁵
613 405 783 437 Consensu
806 404 902 446 parili
926 403 1075 435 certatim
1098 402 1263 444 poscimus
1288 400 1422 433 omnes'.

610 457 740 488 Celsius
764 456 847 488 haec
871 458 984 487 contra
1006 465 1089 497 puer
1112 453 1244 485 inclitus
1269 463 1326 485 ore
1349 452 1447 484 beato

608 508 809 550 Respondit:
835 507 980 538 ‘Plorent
1005 516 1040 537 se
1064 508 1161 547 teque
1185 504 1341 546 voragine
1364 503 1478 535 mortis

610 560 785 596 Obclusos;
809 559 968 601 plangent
991 557 1049 589 sed
1074 567 1157 599 quur
1178 559 1261 588 nos?
1285 566 1387 598 regna
1409 555 1556 597 polorum

611 611 776 643 Scandere
799 621 881 652 quos
907 612 1059 641 cernunt:
1083 608 1291 640 transibimus
1315 618 1392 640 ecce
1415 618 1474 650 per
1496 607 1590 649 ignes

515 671 553 690 2⁵⁰
612 663 799 705 Inlaesique
824 663 883 694 tibi
907 665 981 705 post
1004 662 1087 694 haec
1110 661 1300 704 parebimus
1324 671 1436 692 omnes

611 715 821 758 Consumptis
845 714 983 746 flammis
1006 724 1067 746 nec
1090 724 1155 745 non
1178 712 1331 745 incendia
1354 715 1473 744 cuneta

610 768 720 809 Atque
745 767 831 798 omni
853 767 987 809 populo,
1010 768 1157 797 nostrum
1182 765 1236 807 qui
1260 767 1390 807 spectat
1412 774 1562 806 agonem.

611 819 695 850 Nam
720 829 777 850 vos
800 829 884 860 quae
909 818 1014 850 colitis
1037 818 1210 849 simulacra
1234 817 1378 859 deosque
1403 815 1527 848 vocatis

612 870 655 902 Et
678 873 788 913 pestes
812 870 972 912 geminas,
995 869 1166 911 Augustos
1191 869 1318 900 scilicet
1342 868 1466 907 ambos,

516 930 555 949 2¹55
613 922 815 964 Dispicimus
838 921 941 953 veluti
965 931 984 952 a
1008 924 1165 963 scopante
1191 920 1367 963 peripsima
1391 919 1532 952 tultum'.

244 989 268 1010 c.
283 989 335 1009 xx.
614 974 736 1006 Infelix
760 983 895 1015 praeses
919 972 1087 1015 respondit
1110 973 1233 1004 taliter:
1259 972 1366 1004 ‘Ultra

612 1025 687 1056 Non
710 1035 767 1056 vos
792 1024 873 1056 haec
896 1024 1037 1056 tumidos
1061 1024 1198 1056 audacia
1221 1024 1332 1055 vivere
1355 1022 1467 1056 laxat’.

613 1077 658 1108 At
681 1087 764 1119 puer
786 1076 969 1118 intrepidus
994 1076 1168 1107 coniurans
1193 1075 1319 1117 obligat
1341 1075 1451 1106 illum:

614 1129 689 1160 ‘Per
712 1128 864 1159 miseram
887 1130 993 1160 testor
1015 1127 1111 1159 nimis
1136 1130 1170 1159 et
1192 1137 1310 1159 vanam
1334 1127 1501 1159 levitatem

518 1188 556 1207 2⁰⁰
613 1180 671 1219 Te,
696 1180 748 1211 cui
771 1180 934 1211 cervicem
958 1179 1078 1211 flectis:
1102 1179 1248 1221 largitor,
1272 1182 1309 1210 ut
1330 1189 1432 1210 unum

612 1233 767 1264 Poscenti
791 1232 925 1271 tribuas,
948 1242 1056 1264 meme
1078 1242 1139 1263 nec
1164 1242 1283 1274 sperne
1306 1229 1498 1273 rogantem'.

613 1282 775 1326 ‘Expete’‚
799 1278 932 1324 praesul
954 1283 1000 1314 ait
1023 1282 1188 1324 ‘quicquid
1211 1282 1314 1324 cupis,
1337 1281 1434 1313 unica
1457 1280 1589 1324 proles'.

251 1349 274 1369 c.
290 1347 353 1369 xxr.
619 1335 762 1367 Celsius:
787 1334 977 1377 ‘Egressum
1000 1334 1140 1366 flammis
1164 1344 1238 1366 eum
1262 1333 1384 1365 videris
1408 1344 1483 1366 esse

617 1387 783 1419 Inlaesum
808 1389 841 1418 et
864 1386 999 1418 laudare
1023 1386 1121 1418 deum
1144 1388 1318 1428 terraeque
1340 1385 1483 1428 polique,

519 1447 556 1466 26⁵
617 1439 710 1470 Tunc
733 1448 862 1470 mecum
885 1438 1040 1480 permitte
1063 1448 1171 1469 meam
1195 1437 1302 1469 triduo
1325 1437 1527 1480 genetricem

615 1490 725 1522 Cessis
749 1492 892 1522 tractare
916 1489 1066 1528 induciis,
1091 1500 1174 1531 quae
1199 1489 1317 1521 semita
1339 1489 1426 1521 vitae

613 1541 746 1573 Extunc
771 1541 946 1573 conveniet
967 1541 1077 1578 nobis;
1101 1540 1283 1583 pandemus
1310 1543 1344 1572 et
1365 1540 1446 1572 illud

613 1594 702 1626 Ante
725 1596 811 1632 tuos,
834 1603 979 1635 praeses,
1004 1596 1201 1635 conspectus
1224 1595 1340 1635 utpote
1363 1591 1463 1624 laeti’.

614 1645 730 1677 Audiit
752 1645 839 1676 hunc
864 1644 1012 1687 gaudens
1036 1645 1187 1687 genetrix
1211 1644 1387 1686 laudatque
1410 1647 1590 1687 precatum.

519 1706 557 1725 2⁷0
616 1698 780 1730 Caecatus
803 1697 936 1739 praesul
959 1697 1135 1729 nebulonis
1159 1697 1277 1739 plenus
1300 1696 1397 1727 amici

614 1749 721 1781 Dixit:
746 1748 809 1780 ‘Ab
826 1748 876 1779 his
893 1748 1032 1780 flammis
1057 1748 1084 1780 si
1107 1751 1153 1783 tu,
1178 1747 1264 1790 quod
1281 1747 1418 1779 credere
1433 1747 1567 1779 stultum
1585 1750 1645 1786 est,

615 1801 781 1843 Egressus
804 1799 907 1831 fueris
932 1810 1058 1841 sospes,
1082 1796 1298 1841 complebitur
1321 1797 1428 1830 istud'.

354 1865 420 1891 Acta
438 1865 470 1890 B.
490 1864 542 1890 Iul.

250 1918 296 1943 Vel
320 1921 458 1950 antequam
480 1924 579 1949 pereas,
606 1915 658 1946 fili,
686 1922 718 1939 ex
743 1921 786 1938 ore
808 1912 956 1940 dulcissimo
980 1912 1088 1936 verbum
1111 1912 1215 1937 audiam
1232 1915 1320 1943 tuum;
1344 1920 1404 1937 ecee
1421 1912 1494 1937 venit
1510 1915 1536 1937 et
1553 1916 1646 1944 mater,
1670 1921 1736 1945 quae
1757 1915 1846 1945 partus
1863 1911 1904 1937 sui

250 1961 343 1986 doloris
362 1961 472 1992 luctum,
493 1967 568 1992 quem
589 1966 640 1983 non
658 1957 783 1990 sperabat,
802 1955 915 1987 invenit,
934 1962 993 1980 ecce
1011 1958 1037 1979 et
1054 1954 1236 1980 inumerabiles
1254 1955 1366 1980 familiae
1384 1956 1530 1986 (numerosa
1548 1955 1645 1981 familia
1663 1954 1754 1987 Both),
1772 1963 1838 1988 quoe
1855 1954 1905 1980 sibi

251 2008 275 2029 te
293 2005 409 2029 futurum
428 2003 559 2028 dominum
577 2001 732 2034 gaudebant,
752 1999 836 2024 funeri
853 2002 898 2023 tuo
917 1998 975 2022 vale
992 1997 1085 2022 dicturi
1103 2001 1231 2023 venerunt
1249 1997 1422 2030 (advenerunt
1438 1997 1492 2029 Ε)’.

353 2045 396 2070 44.
415 2045 575 2071 Venerabilis
594 2052 658 2077 puer
675 2043 776 2068 Celsius
794 2042 870 2066 dixit:
889 2040 1017 2074 ‘Lugeant
1034 2048 1061 2065 se
1079 2043 1105 2065 et
1122 2044 1159 2072 te;
1184 2049 1230 2066 nos
1249 2044 1347 2072 autem,
1367 2049 1431 2074 quos
1449 2041 1611 2074 conspiciunt
1628 2041 1661 2066 ad
1677 2050 1757 2074 regna
1775 2041 1904 2066 caelorum

250 2093 386 2122 pergentes
413 2097 459 2115 cur
485 2088 619 2121 lugeant'l:
648 2095 707 2111 nam
737 2094 784 2110 nos
815 2082 916 2117 (omnes
934 2082 970 2116 B)
997 2084 1163 2109 transibimus
1192 2092 1237 2116 per
1262 2084 1349 2117 ignem
1375 2084 1452 2109 istum
1476 2088 1502 2110 et
1523 2084 1590 2109 illesi
1609 2084 1657 2109 tibi
1678 2084 1859 2118 apparebimus
1879 2087 1906 2109 et

251 2133 311 2157 huic
335 2130 417 2163 <tanto
435 2131 472 2164 B>
499 2131 605 2164 populo,
630 2130 675 2162 qui
697 2137 805 2162 agonem
832 2131 948 2153 nostrum
974 2130 1098 2160 expectat.
1139 2127 1266 2153 Demonia
1289 2135 1362 2159 vero,
1387 2135 1453 2160 quae
1475 2127 1570 2159 colitis,
1595 2130 1621 2152 et
1641 2127 1698 2152 illas
1719 2131 1815 2160 pestes,
1839 2135 1904 2160 quos

251 2176 415 2208 imperatores
433 2175 524 2206 dicitis,
543 2182 575 2199 ac
594 2174 616 2198 si
634 2175 804 2206 purgamenta
822 2170 993 2204 despicimus'.
1029 2171 1135 2195 Praeses
1153 2170 1230 2195 dixit:
1250 2169 1317 2203 ‘Ipsa
1334 2174 1373 2196 est
1390 2174 1528 2196 contumax
1545 2170 1652 2195 audacia
1668 2174 1762 2202 vestra,
1781 2179 1846 2203 quae
1858 2178 1905 2196 voe

251 2219 338 2243 vivere
356 2226 407 2242 non
426 2217 565 2250 permittit'.
601 2217 631 2241 Β.
649 2215 749 2241 Celsius
767 2215 844 2239 dixit:
864 2214 921 2239 ‘Per
939 2214 1021 2246 ipsam
1033 2213 1166 2238 veritatem
1186 2212 1335 2242 (vanitatem
1347 2213 1391 2244 B),
1410 2222 1486 2246 quam
1505 2213 1576 2246 colis,
1594 2214 1714 2246 obtestor,
1732 2217 1762 2239 ut
1778 2213 1905 2247 intrepido

252 2261 326 2286 corde
350 2261 465 2294 petitioni
489 2268 561 2285 meae
585 2259 684 2285 tribuas
704 2259 824 2284 affectum
843 2257 973 2290 (effectum
991 2257 1071 2288 BE)'.,
1106 2258 1213 2282 Praeses
1237 2257 1317 2282 dixit:
1341 2256 1479 2289 ‘Quidquid
1497 2257 1621 2288 volueris,
1640 2264 1749 2289 exposce
1767 2255 1836 2290 (pete
1852 2255 1904 2288 ΒΥ.

254 2305 321 2329 I'uer
341 2305 376 2334 (S.
396 2304 495 2329 Celsius
511 2312 560 2336 pro
579 2312 603 2336 p.
623 2302 657 2334 B)
677 2302 752 2327 dixit:
772 2301 846 2326 ‘Cum
864 2309 904 2326 me
922 2301 1017 2326 videris
1034 2300 1145 2325 inlesum
1164 2303 1221 2333 post
1238 2300 1333 2332 ignem,
1350 2300 1467 2332 permitte
1485 2299 1516 2324 ad
1535 2308 1576 2325 me
1594 2300 1682 2324 venire
1699 2303 1806 2324 matrem
1823 2307 1905 2324 meam

253 2351 278 2372 et
296 2347 395 2372 habebo
413 2355 471 2371 cum
490 2355 520 2371 ea
537 2346 672 2371 consilium
691 2345 775 2370 triduo
793 2345 914 2369 dilatione
931 2352 1060 2369 concessa.
1096 2344 1129 2368 Et
1146 2344 1167 2369 si
1186 2343 1249 2368 mihi
1266 2351 1346 2368 unam
1364 2351 1429 2374 rem,
1448 2351 1524 2375 quam
1542 2343 1656 2371 voluero,
1675 2342 1840 2374 consenserit,
1857 2350 1906 2368 nec

253 2398 293 2414 me
316 2397 363 2414 nec
386 2389 466 2421 ipsam
489 2388 606 2414 amittes'.
642 2389 725 2413 Mater
749 2388 812 2412 haec
833 2387 940 2412 audiens
965 2387 1094 2420 urguebat
1111 2387 1186 2412 fleri·
1210 2387 1285 2412 Tunc
1302 2386 1398 2420 impius
1415 2394 1519 2419 praeses
1537 2390 1656 2411 caecatus
1673 2394 1688 2410 a
1705 2385 1807 2411 diabolo
1825 2385 1904 2411 dixit:

254 2431 289 2456 ‘Si
306 2440 338 2457 ex
356 2432 416 2464 igne
433 2432 522 2456 illesus
540 2432 641 2464 exieris,
661 2431 729 2464 quod
747 2431 803 2456 fieri
820 2439 873 2456 non
891 2431 974 2462 oredo,
993 2430 1092 2462 facim,
1111 2438 1176 2462 quae
1194 2429 1338 2455 desideras'.

356 2524 407 2551 249
425 2530 530 2552 cernent
548 2535 614 2551 corr.
634 2526 659 2551 P
760 2525 812 2552 255
830 2529 938 2559 copante
954 2534 1021 2551 corr.
1034 2525 1060 2550 P
1163 2523 1213 2550 257
1233 2533 1325 2550 vevere
1337 2532 1404 2549 corr.
1417 2524 1443 2549 P
1544 2522 1596 2549 269
1614 2524 1663 2550 hoc
1675 2523 1707 2549 P
1776 2524 1906 2556 nudatque

254 2573 383 2602 precatum
401 2569 429 2594 in
445 2578 499 2594 ras.
518 2568 543 2593 P

357 2645 408 2671 248
422 2644 498 2671 Aldh.
510 2645 526 2671 l.
542 2653 562 2672 v.
576 2645 625 2672 755
638 2653 725 2679 regna
737 2645 872 2679 polorum.
957 2644 1010 2671 255
1021 2643 1070 2676 cfr.
1082 2643 1140 2670 Cor.
1153 2645 1176 2675 1,
1187 2643 1213 2677 4,
1227 2644 1259 2670 13
1272 2643 1498 2678 blasphemamur
1514 2663 1520 2669 .
1531 2663 1546 2675 .‚
1565 2644 1709 2677 tamquam
1721 2643 1907 2677 purgamenta

254 2697 310 2729 (cfr.
323 2697 394 2730 aaa)
408 2696 491 2723 huius
508 2696 605 2723 mundi
618 2697 684 2723 facti
698 2706 791 2723 sumus
804 2696 928 2723 omnium
941 2695 1092 2730 peripsima
1105 2703 1192 2730 usque
1204 2695 1303 2722 adhuc.
1402 2695 1454 2721 262
1472 2694 1580 2722 Iuvenc.
1594 2694 1635 2728 II,
1647 2694 1699 2721 227
1711 2693 1795 2721 unica
1807 2693 1906 2728 proles.

254 2748 305 2774 266
325 2748 414 2775 Sedul.
433 2748 456 2781 I,
474 2748 506 2774 81
525 2749 557 2774 ut
575 2748 674 2774 semita
692 2748 775 2774 vitae.

1858 2822 1881 2853 ⁴:
