2040 2996
0 2445 15 2590 “’·’,’,·-”’Υ
0 2406 8 2427 V
0 2286 5 2322 Π·

586 41 597 56 δ

463 112 674 140 PASSIONUM
693 112 747 139 BB.
766 111 909 139 IULIANI
926 111 972 138 ΕΤ
991 111 1178 139 SOCIORUM
1196 112 1276 140 EIUS
1295 114 1401 140 LIBER,
1419 114 1466 141 IV.
1723 116 1784 146 109

502 200 590 232 Huic
612 203 703 232 tanto
727 199 845 231 sceleri
866 201 903 231 ut
924 199 1022 231 vitam
1045 199 1243 242 implicuisse
1266 211 1379 242 parum
1408 202 1461 241 sit,

504 251 571 284 Sed
593 251 695 283 functi
719 261 834 293 corpus
857 250 944 282 vitae
966 261 1023 282 vos
1047 251 1230 282 restituisse

504 303 655 343 Iaotetis,
678 303 816 346 populos
838 305 875 334 ut
897 301 988 334 vobis
1012 302 1146 334 credere
1170 306 1304 335 cunctos

502 355 648 387 Pectoris
671 354 801 386 innocui
824 354 907 385 falso
931 353 992 385 sub
1015 354 1146 386 nomine
1169 354 1290 386 Christi

421 415 446 435 2⁵
505 407 548 439 Et
570 417 654 439 vano
677 406 778 439 errori
801 405 943 442 faciatis;
966 405 1064 437 dicito
1085 406 1203 448 palem,

505 458 551 490 Ut
573 459 710 501 magicis
733 458 849 490 vestris
874 460 908 490 et
930 457 1023 489 vobis
1046 468 1167 500 ponere
1190 458 1287 490 finem

505 510 575 543 Iam
599 511 725 543 valeam
749 513 848 552 atque
872 512 992 541 statum
1015 510 1140 552 patriae
1161 521 1312 553 reparare
1336 511 1527 544 cadentem’.

141 570 208 599 (211-
506 562 647 595 Sanctus
669 562 711 594 ad
733 562 792 594 has
815 572 912 594 voces
935 561 1056 594 domini
1080 562 1250 594 confessus
1275 563 1429 596 honorem

399 616 403 617 ⁷
506 615 616 647 Divini
640 615 745 647 cultus
767 614 935 656 indignum
959 614 1178 656 humilemque
1202 615 1383 647 ministrum

425 674 451 693 ³⁰
507 667 636 699 Asserit
658 669 692 698 et
715 665 845 698 doctum
869 664 990 697 Christi
1014 676 1049 698 se
1073 665 1152 697 dicit
1174 666 1206 698 in
1230 667 1314 700 aula.

506 718 619 751 Vellet
641 717 715 758 sed,
738 717 872 750 huiusce
895 717 1013 750 ducem
1035 717 1271 760 adgrederetur
1293 720 1407 761 agonis

504 770 682 813 Egregium
705 770 857 802 iuvenem
879 779 1048 812 procerem
1072 773 1219 802 sanctum
1242 770 1413 808 Iulianum,

507 822 660 865 Congrua
683 822 840 864 quaesitis
863 822 918 864 qui
941 821 1002 854 scit
1024 832 1183 865 responsa
1204 823 1334 865 profari.

509 874 587 906 ‘Sed
609 874 686 916 quia
707 884 767 906 nos
790 883 875 905 unus
898 873 1009 906 docuit
1032 874 1175 906 salvator
1197 878 1230 906 et
1252 885 1317 906 uno

425 934 450 953 ³⁵
508 925 614 959 Fonte
638 920 737 959 simul*
757 925 858 958 donat
881 925 971 957 vivos
993 925 1124 958 haurire
1147 926 1301 968 liquores,

505 978 611 1019 Audi,
635 978 690 1021 qui
714 977 794 1010 dicis
816 978 966 1020 magicae
989 988 1049 1010 nos
1073 988 1147 1010 esse
1170 979 1293 1021 peritos

506 1031 611 1070 Artis,
634 1040 694 1062 nos
717 1030 858 1062 humiles
880 1039 1028 1062 normam
1051 1029 1205 1062 didicisse
1229 1030 1343 1062 salutis

505 1083 536 1115 A
558 1082 706 1122 domino,
729 1092 823 1114 caras
846 1081 950 1114 vetuit
972 1082 1028 1124 qui
1051 1085 1197 1114 sternere
1220 1093 1365 1125 gemmas

505 1134 632 1174 Porcis,
655 1143 696 1166 ne
718 1133 859 1177 pedibus
881 1136 1044 1176 temptent
1066 1133 1242 1166 obvolvere
1265 1145 1368 1167 coeno

425 1194 451 1213 ⁴⁰
506 1185 574 1219 Res
598 1196 724 1223 sacras;
748 1185 867 1228 dignus
890 1195 988 1228 quam
1011 1186 1052 1218 ob
1076 1197 1145 1219 rem
1169 1197 1234 1219 non
1257 1187 1399 1220 cerneris
1423 1197 1508 1227 esse,

506 1238 614 1270 Testis
638 1237 850 1280 evangelicae
872 1241 909 1270 ut
930 1241 1044 1281 pateat
1066 1238 1125 1271 tibi
1147 1239 1268 1282 pagina
1289 1250 1449 1282 gemmae.

506 1289 662 1322 Attamen
685 1289 738 1321 hic
759 1289 911 1332 populus,
935 1289 1085 1322 dominus
1109 1301 1206 1333 quem
1228 1302 1363 1323 munere
1386 1292 1477 1334 largo

506 1342 711 1375 Praeseitum
734 1341 848 1374 statuit
869 1341 946 1374 fidei
970 1352 1029 1374 sua
1052 1341 1193 1374 subdere
1217 1342 1310 1383 colla,

505 1394 666 1437 Tempore
682 1404 744 1436 quo
760 1393 865 1426 voluit
879 1412 922 1418 —
935 1393 1021 1436 qnod
1043 1405 1129 1426 nunc
1153 1394 1217 1426 iam
1233 1395 1374 1427 cernitur
1390 1406 1462 1427 esse
1479 1415 1530 1436 —‚

424 1453 450 1472 ⁴⁵
506 1445 628 1478 Audiat
651 1455 671 1478 a
693 1444 841 1477 domino:
865 1444 962 1477 “Non
984 1445 1061 1477 veni
1083 1446 1212 1478 mittere
1236 1456 1362 1489 pacem,

506 1497 572 1530 Sed
595 1497 756 1540 gledium3
777 1507 798 1529 a
819 1497 967 1540 patribus
991 1497 1064 1529 veni
1088 1497 1245 1530 divellere
1269 1501 1362 1530 natos

506 1550 577 1582 Nec
599 1560 665 1582 non
688 1553 722 1582 et
743 1549 873 1592 genitas
897 1560 917 1581 a
939 1548 1130 1590 matribus”‚
1153 1550 1288 1593 insuper
1310 1549 1405 1582 illud:

507 1601 594 1639 “Qui
608 1605 734 1645 patrem
759 1605 816 1634 aut
837 1605 975 1634 matrem
999 1602 1072 1645 plus
1089 1601 1185 1644 qu'am
1201 1613 1254 1635 me
1271 1602 1376 1644 diligit
1399 1605 1455 1635 aut
1478 1603 1532 1645 qui

509 1653 656 1686 Uxorem
679 1656 736 1686 aut
757 1652 894 1692 fratres,
917 1654 1045 1696 genitos
1069 1654 1262 1697 genitasque
1286 1655 1338 1687 vel
1361 1665 1468 1697 agros,

427 1714 452 1733 ω
508 1706 635 1738 Aurum
657 1709 715 1738 eut
735 1708 925 1748 argentum,
948 1708 1059 1738 vestes
1083 1706 1232 1748 vitesque
1256 1705 1446 1748 domusque,

507 1757 648 1791 Nomine
671 1757 824 1800 discipuli
846 1757 1015 1800 indignum
1038 1768 1074 1790 se
1103 1758 1225 1791 iudicet
1247 1758 1328 1801 ipse,

508 1810 571 1848 Qui
593 1808 740 1852 loquor”.
784 1809 880 1842 Hanc
903 1820 1015 1842 vocem
1040 1810 1162 1842 sanctis
1186 1810 1367 1842 incessibus
1391 1820 1468 1842 ecce

507 1862 590 1896 Cum
613 1862 725 1905 genito
750 1861 896 1904 sequitur
918 1862 1006 1894 felici
1030 1862 1160 1894 nomine
1183 1866 1302 1894 mater:

507 1914 686 1958 Propterea
708 1924 774 1946 non
796 1914 853 1946 ille
876 1917 1019 1957 patrem,
1042 1925 1107 1946 non
1131 1914 1188 1946 illa
1209 1914 1360 1946 maritum

427 1974 452 1994 ⁵³
508 1965 629 1999 Dicere
652 1969 685 1998 te
708 1965 866 2008 gaudent,
889 1977 1025 2009 quorum
1049 1969 1100 1999 est
1122 1966 1186 1998 iam
1208 1966 1314 2009 patria
1337 1966 1473 2006 caelum,

505 2017 596 2056 Quos
619 2017 701 2051 deus
725 2018 930 2061 omnipotens
954 2019 1055 2062 patris
1078 2017 1244 2050 blanditur
1266 2028 1375 2050 amore

142 2117 320 2152 pnevnluistin
341 2116 374 2143 ad
395 2114 573 2149 decipiendum
595 2113 733 2147 populum,
758 2117 788 2139 ut
808 2113 953 2147 gloriemini
970 2122 1016 2139 vos
1034 2117 1162 2138 mortuum
1180 2113 1330 2143 suscitasse,
1355 2117 1458 2147 propter
1476 2114 1543 2147 quod
1561 2114 1671 2139 innocua
1687 2118 1790 2147 pectora

142 2160 275 2187 irruentis&
302 2160 343 2186 Ad
361 2160 424 2185 haee
436 2159 464 2184 B.
477 2157 605 2183 Antonius
622 2157 755 2190 presbyter
772 2156 850 2181 dixit:
868 2157 1030 2189 ‘Optaveram
1048 2156 1160 2188 quidem,
1179 2160 1208 2181 ut
1225 2155 1315 2181 ducem
1334 2156 1411 2181 huius
1423 2157 1512 2189 agonis
1529 2157 1608 2182 nostri
1623 2155 1736 2191 (beatum
1750 2156 1786 2190 B)

142 2204 272 2230 Iulianum
297 2206 485 2237 permutante·
513 2201 675 2234 (provocares
692 2199 748 2232 Bp)
771 2203 798 2225 et
817 2199 851 2225 ab
873 2208 903 2225 eo
929 2207 1078 2232 responsum
1101 2199 1241 2232 aeciperes3
1268 2199 1311 2224 sed
1338 2199 1398 2231 quia
1421 2207 1490 2226 unus
1515 2203 1554 2225 est
1578 2201 1695 2226 dominus
1717 2201 1789 2226 Iesus

144 2247 270 2277 Chri-tun,
289 2247 334 2280 qui
350 2245 434 2279 ungit
450 2252 546 2278 organa
557 2243 639 2269 cordis
650 2243 738 2274 nostri,
756 2243 925 2276 interrogasti,
943 2250 1008 2276 quse
1021 2242 1136 2267 voluisti:
1154 2242 1215 2267 audi
1226 2250 1296 2267 nunc
1307 2246 1358 2267 eta
1372 2250 1421 2272 me,
1439 2251 1505 2275 quae
1522 2243 1637 2276 inquiris.
1667 2244 1790 2277 Magister

143 2294 170 2317 et
186 2295 276 2317 auctor
293 2289 407 2323 magiae
424 2296 502 2322 quam
518 2296 535 2312 a
551 2287 625 2312 nobis
643 2287 706 2312 dicis
723 2286 848 2316 exerceri,
874 2286 923 2312 hoc
944 2286 1018 2311 nobis
1039 2286 1108 2311 dedit
1131 2293 1291 2318 responsum,
1316 2293 1348 2310 ne
1366 2286 1515 2318 margaritae
1533 2287 1656 2319 pretiosae
1679 2295 1694 2312 a
1716 2287 1789 2312 nobis

143 2334 277 2359 mittantur
294 2333 388 2367 porcisg
413 2332 459 2365 qui
475 2331 540 2356 dixit
557 2329 660 2363 (Moab.
680 2329 720 2360 10,
731 2329 788 2362 34):
817 2328 892 2355 “Non
909 2330 969 2354 veni
986 2337 1074 2362 pacem
1092 2329 1191 2354 mittere
1208 2336 1285 2362 super
1302 2332 1406 2359 terram,
1430 2329 1474 2354 sed
1491 2329 1619 2362 gladium:
1645 2331 1705 2355 veni
1722 2331 1790 2355 enim

143 2384 264 2410 separare
281 2376 371 2402 fllium-
381 2383 397 2400 ι
414 2379 486 2408 patre
504 2378 530 2400 et
547 2373 626 2399 filiam
643 2382 658 2398 a
669 2372 766 2399 matre*
785 2377 811 2398 et
828 2376 928 2398 caetera
945 2376 971 2398 et
987 2373 1037 2398 alio
1055 2373 1110 2398 loco
1129 2375 1314 2404 consequenter
1331 2372 1392 2397 dicit
1409 2372 1449 2403 (ib.
1468 2371 1524 2404 37)=
1543 2371 1610 2404 “Qui
1627 2373 1686 2406 plus
1707 2374 1790 2407 diligit

145 2423 241 2453 petrem
259 2423 305 2445 eut
321 2423 426 2444 matrem
442 2421 488 2443 eut
498 2425 605 2443 uxorem
622 2421 667 2442 sut
683 2417 750 2442 filios
766 2420 811 2442 aut
828 2425 919 2442 aurum
935 2420 980 2441 aut
993 2420 1127 2448 argentum
1145 2419 1190 2440 aut
1201 2415 1304 2440 domum
1321 2418 1367 2440 aut
1382 2423 1472 2447 agrum
1491 2423 1567 2447 quam
1578 2423 1627 2448 me,
1645 2424 1697 2441 non
1707 2420 1792 2449 potest

144 2471 217 2489 meus
235 2471 290 2489 esse
303 2460 468 2495 discipulus''.
495 2461 572 2486 Hanc
588 2467 677 2486 vocem
694 2459 763 2485 filius
780 2463 842 2485 tuus
859 2460 967 2485 audiens
985 2468 1035 2484 non
1054 2459 1114 2492 plus
1132 2459 1191 2483 fecit
1207 2462 1232 2483 te
1250 2458 1379 2483 carnalem
1395 2458 1544 2491 genitorem,
1566 2467 1642 2491 quam
1659 2459 1789 2485 Christum

144 2510 291 2532 creatorem.
330 2505 412 2531 Simili
434 2504 509 2530 modo
532 2507 569 2534 et,
596 2512 672 2536 quam
696 2503 759 2528 dicis
783 2511 889 2528 uxorem
914 2507 996 2533 tuam,
1024 2502 1071 2526 hac
1094 2510 1156 2526 voce
1179 2501 1275 2526 domini
1298 2504 1429 2534 comperta
1452 2502 1604 2535 contempsit
1626 2502 1790 2535 temporalem

145 2549 255 2579 thorum,
273 2552 303 2574 ut
319 2556 365 2582 per
375 2547 506 2573 Christum
523 2547 690 2572 immortalem
709 2550 734 2572 et
752 2547 864 2579 requiem
883 2550 1010 2571 aeternam
1023 2544 1209 2577 consequatur-2
1242 2545 1275 2569 Et
1291 2544 1394 2569 adiecit:
1419 2545 1493 2570 ‘Eece
1511 2553 1620 2578 praeses,
1637 2546 1701 2570 nihil
1713 2554 1790 2578 quam

246 2685 281 2714 21
299 2686 405 2714 moia-i
422 2685 448 2713 Ρ
548 2685 582 2713 56
599 2686 721 2713 sanaim
738 2694 805 2712 mr.
824 2684 855 2712 Ρ

247 2762 282 2791 25
299 2762 347 2798 φ.
361 2769 435 2798 pau.
454 2761 514 2795 m.
531 2762 574 2791 ss.
678 2762 713 2791 85
730 2762 780 2797 cst.
799 2760 824 2789 a.
838 2761 859 2796 f.
877 2770 898 2789 v.
921 2762 961 2790 ιτ.
1064 2760 1100 2788 43
1117 2759 1164 2795 eft.
1183 2758 1207 2787 ιιι
1223 2759 1243 2794 s.
1262 2767 1284 2788 v.
1302 2760 1362 2789 255.
1465 2760 1499 2788 49
1516 2760 1564 2794 est.
1578 2768 1650 2796 pase.
1670 2759 1728 2796 111,
1748 2760 1790 2787 43.
