2040 2996
606 13 629 35 ‚h

614 131 664 159 AD
682 131 933 160 GUNTHARIUM
951 132 1107 167 EIUSQUE
1124 133 1310 162 FRATREM.
1725 139 1786 170 227

501 219 607 256 Quem
630 220 724 251 nobis
747 220 886 253 Rhenus
909 224 1078 263 materque
1103 221 1239 254 Colonia
1261 223 1359 262 misit,

546 271 673 315 Excipe
694 273 913 315 praecelsum,
937 273 1099 316 limphida
1120 273 1223 314 Mosa,
1247 275 1363 306 virum.

499 323 564 355 Hic
586 324 637 355 vir
658 334 799 366 namque
822 325 907 356 viret
929 324 1051 356 florens
1074 325 1164 357 velut
1185 326 1283 357 arbor
1304 337 1442 358 amoena

418 383 442 401 ¹⁰
545 376 712 408 Virtutum
734 375 866 418 liquidis
887 375 1083 408 imbrificata
1105 378 1217 420 tropis,

498 427 669 460 Ecclesiae
693 429 872 471 specimen,
896 428 1041 471 paradisi
1064 429 1184 461 fertilis
1209 430 1306 461 arbor

543 479 615 512 Nec
638 479 758 512 cedens
780 481 888 512 ventis
910 481 1161 524 turbinibusque
1184 482 1277 518 feris;

498 532 650 573 Flamina
671 543 737 564 non
760 533 867 575 ipsam
890 535 1015 565 terrent
1038 534 1222 576 fluctusque
1246 535 1408 566 minaces:

543 584 694 627 Namque
718 595 818 627 super
840 588 966 628 petram
991 588 1058 617 stat
1080 585 1165 618 bene
1188 587 1281 618 firma
1305 598 1413 621 suam:

416 644 440 663 1⁵
498 637 578 669 Fert
599 647 713 669 roseos
736 637 835 669 flores
858 636 966 677 bellis,
988 637 1054 669 fert
1077 638 1147 669 lilia
1169 638 1262 680 pacis

543 687 588 720 Et
609 688 693 720 viret
714 688 748 720 iu
770 688 858 720 foliis
883 699 1015 731 semper
1037 688 1180 720 honusta
1203 690 1311 726 novis:

498 739 642 772 Dulcida
663 750 762 784 poma
783 751 904 783 gerens
928 740 1096 773 doctrinae
1121 741 1225 784 spirat
1247 742 1377 782 odores,

544 792 670 824 Pistica
691 803 772 835 quos
794 792 916 824 nardus
939 793 995 825 vix
1019 793 1172 825 simulare
1195 797 1319 836 potest:

495 843 591 876 Hanc
614 854 722 887 neque
746 855 829 877 cana
850 844 980 888 hiemps
1003 845 1122 888 spoliat
1144 846 1376 888 quassantibus
1399 846 1496 878 Euris

412 902 439 921 ²⁰
546 896 616 928 Nec
639 897 700 928 scit
722 896 763 928 in‘
779 895 918 929 adverso
940 896 1080 940 perdere
1103 897 1192 929 mala
1214 897 1339 934 Notho;

495 947 646 980 Floribus
669 948 768 980 immo
791 949 896 991 magis
919 948 1092 991 fructuque
1116 948 1278 981 redundat
1300 950 1419 993 opimo,

543 999 661 1031 Gliscit
683 1003 718 1032 et
740 999 782 1032 ad
806 1011 944 1044 superos
968 1001 1084 1033 cedrus
1107 1004 1144 1032 ut
1167 1001 1234 1033 alta
1256 1002 1364 1044 polos:

493 1050 661 1084 Ecclesiae
684 1051 785 1084 decus
809 1056 860 1084 est
882 1052 966 1086 haec
988 1052 1084 1085 arbor
1107 1057 1140 1085 et
1163 1063 1264 1085 aurea
1284 1054 1409 1096 lampas

539 1102 678 1136 Florens
702 1103 735 1136 in
760 1103 892 1136 Solimis
915 1105 1029 1147 gloria,
1053 1104 1182 1144 Rhene,
1205 1106 1280 1138 tuis.

410 1161 435 1180 ²⁵
493 1154 620 1195 Rheno,
642 1155 707 1188 tuis
731 1155 864 1188 solimis
888 1155 977 1188 fama
1000 1157 1177 1189 celebraris
1200 1158 1233 1189 in
1256 1157 1333 1189 orbe
1359 1170 1413 1189 —2

538 1206 587 1239 Te
610 1207 716 1250 magis
738 1207 888 1240 Hiltwini
911 1208 970 1240 lux
993 1208 1170 1241 decoratne
1193 1209 1261 1241 tui?

491 1257 554 1290 Est
576 1259 698 1302 sophus
721 1259 776 1292 ille
798 1263 902 1303 pater,
927 1260 1064 1303 sophian
1088 1260 1195 1303 diligit
1217 1261 1283 1301 ille,

538 1309 660 1343 Mentis
683 1314 718 1344 et
740 1314 793 1344 est
815 1311 961 1355 sophicis
983 1312 1152 1355 praeditus
1176 1313 1247 1355 ipse
1270 1313 1378 1355 gazis;

491 1363 623 1397 Potavit
645 1365 785 1408 liquidos
808 1365 911 1398 divini
934 1366 1076 1398 nectaris
1099 1366 1237 1399 haustus

408 1422 434 1442 ⁸⁰
538 1415 707 1460 Fonteque
730 1416 771 1450 de
795 1417 882 1450 vitae
906 1428 1001 1450 sacra
1025 1418 1150 1451 fluenta
1172 1418 1271 1455 bibit:

491 1468 630 1501 Actibus
651 1469 789 1512 insignis
812 1470 1015 1512 sexangulus
1039 1470 1095 1502 ille
1119 1474 1256 1514 topazus

535 1519 629 1553 Inter
650 1520 870 1564 Francigenas
893 1532 1007 1554 norma
1029 1525 1168 1554 venusta
1190 1523 1282 1554 nitet.
1311 1541 1345 1545 —

490 1571 622 1605 Christe
643 1572 736 1614 deus,
758 1573 859 1607 talem
882 1574 1026 1616 cyclicis,
1050 1577 1299 1617 r0g0,'protege
1322 1574 1402 1617 giris
1446 1593 1448 1595 -

535 1623 646 1667 Atque
669 1635 750 1668 para
771 1625 864 1668 largo
888 1628 997 1658 castra
1020 1625 1119 1658 beata
1144 1626 1226 1658 viro.

893 1752 1008 1775 LXXV„-

866 1806 1032 1839 ITEM.

489 1865 639 1898 Floridus
662 1875 741 1899 ecce
762 1866 868 1899 venit:
893 1867 1011 1911 campi,
1034 1867 1148 1900 florete
1174 1871 1342 1911 patentes;

534 1917 728 1950 Florescant
751 1917 867 1951 silvae:
891 1918 1023 1951 floridus
1047 1929 1124 1952 ecce
1146 1920 1247 1952 venit.

487 1968 652 2012 Tempora
673 1969 762 2002 veris
785 1979 864 2003 aves
888 1970 1056 2004 celebrant
1079 1971 1246 2014 crispante
1271 1981 1415 2011 susurro,

535 2020 684 2053 Produnt
705 2022 872 2064 organulis
894 2026 1042 2066 tempora
1065 2024 1150 2056 veris
1174 2034 1264 2056 aves.

419 2080 430 2099 ἢ
489 2072 655 2106 Obsecro:
678 2083 792 2117 prome
814 2077 922 2112 tonos,
945 2075 1146 2119 septimplex
1169 2075 1277 2107 fistola
1299 2075 1432 2113 Musae;

534 2124 731 2168 Exuperans
754 2125 878 2168 cignos,
901 2126 1049 2167 obsecro,
1072 2137 1186 2170 prome
1209 2130 1315 2159 tonos.

487 2176 563 2209 Rex
584 2176 676 2210 venit
697 2187 776 2210 ecce
798 2178 887 2220 pius:
911 2178 1058 2220 regalem
1081 2181 1159 2211 texe
1183 2189 1371 2215 camenam;

534 2227 644 2261 Dicite
667 2239 736 2269 vos,
759 2229 890 2262 Musae:
914 2240 973 2262 rex
996 2230 1088 2270 venit
1110 2241 1186 2262 ecce
1210 2230 1294 2273 pius.

487 2279 645 2323 Quisquis
668 2290 798 2313 amarus
822 2281 863 2322 ei,
887 2282 930 2314 sit
951 2292 1051 2314 rauco
1073 2285 1205 2324 pectore
1229 2280 1374 2318 Codrum

406 2338 431 2358 ¹⁰
535 2330 600 2363 Olli
623 2331 668 2364 fel
690 2332 816 2373 refluat,
840 2333 987 2376 quisquis
1011 2343 1142 2365 amarus
1165 2333 1207 2364 ei.

225 2495 259 2522 16
275 2495 401 2523 'honesta
413 2497 437 2522 0
518 2495 555 2522 20
571 2497 659 2523 Nescit
672 2497 695 2523 0
708 2506 776 2523 corr.
795 2497 946 2523 Duemmler
1081 2495 1195 2530 [nxxan
1210 2497 1312 2529 primm
1329 2497 1376 2523 edo
1463 2496 1480 2522 2
1498 2498 1651 2524 Floreseunt
1670 2507 1737 2525 corr.
1755 2499 1778 2524 0

121 2538 140 2566 5
154 2539 248 2566 thonos
261 2539 285 2566 G
366 2539 384 2566 6
401 2548 508 2574 opsecro
525 2549 592 2566 cor-r.
608 2540 631 2566 Ο
714 2539 731 2566 9
748 2541 779 2567 ῆι
791 2541 815 2566 0
829 2549 896 2567 corr.
917 2541 1009 2574 Haupt

225 2633 260 2660 10
277 2632 411 2660 Mar-tion.
427 2632 492 2667 Cap.
509 2633 555 2668 Vl,
573 2634 626 2661 584
643 2633 681 2661 αἱ.
695 2634 774 2669 Eyoe.
782 2642 812 2668 p.
827 2634 885 2666 197.
903 2634 938 2661 23
955 2634 1142 2661 imbriflcabat
1153 2633 1242 2668 aquis.
1315 2634 1346 2660 11
1367 2633 1413 2660 Ge.
1427 2633 1478 2667 IV,
1497 2634 1548 2660 142
1566 2634 1669 2661 fertilis
1682 2635 1773 2662 arbos.

120 2682 156 2711 24
174 2682 287 2712 adonia
302 2687 334 2712 ue
351 2684 450 2720 Lxx,
469 2686 510 2714 1¹.
605 2685 641 2713 29
659 2685 787 2713 Alamos.
805 2685 845 2713 αἱ.
866 2685 918 2713 Gil.
932 2695 962 2720 p.
976 2686 1035 2719 271,
1054 2686 1087 2712 31
1106 2685 1227 2712 nectaris
1245 2685 1369 2712 haustus.
1461 2685 1496 2712 30
1515 2685 1567 2718 orr.
1580 2685 1729 2719 LXVIIL
1748 2686 1773 2713 4.

121 2733 238 2770 [uma]
257 2735 275 2763 8
292 2735 346 2769 (W.
360 2736 478 2771 LXIII,
494 2737 530 2764 23
543 2745 589 2771 sq..
676 2737 693 2764 9
713 2737 784 2765 Sem.
803 2737 840 2764 ad
861 2738 928 2765 Aen.
949 2737 1009 2771 XI,
1031 2738 1083 2764 458
1101 2736 1195 2764 ‘rauci'
1218 2737 1311 2763 autem
1333 2736 1389 2763 τῶν
1410 2737 1504 2772 μέσων
1528 2738 1582 2764 est:
1608 2746 1671 2764 nam
1692 2738 1773 2765 modo

121 2792 236 2813 moros
255 2786 406 2822 signifieat,
422 2788 494 2816 alin
510 2788 587 2816 voci·
604 2788 756 2824 pessimae:
774 2789 915 2816 Iuvenalis
927 2789 961 2824 (Ι,
971 2790 1000 2823 2)
1018 2789 1105 2817 ‘rauci
1121 2788 1257 2816 Theseide
1271 2788 1353 2816 Codri
1373 2788 1420 2822 (eie
1429 2788 1586 2816 Monoecus.
1600 2797 1653 2823 pro
1662 2789 1773 2824 Cordi)'.

1513 2835 1568 2863 29*
