2092 3094
888 227 1117 254 PROOEMIUM.
1767 233 1829 263 273

286 316 336 346 13.
370 312 420 345 De
441 313 491 345 his
504 313 644 345 Miconis
666 314 826 352 excerptis,
849 314 931 353 quod
950 313 1138 354 florileyium
1153 314 1271 352 vocabo,
1288 325 1393 353 pauca
1410 314 1538 352 addam;
1561 326 1751 356 quamquam
1766 327 1829 349 non

181 367 251 398 sine
273 366 474 403 dubitatione,
497 365 572 405 quia
594 364 650 396 hoc
664 365 834 405 proprium
856 365 951 396 medii
964 366 1034 396 aevi
1055 365 1219 397 literarum
1240 376 1346 406 yenus,
1370 367 1479 406 quoin
1493 377 1603 407 yenere
1624 378 1644 398 a
1659 368 1831 401 moralibus

180 417 344 458 florileyiis
360 416 563 457 prosodiaca,
586 417 668 447 inter
685 416 874 457 prosodiam
893 417 1049 457 florileyia
1071 427 1120 454 ea,
1144 417 1257 456 quibus
1277 418 1426 457 finalium
1447 419 1643 458 syllabarum
1666 429 1829 452 mensurae

183 468 449 510 coynoscebantur,
471 479 493 499 a
516 470 686 499 ceterarum
709 469 847 507 tempora
863 468 1146 508 praestituentibus
1163 471 1306 500 accurate
1328 471 1402 500 sunt
1423 470 1612 509 separanda,
1637 471 1712 503 data
1735 482 1828 513 opera

183 520 313 552 vixdum
335 531 356 551 a
378 530 532 560 quoquam
555 521 600 550 est
621 521 798 552 tractatum.

285 572 455 612 Acceperat
476 571 575 612 iyitur
597 570 730 602 medium
759 581 869 602 aevum
885 581 948 610 per
968 571 1216 612 Lanyobardos¹
1236 572 1424 612 florileyium
1445 572 1608 612 quoddam,
1630 584 1690 614 quo
1706 575 1830 614 princi-

178 616 304 664 palium
319 623 557 663 mediarumque
578 622 773 664 syllabarum
795 624 934 662 tempora
955 623 1232 655 constituebantur.
1269 623 1378 655 Huius
1390 624 1537 664 slorileyii
1552 626 1724 665 exemplum
1739 627 1829 659 intra

183 685 284 708 annos
297 676 361 707 820
375 677 404 707 et
418 675 482 706 825
505 676 707 706 retractatum
722 676 767 706 est
780 674 915 715 Auyiae.
954 674 1008 706 Ea:
1022 674 1178 715 Auyiensi
1193 675 1330 714 exemplo
1350 676 1474 707 libellus
1495 675 1668 708 Vaticanus
1683 676 1828 716 (VAJt),

182 727 238 767 qui
265 726 451 758 inscribitur
477 725 640 768 Exempla
666 725 870 757 diversorum
898 729 1084 766 auctorum,
1113 738 1134 758 a
1158 727 1362 766 yrammatico
1391 727 1492 758 nescio
1519 738 1579 767 quo
1608 730 1655 759 est
1678 729 1798 768 petitus
1807 730 1827 760 ².

181 779 293 811 Altero
314 778 452 818 exemplo
474 778 630 818 Auqiensi
655 777 871 817 similibusque
891 777 1055 818 florileyiis
1081 778 1256 818 adsumptis
1279 778 1389 810 Micon
1413 779 1504 821 Opus
1532 788 1624 810 suum
1652 780 1796 822 confudit
1804 781 1827 812 ³.

182 830 251 862 Hoc
271 839 341 862 cum
365 829 464 861 medio
492 839 566 861 aevo
587 839 648 869 pro
676 830 743 860 eius
774 829 974 869 versificandi
994 829 1129 868 pruritu
1151 830 1371 861 aestimaretur
1388 840 1576 871 permayno,
1607 831 1642 862 in
1659 833 1828 873 permultis

175 883 307 922 praeter
319 881 561 913 Bruxellensem
576 881 704 912 codicem
720 880 794 922 (B),
817 881 853 912 in
867 891 927 920 quo
942 881 1025 912 inter
1040 881 1182 912 carmina
1203 881 1406 913 Centulensia
1429 882 1575 920 traditur,
1599 883 1828 923 exemplaribus

182 933 256 965 tulit
269 934 410 965 aemtem.
441 932 583 964 Adhibui
598 933 733 964 alterum
742 932 1011 964 'Bruxellensem‘
1027 933 1076 974 (b)
1091 934 1349 964 10066—10077
1363 943 1440 965 saec.
1461 934 1555 972 XIL,
1580 934 1803 966 Burneianum
1816 937 1828 955 ⁵

181 984 240 1024 (L)
274 986 338 1016 375
371 994 451 1016 saec.
487 984 699 1025 XILtXIIL,
732 983 984 1024 Erlanyensem‘
1015 984 1078 1025 (E)
1108 986 1172 1015 178
1203 994 1282 1017 saec.
1313 984 1390 1016 XV.
1440 985 1514 1017 Non
1542 986 1673 1018 adhibui
1699 986 1828 1019 Heidel-

182 1037 372 1077 beryensem,
402 1036 468 1067 nisi
494 1035 599 1076 quoad
619 1045 679 1076 per
706 1035 892 1067 Fabricium
924 1035 1028 1074 licuit,
1060 1035 1116 1076 qui
1138 1046 1247 1075 pauca
1274 1036 1347 1068 inde
1373 1036 1513 1068 ediderat
1522 1038 1543 1075 ⁷,
1571 1048 1671 1078 neque
1692 1038 1827 1070 Halber-

181 1087 368 1120 stadiensem
389 1098 405 1119 e
432 1087 620 1129 bybliotheca
647 1087 808 1127 gymnasii
829 1087 1019 1118 cathedralis
1041 1088 1082 1118 69
1104 1097 1183 1120 saec.
1205 1087 1287 1120 XII.
1312 1090 1440 1127 practer
1463 1088 1605 1120 lectiones
1626 1089 1666 1120 ab
1688 1089 1828 1121 Henrico

181 1139 258 1172 Keil
280 1141 309 1171 et
330 1139 463 1180 Georyio
483 1139 588 1171 Waite
604 1141 744 1170 servatas
755 1139 776 1176 ⁸,
797 1148 872 1170 nam
897 1139 960 1178 ipse
983 1139 1061 1170 liber
1078 1148 1234 1179 nusquam
1251 1140 1434 1179 comparuit.
1471 1140 1604 1180 Neylexi
1619 1140 1828 1173 Parisinum⁹

183 1191 270 1222 1928
290 1200 368 1223 saec.
387 1190 450 1223 XI.
473 1192 503 1222 et
523 1190 654 1222 codicem
675 1190 831 1230 quendam
850 1190 1031 1222 Leidensem
1042 1191 1079 1222 ¹⁰.
1121 1190 1278 1222 Tullensis
1292 1191 1328 1222 in
1343 1200 1422 1223 saec.
1438 1191 1501 1223 XI.
1517 1192 1654 1232 catalogo
1668 1193 1788 1225 allatus
1801 1195 1826 1213 ¹¹

180 1242 283 1274 nescio
304 1252 390 1274 nunc
410 1242 467 1274 ubi
488 1243 594 1279 exstet,
617 1241 696 1273 liber
718 1241 883 1274 Societatis
905 1242 978 1273 Iesu
999 1241 1208 1273 Lovaniensis
1229 1242 1270 1274 ab
1285 1242 1419 1274 Heinsio
1441 1243 1484 1275 ad
1507 1242 1612 1275 Ovidii
1627 1243 1758 1276 Heroid.
1774 1245 1832 1277 IV

182 1296 225 1325 67
247 1294 397 1326 laudatus
418 1303 434 1325 e
457 1293 722 1325 Bruxellensibus
743 1295 847 1333 potest
877 1303 940 1325 esse
962 1293 1043 1325 alter
1065 1294 1182 1326 uter.¹²
1226 1293 1404 1333 Descripsit
1425 1294 1651 1326 Burneianum
1674 1295 1828 1328 Robertus

180 1345 218 1377 de
231 1344 475 1378 Fteischhacker
497 1345 530 1376 V.
550 1345 593 1383 0.,
617 1345 847 1385 Erlanyensem
861 1344 999 1376 Harster
1023 1344 1058 1376 V.
1075 1345 1122 1381 G:
1145 1346 1211 1386 ipse
1232 1346 1350 1377 contuli
1363 1346 1604 1378 Bruxellensem
1628 1347 1654 1384 b,
1677 1347 1828 1387 descripsi

180 1396 424 1429 Bruxellensem
455 1397 508 1428 B:
534 1406 610 1428 nam
638 1396 860 1428 Bethmannus
891 1396 1051 1428 molestum
1081 1397 1114 1428 id
1140 1397 1296 1437 neyotium
1319 1398 1586 1437 praetermiserat.
1632 1398 1764 1430 Praeter
1784 1399 1826 1437 B,

181 1448 238 1488 qui
259 1450 294 1480 ut
315 1458 400 1480 unus
421 1458 436 1479 e
458 1447 599 1479 Miconis
626 1447 754 1486 officina
771 1448 918 1488 provenit
946 1448 992 1479 ita
1019 1450 1089 1480 crat
1117 1449 1306 1480 utilissimus
1332 1448 1411 1480 mihi
1437 1451 1467 1480 et
1491 1449 1583 1489 plene
1618 1450 1828 1489 eoecutiendus,

182 1499 393 1532 subnotantur
419 1500 562 1531 lectiones
594 1509 633 1531 ex
666 1499 765 1531 codice
793 1499 810 1531 b
843 1500 987 1537 selectae,·
1020 1499 1092 1531 item
1124 1500 1179 1531 sed
1210 1501 1320 1532 rarius
1353 1500 1496 1532 lectiones
1522 1501 1731 1533 Burneianae
1760 1501 1827 1543 (L),

183 1550 397 1592 Erlanqenses
418 1551 488 1593 (E),
515 1550 824 1590 Halberstadienses,
854 1551 1128 1591 Heidelberqcnses
1156 1551 1213 1583 sub
1241 1552 1397 1583 communi
1418 1552 1506 1592 siyno
1528 1565 1561 1593 μ.
1606 1552 1654 1584 Hi
1676 1562 1780 1585 omnes
1800 1556 1828 1584 ct

182 1603 365 1643 interpolati
387 1605 461 1634 sunt
482 1605 511 1634 et
531 1604 623 1634 notas
644 1613 666 1634 a
680 1602 808 1635 Micone
829 1602 873 1635 ad
893 1603 1051 1644 margines
1068 1603 1191 1642 positas
1209 1605 1340 1644 praeter
1359 1605 1528 1642 auctorum,
1552 1614 1631 1643 quae
1646 1604 1828 1636 viderentur

182 1662 254 1693 esse,
277 1655 406 1686 nomina
421 1654 598 1686 deleverunt
612 1655 668 1692 ita,
690 1656 726 1685 ut
739 1654 840 1686 nihilo
855 1654 961 1686 minus
980 1655 1137 1694 qenuinas
1158 1664 1212 1686 eas
1234 1664 1297 1686 esse
1319 1655 1367 1686 vel
1391 1655 1463 1686 inde
1485 1655 1624 1693 eluceret,
1648 1656 1731 1695 quod
1753 1656 1823 1688 licet

178 1717 311 1746 paucae,
334 1717 413 1747 quae
435 1706 516 1738 male
538 1707 639 1737 essent
661 1705 844 1744 intellectae,
866 1706 961 1737 etiam
985 1705 1026 1737 ab
1048 1706 1093 1737 eis
1116 1705 1324 1738 traderentur.
1367 1706 1518 1737 Fuissent
1539 1707 1638 1747 igitur
1660 1708 1829 1747 spernendi

184 1759 214 1790 et
228 1758 246 1790 b
261 1759 290 1790 et
302 1771 338 1800 μ,
353 1758 418 1790 nisi
433 1768 472 1788 ex
486 1757 551 1791 alio
563 1767 601 1789 ac
614 1757 649 1789 B
663 1757 802 1797 exemplo
815 1767 855 1789 ex
870 1757 1010 1788 Miconis
1024 1767 1113 1797 opere
1128 1757 1308 1789 viderentur
1323 1757 1466 1790 derivati.
1504 1757 1645 1797 Uncinis,
1661 1769 1740 1798 quae
1754 1762 1828 1791 sunt

186 1810 207 1851 <.
224 1834 231 1841 .
249 1810 281 1851 .)‚
304 1820 341 1841 ea
355 1809 539 1850 siqnificavi,
561 1809 675 1849 quibus
688 1808 723 1840 B
735 1809 869 1840 detritus
878 1809 1002 1849 passim
1017 1810 1046 1840 et
1065 1809 1120 1848 qui
1142 1809 1272 1847 difficile
1295 1809 1446 1850 leyeretur
1463 1809 1593 1849 plenam
1616 1811 1829 1843 auctoritatem

185 1871 250 1893 non
271 1861 413 1899 addebat,
435 1861 490 1894 sed
510 1870 590 1901 quae
610 1860 791 1901 legebantur
808 1860 842 1892 in
857 1861 886 1894 b.
921 1860 1019 1898 Raro,
1042 1860 1096 1892 ubi
1111 1860 1129 1892 b
1151 1862 1208 1891 aut
1222 1873 1247 1902 μ
1262 1870 1360 1900 neque
1375 1870 1414 1892 ex
1424 1862 1588 1900 poetarum
1601 1861 1830 1902 exemplaribus

183 1915 284 1945 essent
310 1913 424 1944 mutati
451 1921 550 1952 neque
577 1922 616 1943 ere
642 1912 767 1953 inqenio
792 1911 980 1950 scribarum,
1015 1911 1144 1943 codicem
1173 1912 1206 1943 B
1232 1922 1271 1943 ex
1294 1911 1362 1943 illis
1395 1913 1532 1949 correxi;
1568 1912 1602 1944 id
1634 1913 1716 1953 quod
1737 1914 1828 1945 salva

183 1965 360 2004 apparatus
378 1963 441 2004 fide
454 1965 581 2004 poterat
599 1963 672 2003 fieri
693 1963 792 2002 tacite,
815 1972 884 1994 cum
906 1973 1011 1994 verum
1033 1962 1193 1994 ezchibebat
1209 1963 1227 1995 b
1249 1963 1416 1995 dumtaxat
1438 1973 1502 1995 non
1523 1964 1739 2005 interpolatus.
1774 1965 1829 1996 Ex

185 2016 268 2048 notis
289 2016 324 2047 in
340 2015 374 2048 B
396 2015 439 2047 ad
459 2015 618 2055 maryines
632 2014 748 2054 positis
769 2015 870 2054 recepi
891 2025 970 2054 quae
991 2014 1138 2046 memoria
1162 2015 1262 2046 essent
1282 2014 1454 2055 dioniores;
1476 2025 1556 2055 quas
1570 2017 1645 2055 post
1658 2017 1824 2055 poctarum

183 2067 322 2106 nmina,
345 2067 399 2099 ubi
416 2067 584 2107 pleraeque
606 2065 760 2107 leyuntur,
784 2065 930 2098 collocavi
951 2075 1063 2098 omnes.

288 2121 340 2152 14.
374 2119 445 2151 Iam
467 2117 518 2150 his
533 2119 593 2150 rite
606 2119 743 2159 peractis
758 2119 933 2150 carminum
949 2118 1063 2159 sylloye
1078 2118 1301 2150 Bruxellensis
1323 2119 1359 2150 in
1375 2118 1574 2158 principales
1596 2118 1672 2150 illas
1692 2119 1829 2160 sylloyas

177 2172 282 2211 potest
303 2170 458 2210 disiunyi,
485 2180 524 2201 ex
546 2170 660 2210 quibus
681 2180 750 2202 eam
773 2170 846 2202 olim
874 2170 1038 2209 conflatam
1069 2179 1132 2202 esse
1160 2179 1260 2209 supra
1283 2170 1432 2202 indicavi.
1479 2169 1568 2210 Quod
1588 2169 1633 2201 sic
1654 2170 1828 2208 instituam,

289 2264 314 2298 1)
334 2262 391 2296 Gsr.
404 2263 476 2297 quod
488 2263 548 2290 dixi
560 2263 590 2289 in
603 2263 677 2290 Mus.
693 2263 780 2290 Rhen.
796 2263 901 2290 XLIV
908 2267 958 2290 478
969 2266 994 2289 et
1007 2263 1038 2289 in
1056 2262 1206 2295 Woelfflinii
1217 2262 1334 2288 Archieo
1352 2261 1390 2288 V1
1398 2265 1452 2289 265.
1518 2263 1545 2295 2)
1564 2263 1698 2289 Vaticana
1710 2264 1828 2297 exmph

185 2317 328 2344 edidcmnt
343 2315 409 2345 Keil
424 2315 456 2341 in
471 2314 559 2342 indice
579 2314 695 2341 Kalen-si
713 2323 739 2341 α.
758 2318 823 2342 1872
841 2318 866 2341 et
888 2315 1020 2341 Aemilius
1040 2314 1192 2347 Chatelain,
1212 2314 1303 2340 Revue
1323 2313 1355 2340 de
1368 2313 1512 2348 philoloyie
1536 2314 1595 2340 VII
1608 2315 1695 2348 (1883)
1708 2323 1772 2348 pay.
1789 2318 1827 2342 65.

185 2364 216 2391 E
238 2365 375 2392 Vaticanis
389 2367 529 2400 fluxerunt
552 2366 683 2393 Pari-sina
701 2366 856 2393 Alexandri
875 2366 975 2400 Ra’em’i,
995 2367 1046 2399 cfr.
1066 2367 1139 2393 Mus.
1161 2365 1249 2393 Rhen.
1270 2365 1381 2391 XXVI
1387 2367 1453 2399 332,·
1476 2366 1564 2392 nescio
1582 2375 1620 2392 an
1638 2366 1718 2393 etiam
1738 2366 1828 2393 Blavi-

185 2417 325 2444 bornen-sta
341 2417 456 2451 (Becker
468 2417 586 2452 (htaloy.
607 2422 636 2445 74
650 2426 678 2444 n.
696 2420 760 2452 115),
779 2419 826 2450 cfr.
845 2426 885 2445 me
905 2418 978 2444 blus.
998 2418 1085 2444 Rhen.
1105 2418 1120 2443 l.
1140 2425 1162 2444 c.
1243 2417 1271 2450 3)
1290 2416 1337 2443 Ad
1355 2416 1476 2442 Miconis
1493 2424 1562 2450 opus
1579 2417 1619 2443 ita
1637 2417 1777 2451 edendum,
1795 2421 1828 2444 ut

180 2471 323 2504 poetar-m
340 2469 391 2496 loci
408 2477 488 2503 quam
502 2469 655 2503 plenissime
672 2469 847 2503 adderentur,
866 2470 979 2495 multum
1001 2477 1041 2495 me
1067 2469 1173 2495 adiuvit
1193 2467 1343 2495 Guilelmus
1360 2467 1479 2494 Harster
1502 2468 1530 2494 V.
1551 2467 1587 2502 0.,
1610 2469 1658 2502 qui
1675 2472 1744 2496 recte
1762 2477 1829 2496 usus

185 2523 210 2548 et
227 2521 312 2548 Keilii
329 2524 354 2548 et
367 2521 532 2556 Quicheratii
548 2522 642 2556 opibus
659 2522 802 2548 multorum
820 2522 998 2555 exemplorum
1016 2521 1129 2554 origines
1146 2520 1290 2553 indicavi&
1307 2527 1397 2546 versus
1410 2522 1460 2546 202
1478 2522 1503 2546 et
1522 2522 1574 2547 207
1588 2519 1663 2546 wnde
1681 2519 1828 2554 deprompti

185 2574 270 2599 essent
288 2572 427 2606 indayavit
440 2572 580 2606 Rudolfus
599 2573 706 2607 Peiper,
725 2573 839 2607 reliquos
858 2574 912 2606 ipse
930 2573 1020 2599 ini-eni
1039 2572 1187 2605 addidique
1204 2579 1273 2605 quae
1289 2571 1441 2598 necessaria
1459 2574 1544 2598 essent
1561 2574 1594 2598 ut
1611 2571 1731 2598 Miconis
1744 2579 1828 2605 appa·

183 2627 262 2651 ratus
279 2633 340 2651 cum
357 2625 532 2659 antiqffltatin
549 2627 606 2651 tum
624 2625 706 2652 medii
721 2625 781 2651 aevi
798 2625 927 2651 studiosis
944 2624 1103 2651 redderetur
1120 2624 1203 2650 utilis.
1302 2623 1330 2655 4)
1351 2622 1520 2656 Reiffenbery
1538 2623 1659 2649 Bulletin
1682 2622 1714 2649 de
1731 2623 1827 2650 l’acad.

184 2675 218 2703 de
234 2675 325 2703 Erum„
344 2675 392 2702 IX
403 2680 417 2703 1
434 2677 524 2710 (1842)
536 2684 598 2710 paq.
619 2679 671 2704 228
679 2684 716 2710 sq.
795 2677 823 2711 5)
843 2675 928 2703 Gatal.
947 2676 981 2708 of
994 2683 1128 2702 manuscr.
1147 2675 1178 2700 in
1195 2675 1238 2701 the
1256 2674 1362 2700 British
1379 2682 1445 2701 mus.
1463 2674 1532 2701 New
1549 2674 1630 2701 series
1647 2674 1692 2700 12
1704 2682 1767 2708 paq.
1787 2678 1826 2701 96.

184 2728 212 2762 6)
238 2727 379 2755 Irmioeher
399 2727 513 2762 Gztaloq.
528 2737 592 2762 paq.
611 2731 666 2755 332.
772 2729 799 2761 7)
822 2728 895 2755 Βῶῑ.
912 2727 976 2754 Lat.
1001 2726 1065 2754 nied.
1084 2729 1109 2753 et
1131 2726 1180 2759 ins.
1200 2726 1293 2752 aetatis
1310 2733 1330 2752 e.
1349 2734 1371 2752 υ.
1391 2725 1473 2752 Mico.
1577 2725 1603 2759 8)
1621 2725 1726 2752 Archiv.
1745 2728 1827 2752 nostr.

192 2779 332 2808 V1H055.
419 2781 446 2813 9)
469 2779 572 2806 Thurot
589 2779 697 2806 Notices
714 2781 737 2806 et
754 2779 864 2806 eoetraits
883 2778 982 2805 XXII
990 2782 1007 2804 2
1021 2786 1081 2812 paq.
1101 2781 1160 2804 424.
1257 2778 1299 2809 10)
1319 2777 1405 2810 Riese,
1424 2777 1531 2803 Anthol.
1551 2778 1595 2803 lat.
1615 2777 1635 2803 I
1643 2785 1706 2811 paq.
1727 2776 1825 2803 XVII.

186 2831 228 2863 11)
253 2830 351 2857 Becker
374 2830 490 2864 Cataloy.
513 2834 546 2857 68
563 2839 591 2858 n.
609 2835 664 2858 191.
770 2830 813 2864 12)
838 2830 957 2856 Miconis
977 2829 1060 2864 copiis
1083 2830 1161 2855 etiam
1187 2836 1252 2855 usus
1275 2831 1311 2855 est
1335 2829 1382 2862 qui
1408 2828 1575 2855 Glossarium
1598 2828 1827 2855 Cheltenhamense

184 2881 234 2915 (ed.
252 2882 324 2909 Ellis
340 2882 458 2910 Journal
474 2882 509 2915 of
516 2882 652 2916 philoloyy
671 2881 750 2909 VIII
757 2883 814 2915 122)
831 2881 942 2916 colleqit,
961 2881 1012 2914 cfr.
1029 2888 1069 2908 me
1085 2880 1116 2906 in
1135 2879 1208 2907 Mus.
1228 2879 1315 2906 Rhen.
1333 2880 1350 2907 l.
1368 2887 1389 2906 c.

287 2933 392 2960 Potuit
409 2941 493 2960 unm
510 2941 570 2960 um
587 2933 713 2960 Cmomu
732 2933 780 2967 111,
799 2933 824 2959 2.
1589 2931 1623 2958 35
