2060 3074
303 136 366 166 820
893 133 1111 161 ENARRATIO
1137 134 1374 162 TABULARUM.

304 220 477 251 monachus
499 223 589 259 tenet,
612 221 705 252 verba
725 221 849 252 adiecta
871 220 963 252 haee:
985 220 1085 253 Festa
1100 222 1217 264 propit-1
1240 225 1330 254 nostr
1345 224 1400 262 (=
1417 222 1500 254 vitae
1523 222 1555 254 S.
1572 222 1717 254 Amandi
1733 233 1868 263 prooem.
1884 234 1911 255 v.
1929 225 1959 262 1,

304 283 403 313 supra
427 283 502 313 pay.
525 274 613 314 567).
658 274 696 305 de
723 273 853 313 reliquis
880 273 1018 305 eiusdem
1050 274 1166 305 codicis
1189 274 1331 314 picturis
1356 285 1382 305 v.
1407 274 1593 315 Manyeart,
1628 274 1830 306 Manuscrits
1860 275 1898 306 dc
1926 274 1960 306 h

305 324 506 364 bibliotheque
522 325 558 356 de
578 324 799 356 Valenciennes
814 335 890 365 pay.
908 326 1099 364 462—464,
1123 327 1152 357 et
1171 324 1340 366 Gataloyue
1353 325 1479 366 ye'ne‘ral
1500 326 1554 357 des
1575 336 1648 359 mss
1672 326 1726 358 des
1742 326 1960 367 bibliotheque-3

298 376 467 416 publiques
498 376 535 408 de
563 376 688 408 France
718 376 787 408 XX
793 376 824 407 V
833 377 1015 407 403-405
1022 387 1033 415 ;
1061 377 1145 409 inter
1171 388 1252 417 quas
1281 377 1325 409 ad
1348 377 1483 409 Milonis
1504 388 1619 417 poema
1640 380 1769 418 praeter
1797 378 1881 410 duas
1909 377 1960 410 hic

306 428 461 460 exhibitas
486 430 606 469 spectat
632 438 717 459 una:
740 427 884 460 Karolus
914 427 1030 460 Calvus
1051 438 1073 459 a
1096 423 1219 460 Milone
1242 429 1356 461 librum
1382 429 1444 461 sibi
1471 429 1609 462 oblatum
1631 430 1798 470 accipiens.
1843 429 1961 462 similes

299 480 449 519 picturae
467 480 503 511 in
519 478 628 510 tabula
643 480 668 510 I
685 490 771 510 nunc
779 480 924 519 primum
942 479 1138 519 publicatae:
1161 479 1250 512 laeva
1273 481 1451 512 Haiminus
1476 480 1590 513 librum
1605 492 1627 513 a
1642 481 1764 514 Milone
1778 484 1961 522 porrectum

306 531 471 570 accipiens,
495 531 607 562 dextra
629 532 658 562 ei
671 531 805 563 reddens
821 531 933 563 lectum
955 534 985 563 et
1007 535 1188 570 correctum,
1213 535 1318 572 utpote
1340 533 1397 573 qui
1413 533 1521 565 stilum
1545 536 1657 566 teneat.
1688 544 1773 574 pone
1794 534 1962 566 monachos

307 583 466 622 utrimque
485 583 633 622 aedificia
649 583 851 615 Elnonensia
867 583 1038 615 dissimilia
1060 594 1176 623 eorum,
1200 595 1281 624 quae
1304 585 1339 616 in
1362 585 1475 617 tabella
1495 585 1612 617 codicis
1630 585 1883 618 Valentianensis
1898 586 1961 617 501

306 635 394 674 apud
416 634 538 670 Iulium
561 634 685 666 Desilve
709 635 775 675 (De
797 635 903 667 schola
926 635 1107 667 Elnonensi
1129 636 1270 668 Parisiis
1292 637 1391 676 1890,
1414 637 1523 676 prima
1542 636 1652 679 fronte
1674 637 1783 679 libelli)
1804 638 1961 670 videntur.

306 687 420 726 quibus
448 686 601 718 coloribus
621 687 727 728 pictor
749 698 828 718 usus
855 688 911 726 sit,
941 697 1039 727 aeque
1068 688 1176 728 iynoro
1204 698 1242 720 ac
1264 689 1526 728 quemadmodum
1555 689 1650 721 codex
1672 689 1736 722 502
1758 700 1830 721 cum
1852 689 1963 722 ceteris

307 738 396 770 libris
411 739 446 770 in
461 739 649 770 monasterio
661 739 843 770 Elnonensi
851 739 951 779 pictis
966 739 1139 772 cohaereat.
1163 740 1328 780 picturam
1344 740 1390 771 ibi
1403 740 1549 779 floruisse
1562 743 1614 772 sat
1626 743 1744 773 notum.
1771 740 1896 773 saeculo
1909 741 1965 773 IX

306 790 504 830 apocalypsis
529 790 568 821 ab
594 790 693 822 Otolto
715 790 837 830 scripta
860 791 915 830 (=
933 791 998 822 cod.
1015 792 1072 833 99)
1101 791 1223 823 tabellis
1252 794 1367 823 ornata
1390 802 1411 823 a
1433 793 1536 824 nescio
1558 803 1620 833 quo
1641 793 1719 825 rudi
1739 793 1878 833 artifice,
1906 793 1964 834 qm·

307 841 483 882 Anqlorum
505 842 717 882 (Bethmann‚
745 843 866 874 Archiv
887 843 946 874 XI
957 843 1035 884 522)
1064 846 1123 875 aut
1151 843 1374 884 Hispanorum
1406 844 1546 884 ezempla
1576 844 1763 886 (Cataloyue
1784 855 1861 885 paq.
1883 845 1963 883 229)

306 896 433 925 secutus
454 894 582 925 dicitur.
620 894 744 926 saeculo
763 894 820 926 XI
841 894 1014 926 Prudentii
1029 895 1276 936 psychomachia
1299 899 1354 936 (=
1372 897 1438 928 cod.
1453 897 1534 938 412)
1558 897 1648 936 picta
1671 896 1728 939 (cf.
1745 895 1785 928 R.
1803 896 1963 935 Stettiner,

307 945 371 977 Die
398 946 604 978 illustrierten
627 946 1081 987 Prudentiushandschriften‚
1111 946 1259 979 Berolini
1282 948 1380 986 1895,
1405 958 1480 988 pay.
1502 950 1587 979 47—
1595 948 1661 990 51).
1705 947 1830 980 saeculo
1848 947 1927 980 XII
1942 958 1965 980 a

307 997 481 1036 Sawalone,
504 998 655 1030 monacho
678 998 711 1030 S.
735 998 887 1036 Amandi,
905 998 989 1038 picti
1011 999 1131 1030 codices
1153 999 1243 1030 1-5
1274 1002 1303 1031 et
1325 1001 1389 1031 186
1411 999 1470 1042 (ef.
1487 999 1708 1038 Wattenbach,
1732 998 1804 1031 Das
1826 999 1964 1040 Schrift-

310 1051 427 1081 wesen³
444 1060 520 1090 pay.
535 1051 625 1091 370).
669 1050 727 1082 sub
755 1050 838 1082 idem
865 1051 985 1091 ternpus
1012 1050 1109 1082 codex
1131 1050 1194 1082 501
1223 1051 1262 1083 ab
1289 1051 1393 1092 iynoto
1420 1051 1544 1091 artifice
1571 1051 1758 1094 (Cataloyue
1779 1061 1855 1093 pay.
1875 1051 1966 1091 402).

308 1101 424 1134 codicis
444 1102 508 1134 502
523 1102 672 1142 picturae
696 1113 717 1133 a
740 1102 829 1134 nobis
851 1102 954 1134 editae
975 1113 1054 1134 num
1077 1113 1115 1134 ex
1137 1102 1304 1144 archetypo
1326 1104 1493 1135 vetustiore
1515 1094 1680 1143 expressae
1697 1103 1772 1142 sint,
1795 1103 1831 1135 in
1846 1102 1966 1134 oweno

308 1153 564 1193 relinquendum,
596 1164 789 1194 quamquam
821 1154 901 1187 talia
931 1157 1118 1196 aryumenta
1151 1165 1224 1187 aevo
1252 1155 1411 1188 Karolino
1446 1158 1569 1187 constat
1592 1155 1755 1196 placuisse
1785 1161 1828 1196 (v.
1856 1151 1966 1187 'Iulius

308 1206 346 1237 de
368 1205 533 1244 Schlosser,
559 1206 686 1239 Wiener
707 1206 873 1239 Jahrbuch
895 1207 926 1238 d.
950 1206 1276 1248 Kunstsammlunyen
1299 1207 1330 1239 d.
1354 1202 1590 1240 Kaiserhauses
1611 1207 1712 1240 XIII
1722 1208 1767 1246 6).

420 1271 590 1317 TABB.
610 1285 668 1316 ΙΙ
686 1286 715 1316 et
735 1285 822 1317 ΙΙΙ
832 1285 996 1324 pertinent
1017 1285 1062 1316 ad
1078 1295 1153 1326 paq.
1170 1286 1242 1317 702.
1287 1287 1526 1325 repraesentant
1555 1285 1672 1317 codicis
1693 1283 1839 1316 ecclesiae
1859 1283 1967 1316 Muti-

308 1336 416 1367 nensis
431 1336 455 1368 I
465 1338 485 1366 4
503 1335 579 1376 folii
595 1336 659 1368 152
671 1342 682 1355 ·’
707 1336 885 1369 columnam
901 1340 1078 1377 utramque.
1111 1337 1334 1378 photographa
1348 1338 1456 1369 minus
1470 1337 1559 1369 clara
1568 1339 1699 1377 propter
1713 1346 1846 1368 neumas
1860 1338 1966 1368 tamen

303 1387 469 1427 prioribus
491 1388 650 1428 utrimque
672 1389 812 1420 versibus
834 1390 1051 1429 superpositas
1072 1390 1111 1421 ab
1134 1389 1191 1421 hoc
1212 1389 1367 1422 volumine
1390 1389 1494 1421 abesse
1517 1388 1622 1427 nolui,·
1643 1388 1822 1428 scripturae
1843 1397 1966 1428 quoque

308 1440 462 1479 specimen
489 1442 650 1480 acceptum
677 1441 746 1473 erit.
797 1441 917 1473 codices
943 1442 979 1473 in
1006 1441 1108 1473 Italia
1137 1441 1237 1480 VIII,
1270 1442 1339 1480 IX,
1373 1441 1411 1473 X
1435 1440 1572 1473 saeculis
1599 1440 1781 1472 minuscula
1803 1438 1966 1472 Karolina

309 1492 421 1531 scripti
443 1492 613 1524 admodum
635 1493 715 1531 rari,
739 1493 786 1525 vel
801 1494 914 1533 potius
936 1494 1077 1526 nondum
1099 1494 1271 1526 didicimus
1294 1504 1344 1526 eos
1359 1494 1537 1535 diynoscere
1553 1495 1647 1533 atque
1661 1503 1683 1524 a
1698 1492 1967 1524 cismontanorum

309 1543 386 1575 mole
408 1554 572 1576 secernere.
619 1544 714 1576 libros
737 1545 821 1577 enim
843 1545 1000 1578 elementis
1023 1546 1267 1585 Veronensibus,
1297 1546 1520 1584 Bobiensibus‚
1553 1544 1804 1585 Lanyobardicis
1825 1546 1967 1576 carentes

313 1606 402 1628 nemo
420 1596 491 1638 fere
507 1596 637 1628 Italicos
653 1600 773 1637 putare
795 1597 879 1630 solet.
926 1598 1043 1630 codicis
1057 1598 1109 1630 hic
1124 1598 1280 1638 divulqati
1295 1598 1380 1638 oriyo
1396 1600 1460 1629 tam
1476 1600 1562 1629 certa
1577 1607 1673 1637 quam
1689 1598 1792 1628 aetas:
1814 1595 1967 1628 Mutinae

310 1648 448 1688 scriptus
479 1648 567 1680 intra
593 1650 657 1679 881
689 1649 774 1688 (vide
794 1660 871 1690 pay.
897 1651 960 1681 704
986 1650 1031 1681 ad
1057 1660 1084 1681 v.
1107 1650 1162 1687 19)
1190 1649 1237 1681 vel
1258 1650 1324 1681 892
1345 1650 1386 1690 (υ.
1402 1659 1477 1690 pay.
1501 1650 1580 1685 702)
1610 1651 1640 1680 et
1661 1649 1724 1679 900
1753 1648 1796 1690 (υ.
1817 1647 1968 1686 ibidem),-

314 1703 522 1732 correctorum
550 1700 631 1732 alter
651 1711 756 1740 paene
784 1701 942 1741 aequalis,
971 1702 1065 1741 alter,
1091 1702 1149 1742 qui
1175 1702 1248 1744 Req
1277 1704 1351 1744 post
1379 1701 1443 1733 duo
1456 1742 1457 1745 Ἴ
1470 1701 1549 1733 folia
1579 1701 1658 1741 (tab.
1679 1700 1757 1743 III)
1785 1699 1966 1740 adscripsit,

311 1762 503 1792 quamquam
525 1751 584 1784 hae
607 1752 729 1784 litterae
752 1753 977 1786 Veronensium
1005 1753 1137 1792 similes,
1167 1756 1272 1785 tamen
1292 1753 1454 1786 recentior.
1500 1753 1537 1784 de
1559 1754 1708 1784 notarum
1729 1751 1844 1792 siquris
1865 1750 1968 1784 Soles-

312 1814 430 1836 menses
468 1803 668 1843 consulendi,
709 1805 767 1845 qui
806 1815 995 1837 neumarum
1032 1805 1224 1838 Italicarum
1258 1805 1483 1845 plenissimum
1525 1804 1710 1836 thesauram
1749 1805 1969 1843 conpararunt

312 1856 555 1897 (Pale'oyraphie
587 1856 738 1888 musicale
765 1859 837 1889 tom.
854 1857 899 1889 II
917 1858 997 1891 tabb.
1018 1859 1161 1895 2—79).
1211 1858 1269 1890 sub
1291 1868 1412 1890 rasura
1433 1858 1470 1889 in
1490 1856 1637 1889 columna
1657 1856 1793 1888 sinistra
1819 1855 1896 1898 (tab.
1913 1855 1968 1894 II)

312 1909 452 1948 scriptus
474 1911 543 1940 erat
565 1919 593 1942 υ.
609 1910 639 1942 8.

424 1974 499 2019 TA
507 1988 550 2019 B.
568 1989 594 2020 1
602 1988 635 2021 V
643 1988 784 2027 pertinet
804 1988 848 2020 ad
861 1998 936 2029 pay.
949 1989 1019 2020 721.
1058 1988 1179 2021 exhibet
1201 1989 1369 2029 imayinem
1389 1987 1467 2030 folii
1478 1989 1563 2019 131⁰
1581 1986 1698 2019 codicis
1712 1985 1968 2019 Parisini1154.

315 2039 371 2078 qui
394 2039 488 2070 codem
507 2039 631 2071 saeculo
647 2050 729 2071 nono
742 2040 879 2080 fortasse
895 2041 931 2072 in
945 2041 1134 2073 monasterio
1150 2041 1183 2072 S.
1197 2040 1367 2072 Martialis
1381 2039 1612 2072 Lemovieensis
1625 2038 1765 2079 scriptus
1779 2056 1822 2060 -
1837 2037 1970 2069 habetur

310 2089 367 2131 fol.
386 2092 471 2122 1420
496 2101 593 2133 prosa
615 2092 648 2123 in
670 2092 780 2124 natale
805 2092 906 2124 saneti
921 2092 1083 2124 Maroialis
1106 2091 1161 2134 (cfi
1182 2092 1343 2124 Chevalier
1363 2093 1399 2124 in
1415 2091 1598 2132 Repertorio
1618 2089 1829 2132 hymnologico
1845 2089 1970 2130 1221),
2030 2135 2031 2138 Ἰ

315 2142 370 2173 scd
391 2143 547 2174 incertum
569 2142 659 2183 quali
681 2153 781 2174 manu
802 2143 923 2183 scripta
946 2163 987 2166 —
1010 2146 1091 2176 certe
1113 2144 1158 2176 ibi
1180 2143 1417 2182 asservabatur,
1441 2143 1536 2175 donee
1557 2153 1588 2174 a.
1605 2143 1689 2174 1730
1712 2140 1860 2173 Parisios
1885 2141 1971 2172 venit
2023 2180 2029 2188 ι

315 2195 370 2235 (cf.
391 2195 552 2235 catalogus
567 2196 796 2228 Lcmovicensis
817 2206 897 2228 saec.
916 2195 998 2235 XII,
1021 2206 1112 2236 quem
1128 2195 1304 2236 Leopoldus
1320 2195 1438 2227 Delisle
1459 2194 1567 2233 edidit,
1590 2194 1636 2226 Le
1652 2193 1775 2226 cabinet
1788 2193 1842 2225 des
1856 2202 1970 2224 mnuf—

315 2247 409 2278 scrits
424 2247 468 2278 II
477 2248 556 2286 494,
579 2258 612 2280 n.
633 2249 695 2278 119
720 2248 882 2279 orationes
906 2250 939 2280 et
961 2248 1130 2290 synonima
1152 2247 1269 2279 Isidori
1289 2248 1322 2279 in
1337 2257 1420 2286 uno,·
1443 2246 1604 2287 catalogus
1619 2256 1649 2277 a.
1667 2246 1761 2284 1730,
1783 2254 1875 2285 quem
1889 2243 1971 2276 idem
2026 2275 2031 2278 ,

317 2300 430 2338 edidit,
466 2299 611 2332 Bulletin
643 2300 681 2332 de
714 2299 746 2331 la
779 2300 890 2332 socie‘te
920 2299 1155 2340 arche'oloqique
1188 2300 1232 2331 du
1260 2299 1430 2331 Isimousin
1455 2298 1512 2330 vol.
1539 2297 1678 2336 XLIII,
1711 2307 1742 2329 n.
1769 2298 1810 2328 76
1838 2296 1972 2328 litaniae
2030 2303 2032 2307 ’

317 2355 500 2384 sanctorum
529 2353 648 2384 veteris
677 2355 710 2384 et
738 2353 814 2384 novi
842 2353 1030 2384 testamenti
1053 2378 1059 2384 .
1085 2377 1107 2393 .‚
1138 2353 1294 2384 collectae
1323 2352 1499 2391 orationes,
1528 2350 1687 2382 confessio
1716 2349 1824 2392 ampla.
1853 2359 1971 2392 peeca-

318 2408 434 2445 torum,
454 2405 563 2446 plures
579 2415 693 2447 preces
710 2415 767 2436 seu
780 2415 891 2436 versus
908 2404 1132 2447 depreeatorii,
1149 2404 1327 2436 sibillamm
1341 2403 1549 2446 prophetiam
1565 2402 1682 2434 Isidori
1693 2401 1787 2442 liber,
1803 2400 1972 2433 continens
2023 2410 2026 2411 ⁷

318 2457 494 2487 lamentum
518 2456 660 2496 animae,
688 2457 720 2488 in
745 2459 875 2499 quarto,
905 2467 956 2490 an.
975 2458 1063 2498 600).
1097 2457 1147 2498 μἄιε
1162 2456 1399 2496 pulcherrimae
1420 2455 1600 2495 scripturae
1618 2464 1729 2494 yenere
1758 2452 1829 2484 licet
1855 2453 1973 2485 constet

318 2508 463 2539 undecim
492 2508 566 2540 inde
597 2508 820 2548 speciminibus
847 2509 967 2549 eyreyia
997 2511 1066 2540 arte
1088 2507 1256 2540 Edmundi
1283 2507 1320 2539 de
1346 2506 1569 2539 Ooussemaker
1594 2505 1729 2537 redditis
1754 2504 1913 2545 (Histoire
1935 2503 1973 2536 de
2026 2510 2028 2514 ’

319 2560 510 2598 l’harmonie,
528 2560 608 2592 tabb.
622 2561 646 2592 Ι
648 2579 690 2583 —-
699 2560 739 2602 V)
755 2563 783 2592 et
798 2563 926 2593 auctore
937 2560 1074 2592 Ernesto
1089 2559 1273 2592 Duemmler
1287 2569 1351 2591 uno
1360 2569 1422 2599 per
1430 2557 1671 2599 photoyraphon
1685 2566 1829 2596 expresso
1844 2554 1979 2596 (Poet.I
2023 2584 2029 2596 ‚

320 2613 381 2644 tab.
397 2612 460 2653 ΙΙ),
477 2612 611 2652 payina,
634 2613 728 2644 cuius
749 2615 867 2652 quarta
887 2623 966 2652 pars
988 2612 1054 2644 iam
1074 2612 1163 2652 apud
1181 2610 1404 2644 Ooussemaker
1425 2611 1587 2642 invenitur
1609 2609 1686 2650 (tab.
1703 2609 1748 2641 Π
1764 2609 1810 2648 3),
1833 2607 1885 2640 hic
1907 2609 1974 2639 tota

319 2663 485 2703 repetenda
507 2666 584 2702 erat,
607 2674 646 2695 ne
668 2663 802 2696 melodia
828 2663 1077 2696 Godescalciana
1100 2663 1307 2695 intercideret.
1351 2662 1448 2694 rubro
1476 2665 1506 2694 ct
1527 2661 1626 2693 viridi
1647 2660 1801 2693 coloribus
1821 2659 1974 2700 quomodo
2022 2660 2032 2687 ’-

321 2715 474 2747 librarius
497 2715 741 2755 inscriptionem,
759 2716 904 2756 primum
927 2726 1059 2754 versum,
1087 2714 1302 2753 intercalares
1319 2714 1450 2754 primas
1471 2723 1612 2754 quasque
1634 2712 1756 2745 litteras
1777 2710 1975 2753 sinqulorum
2027 2723 2031 2725 ·

321 2777 468 2799 versuum
493 2767 682 2806 distinoeerit,
706 2779 722 2799 e
745 2767 861 2799 tabulis
887 2766 1198 2800 Ooussemalcerianis
1219 2766 1416 2798 addiscatur.
