2060 3074
706 166 858 193 CARMEN
876 167 925 194 AD
944 168 1218 196 RATHRAMNUM.
1724 175 1786 206 735

504 251 608 288 Quem
632 251 729 284 draco
752 253 890 285 crudelis
912 254 1055 286 vexabat
1078 257 1111 286 et
1133 255 1297 298 improbus
1320 257 1444 298 anguiS,

503 303 547 335 Et
569 314 646 336 vere
668 305 794 345 merito,
819 305 982 338 dominum
1006 307 1080 349 quia
1102 307 1241 349 liquerat
1262 308 1346 340 ultro

435 367 462 386 es
504 355 618 387 Elatus
642 356 726 387 fastu
748 357 846 388 nimio
870 357 1007 389 feritatis
1029 361 1062 390 et
1084 362 1164 391 astu.
1224 367 1232 375 ·

503 406 588 439 Huic
611 410 644 438 te
666 408 864 450 psalmistae,
887 410 971 450 huic,
995 410 1134 452 inquam,
1158 411 1295 443 similem
1323 412 1517 454 cytharistae

502 458 660 499 Dixerim,
683 460 786 491 amice
810 471 910 499 sacer,
935 471 1094 503 generose
1117 465 1226 504 poeta,
1250 463 1438 506 frequenter

505 509 568 546 Qui
591 510 788 543 modulando
812 512 857 544 tui
880 513 1004 554 levigas
1027 524 1127 555 grave
1150 518 1262 556 pectus
1286 516 1414 547 alumni.

504 588 507 589 γ
567 561 677 605 Atque
700 564 823 595 utinam
846 574 943 606 prosa
966 568 1032 596 tam
1055 565 1170 607 dulcia,
1194 570 1260 598 tam
1283 568 1442 609 speciosa,

436 626 462 645 w
505 613 587 645 Tam
609 614 815 656 praefulgida
839 618 872 647 et
894 618 960 647 tam
984 617 1095 648 suavia
1118 620 1248 660 tamque
1273 618 1401 659 decora,

504 665 586 697 Tam
607 666 672 708 pia,
696 669 763 698 tam
784 667 913 709 placida
934 671 1042 710 atque,
1066 669 1153 711 quod
1176 673 1226 701 est
1247 671 1328 713 plus,
1352 674 1418 702 tam
1442 671 1519 702 mihi
1542 682 1620 703 vera

503 717 650 750 Psallere
673 719 835 760 magnifici
857 720 962 762 pietas
985 721 1140 752 voluisset
1162 722 1271 754 amici!

506 769 569 802 Hic
591 773 700 802 tamen
722 770 755 802 id
777 781 875 813 parco
897 771 983 813 inde,
1007 772 1084 804 alibi
1108 773 1194 815 quod
1216 774 1353 806 reddere
1377 785 1472 817 spero

505 820 632 864 Scripta
654 822 786 854 favente
810 822 883 863 deo,
906 824 982 855 licet
1003 824 1036 856 id
1060 824 1134 865 cito,
1158 828 1193 856 ut
1216 829 1304 868 opto,
1327 826 1468 868 nequibo

438 885 463 904 η
506 873 626 905 Multas
649 873 691 905 ob
714 884 836 919 causas,
859 885 993 917 quarum
1017 876 1154 918 primam
1177 887 1248 908 esse
1272 881 1423 910 venustas

505 925 600 957 Hanc
623 925 696 958 volo
720 929 829 958 vestra
851 927 942 967 sciat,
966 927 1041 969 quia
1064 928 1118 960 vix
1141 932 1235 960 vacat
1257 929 1346 970 hora,
1369 930 1491 962 residat

505 976 578 1014 Qua
600 987 674 1009 mea
696 978 867 1018 rusticitas,
891 981 927 1010 ut
949 979 1055 1010 saltim
1078 979 1151 1012 hinc
1173 980 1297 1022 fingere
1321 984 1430 1013 ternas

504 1028 680 1061 Litterulas
702 1029 812 1070 liceat,
836 1030 987 1072 quoniam
1010 1031 1181 1073 imperium
1203 1033 1303 1074 patris
1326 1033 1424 1064 instat

504 1080 558 1112 Ad
580 1081 773 1124 patrandum
795 1081 927 1124 aliquid,
951 1092 1023 1114 eum
1046 1083 1116 1122 hoc,
1141 1086 1215 1115 tunc
1238 1085 1382 1126 protinus
1405 1085 1493 1116 illud.

439 1145 466 1164 w
571 1132 663 1165 Istud
687 1133 728 1165 ob
751 1133 782 1164 id
807 1144 951 1176 nequeo:
974 1134 1032 1165 sed
1056 1138 1088 1166 et
1111 1135 1193 1166 haec
1217 1137 1374 1168 veraciter
1397 1136 1481 1167 addo

505 1183 600 1220 Quod
623 1185 755 1216 nimium
778 1188 889 1217 metuo
914 1186 970 1217 tibi
993 1186 1200 1228 respondere,
1225 1187 1311 1229 quod
1334 1189 1399 1219 imo

505 1235 543 1268 In
565 1246 661 1268 sensu
684 1240 792 1276 teneo,
816 1237 891 1279 quia
913 1240 1028 1280 torpeo
1052 1241 1182 1279 pectore
1205 1238 1302 1270 bruto
1357 1271 1359 1273 ,

504 1287 655 1320 Inscitiae
678 1288 793 1331 plenus
815 1289 982 1331 multoque
1010 1299 1120 1322 errore
1143 1291 1280 1331 volutus,

505 1339 662 1372 Sermone
684 1340 832 1381 incultus,
855 1341 949 1372 metri
972 1352 1098 1384 quoque
1122 1342 1190 1374 iure
1213 1343 1344 1383 solutus,

436 1403 463 1423 aa
507 1390 694 1428 Quamlibet
716 1392 778 1423 hoc
800 1392 927 1424 modico
950 1403 1025 1424 usus
1049 1394 1108 1424 sim
1133 1394 1192 1425 sub
1216 1398 1364 1437 tempore
1388 1405 1502 1438 pauco,

505 1442 654 1486 Namque
676 1444 864 1486 magisterio
887 1445 942 1476 vix
964 1455 1028 1476 uno
1052 1445 1198 1477 subditus
1221 1457 1324 1483 anno;

505 1494 575 1527 Nec
597 1494 694 1527 didici
718 1495 881 1538 deinceps,
905 1496 1010 1528 dubiis
1032 1497 1230 1539 ambagibus.
1246 1509 1376 1541 anceps,

506 1545 683 1578 Stultorum
706 1546 866 1589 princeps,
888 1546 1027 1590 abrupta
1049 1558 1108 1590 per
1130 1549 1238 1591 omnia
1260 1559 1427 1592 praeceps

505 1596 610 1629 Nemo
634 1597 694 1629 fuit
716 1597 794 1629 mihi
817 1597 897 1630 dux:
921 1598 996 1630 ideo
1019 1599 1150 1631 minime
1173 1601 1278 1642 patuit
1300 1602 1356 1633 lux

437 1663 464 1683 vo
508 1650 610 1693 Septo
634 1651 788 1693 peccatis,
811 1655 966 1693 quantum
989 1652 1094 1694 pietas
1118 1653 1177 1684 nisi
1199 1654 1299 1695 gratis

506 1701 666 1734 Caelestis
687 1702 810 1743 tribuit,
834 1703 885 1734 cui
908 1704 1008 1735 virtus
1030 1704 1134 1745 glorie¹
1156 1705 1226 1736 laus
1249 1705 1299 1737 sit.

506 1753 593 1785 Raro
616 1753 678 1785 hoc
700 1764 760 1796 per
782 1765 834 1786 me
857 1755 908 1786 fit:
931 1765 990 1797 per
1012 1758 1044 1786 te
1068 1759 1145 1797 peto
1170 1756 1312 1787 crebrius
1337 1759 1372 1788 ut
1394 1757 1444 1787 sit.

570 1804 713 1837 Proinde
736 1805 901 1845 scientiole
924 1807 1096 1838 scintillula
1119 1818 1191 1839 cum
1213 1808 1290 1839 mihi
1314 1808 1420 1839 inesse

506 1856 572 1889 Vix
595 1860 704 1900 queat,
728 1858 871 1890 extimeo
894 1858 968 1890 hinc
991 1858 1068 1901 quid
1091 1859 1195 1890 amico
1223 1859 1372 1891 frendere
1397 1869 1532 1898 summo,

439 1921 466 1940 se»
509 1908 665 1941 Sensibus
687 1912 814 1951 arguto,
838 1910 948 1952 lingua
971 1910 1184 1942 vehementer
1205 1914 1311 1950 acuto,

507 1959 637 2003 Quippe
660 1961 816 1992 exercitio
840 1962 894 2004 qui
917 1965 1011 1993 noete
1035 1961 1152 2004 dieque
1176 1962 1234 1994 sub
1258 1963 1319 1994 isto

507 2011 664 2044 versatus
687 2012 808 2044 dudum
833 2014 962 2045 evasisti
986 2014 1113 2045 culmen
1137 2013 1178 2045 ad
1201 2014 1315 2056 ipsum.

506 2062 580 2095 Hoc
603 2062 754 2105 equidem
778 2064 960 2105 attendens,
983 2064 1172 2107 appendens
1195 2068 1292 2107 atque
1317 2065 1499 2101 revolvens,

506 2115 668 2147 Virtutem
690 2115 854 2147 inflantem
877 2119 1085 2159 postponens,
1108 2116 1333 2148 aedificantem

426 2179 464 2199 ιω
506 2166 661 2199 Gnudens
684 2167 850 2209 praeferre
873 2168 994 2200 institui
1016 2168 1172 2200 hactenus
1187 2168 1269 2199 ‘inde
1292 2168 1397 2205 silere,

507 2218 622 2251 Donec
644 2218 852 2261 ope,dornini
875 2219 949 2251 hinc
971 2220 1098 2251 valeam
1121 2219 1198 2262 quid
1220 2223 1342 2251 certum
1366 2219 1510 2261 adipisci,

508 2270 614 2302 Aures
636 2271 848 2312 magnanimis
871 2271 957 2313 quod
981 2270 1165 2303 demulcere
1188 2270 1308 2302 sodalis

509 2321 638 2364 Corque
661 2322 772 2354 iuvare
796 2326 903 2365 queat,
927 2333 967 2354 ne
990 2323 1120 2365 squalor
1142 2323 1174 2354 in
1196 2323 1251 2354 ilia
1274 2325 1382 2365 serpat

508 2373 552 2406 Et
574 2373 680 2406 denuo
704 2374 877 2413 offendam,
902 2375 928 2406 si
951 2375 1066 2406 frivola
1089 2374 1172 2406 forte
1195 2374 1375 2406 refundam.

247 2526 282 2554 70
303 2536 340 2554 an
366 2526 602 2563 *pmefnlgidulai
695 2528 727 2554 71
751 2530 810 2562 plus
836 2533 875 2555 est
897 2527 930 2554 Se
952 2529 1108 2562 transposuit
1133 2528 1254 2554 Collatiae
1349 2527 1382 2555 76
1406 2529 1475 2553 Hinc
1503 2528 1538 2554 So
1560 2537 1627 2554 corr.
1654 2529 1686 2555 G.
1705 2528 1794 2561 Meyer

144 2568 180 2596 88
195 2570 318 2605 voluptas
335 2570 371 2597 8⁶
387 2580 454 2598 eorr-
474 2571 589 2605 Miqm'm
679 2571 714 2598 84
731 2570 833 2598 *veteri
851 2570 884 2597 ,90
977 2571 1012 2598 92
1030 2580 1070 2598 me
1087 2572 1122 2598 sit
1139 2571 1174 2597 Sc
1191 2580 1258 2597 corr.
1277 2571 1391 2603 Miqniua
1483 2570 1517 2596 97
1535 2575 1652 2597 versatur
1670 2571 1706 2597 So
1724 2580 1793 2596 corr.

145 2611 267 2639 &lton-’m
353 2613 399 2640 101
420 2623 468 2648 ope
485 2615 522 2641 eie
539 2614 575 2646 fle
662 2614 714 2640 102
731 2615 799 2648 quod
817 2615 854 2641 eie
872 2615 907 2640 Sc

247 2697 282 2725 ⁷8
301 2697 344 2731 or.
360 2706 447 2733 nm
463 2707 491 2726 n.
509 2699 619 2734 231209.
636 2699 695 2727 714.
765 2700 799 2726 84
818 2699 913 2734 Supra
930 2708 959 2726 n.
976 2700 1010 2726 10
1026 2707 1085 2733 paq.
1103 2698 1162 2725 710.
1230 2698 1264 2725 87
1282 2698 1373 2732 Supra
1389 2707 1418 2725 n.
1437 2699 1470 2726 12
1483 2706 1548 2733 paq.
1567 2699 1625 2726 ⁷11.
1696 2699 1731 2726 90
1751 2698 1793 2732 of.

142 2747 222 2782 m
237 2748 276 2776 ad
292 2758 316 2778 ο.
328 2750 387 2778 144.
478 2752 514 2778 98
531 2751 574 2785 Of.
591 2751 628 2778 ad
649 2751 803 2778 Godewalci
821 2751 961 2786 epistulam
978 2758 1063 2785 supra
1075 2758 1138 2784 pay.
1151 2750 1202 2777 723
1219 2758 1242 2776 v.
1255 2750 1296 2776 21.
1389 2750 1423 2776 99
1443 2750 1456 2776 1
1471 2749 1588 2777 Corinth.
1602 2751 1627 2782 8,
1642 2751 1655 2777 1
1675 2750 1793 2777 scientia

145 2797 234 2832 inflat,
252 2801 354 2828 caritas
372 2809 437 2829 vero
455 2802 593 2830 aedificat.

1535 2853 1588 2879 93*
