2138 3106
842 174 992 202 MICONIS
1013 175 1053 202 IN
1072 175 1194 203 FESTA.
1363 190 1366 192 ·
1777 181 1836 210 301

947 262 1081 295 MVSA.

505 321 611 353 Pareo
634 332 718 353 nunc
742 322 859 353 iterum
883 322 952 361 tibi,
976 322 1115 364 denique
1139 323 1401 355 Musavfatetur:

503 372 590 404 Ecce
612 383 732 405 novum
757 374 847 405 sidus
871 374 968 406 hodie
992 374 1164 416 praefulsit
1187 375 1218 406 in
1243 375 1331 413 orbe‚

505 423 598 460 Quod
621 425 768 466 genitum
791 425 885 456 nobis
910 425 1019 467 signat
1042 425 1272 468 hominemque
1296 426 1466 468 deumque.

504 475 613 507 Huius
637 477 722 508 enim
747 471 858 508 mundi
882 478 1074 519 genitorem,
1099 478 1199 509 totius
1223 481 1319 519 atque

442 533 467 551 ²⁰
502 526 672 559 Factorem
697 529 828 570 pariter,
853 529 1005 570 quicquid
1030 529 1208 571 spectabile
1234 532 1371 566 constat,

503 578 589 610 Illud
613 580 699 611 enim
723 581 918 612 monstravit
941 581 1003 611 iter
1025 581 1258 622 quaerentibus
1283 585 1388 612 ortum
1406 600 1447 604 —

503 629 617 662 Donec
641 631 798 671 venirent,
823 631 877 663 ubi
900 643 1020 674 parvus
1044 633 1191 674 clamque
1216 633 1355 673 iacebat,

504 682 642 715 Munera
665 687 834 725 gestantes
859 685 929 726 regi
953 685 1140 727 hominique
1164 685 1307 727 deoque:

502 734 628 767 Aurum
647 736 767 767 etenim
791 737 871 778 regi,
896 736 1026 768 domino
1042 737 1129 775 thus,
1147 748 1271 779 myram
1289 737 1476 780 hominique
1491 756 1528 760 -

445 793 470 812 ²⁵
506 786 685 819 Cunabulis
709 791 831 820 tectum
855 799 916 820 nec
939 799 1004 820 non
1029 799 1212 831 praesaepe
1236 793 1415 831 repostum.

504 838 591 875 Quin
614 842 702 871 totus
726 840 818 872 caelo
842 840 957 871 merito
980 840 1136 872 rutilabat
1158 841 1190 871 in
1214 840 1279 872 alto

502 890 612 933 Atque
636 892 731 923 simul
754 891 903 923 residens
927 892 1094 924 mirandus
1118 892 1197 924 sede
1221 895 1374 935 paterna:

505 941 587 974 Cum
612 953 674 985 quo
699 943 844 986 caelicoli
867 944 1065 976 resonabant
1088 955 1168 976 voce
1191 944 1333 986 benigna

504 993 693 1026 Ymnidicas
719 995 806 1027 celse
831 995 961 1028 laudes:
985 996 1068 1027 ‘Pax
1091 996 1205 1038 gloria,
1229 999 1317 1035 nate,

440 1053 466 1071 ³⁰
503 1045 617 1088 Sitque
642 1046 702 1078 deo
727 1047 834 1086 celsis,
860 1058 926 1078 una
949 1047 1145 1089 degentibus
1170 1046 1271 1079 arvo?

545 1097 588 1129 Et
611 1098 682 1137 tibi,
707 1102 911 1142 praeceptor,
935 1100 1080 1132 iubilatio
1104 1100 1220 1142 fulgito
1245 1109 1410 1141 praesens,

505 1149 628 1181 Postea
651 1160 723 1181 cum
748 1151 870 1183 sanctis
894 1155 1047 1184 aeternus
1071 1152 1180 1194 sisque
1204 1151 1350 1183 colonus.

505 1200 576 1232 Iam
601 1201 677 1243 quia
702 1203 859 1234 cervisam
883 1203 1015 1235 minime
1038 1204 1142 1235 merui
1165 1212 1293 1245 quoque
1317 1202 1436 1233 habere

504 1252 666 1295 Tempore
690 1255 801 1294 natali,
826 1255 935 1287 veniat
957 1265 1042 1286 nunc
1065 1254 1196 1287 Bachus
1220 1253 1359 1286 abunde.

947 1468 1077 1500 XVIII.

774 1532 835 1568 DE
863 1531 1202 1568 PVRIFICATION
1204 1533 1245 1568 E.

500 1606 582 1638 Post
606 1617 686 1649 opus
711 1606 772 1638 hoc
794 1616 930 1648 parvum
953 1605 1062 1638 studui
1086 1607 1295 1649 compingere
1318 1617 1437 1649 parvos

499 1659 626 1692 Versus
650 1659 736 1691 enim
760 1659 893 1691 nimium
916 1658 1003 1690 facili
1030 1666 1179 1690 sermone
1202 1669 1386 1702 repressos:

501 1711 652 1748 Qualiter
674 1711 760 1743 alma
783 1710 835 1742 dei
859 1710 1000 1752 genitrix
1025 1710 1169 1743 Mosaice
1193 1712 1296 1753 gessit

500 1763 591 1806 Lege
616 1763 725 1795 ferens
748 1773 884 1805 puerum
909 1762 950 1794 ad
974 1762 1132 1805 templum
1156 1762 1276 1795 domini
1301 1773 1428 1805 quoque
1453 1765 1610 1800 sanctum,

454 1822 466 1840 ⁵
503 1814 643 1847 Sisteret
666 1815 756 1846 illum
780 1818 816 1845 ut
840 1814 924 1846 enim
948 1814 1079 1846 domino
1102 1814 1250 1856 gaudens
1274 1815 1423 1857 genitori-

500 1866 582 1898 Post
608 1866 722 1898 abluta
745 1866 815 1898 dies
839 1866 972 1898 vicenos
995 1866 1111 1908 bisque
1135 1866 1314 1898 secundum

501 1910 683 1961 Graphiam
705 1918 828 1950 monita
851 1928 913 1950 nec
937 1928 1000 1949 non
1025 1917 1191 1950 autentica
1215 1918 1307 1960 legis.

501 1969 555 2002 Sic
578 1970 721 2012 genitrix
744 1969 891 2012 graditur
914 1980 972 2012 pro
997 1973 1074 2001 nato
1096 1980 1233 2002 munera
1255 1970 1384 2009 tollens,

498 2022 612 2054 Fieret
634 2022 766 2054 excelse
791 2021 906 2064 legalis
931 2021 1038 2053 hostia
1061 2032 1119 2064 pro
1143 2032 1215 2064 quo.

442 2081 466 2100 ¹⁰
502 2073 636 2117 Oeuque
661 2084 766 2106 senex
789 2074 879 2105 illum
904 2073 1037 2105 Simeon
1061 2074 1206 2116 suscepit
1228 2074 1261 2105 in
1283 2073 1392 2113 ulnas,

498 2126 665 2158 Almificas
689 2125 803 2157 laudes
826 2125 964 2157 reboans
988 2135 1026 2156 ac
1049 2125 1128 2157 talia
1152 2125 1281 2157 dicens:

500 2177 605 2210 ‘Nunc
628 2178 660 2209 in
684 2188 765 2220 pace
789 2180 845 2209 tua
869 2177 987 2208 dimitti
1011 2177 1160 2208 servulus
1185 2187 1240 2208 oro

498 2230 687 2273 Propterea,
710 2240 837 2272 pacem,
860 2229 999 2269 domine,
1024 2229 1102 2271 quia
1125 2232 1238 2272 specto
1262 2229 1438 2270 benignam

499 2282 671 2315 Hactenus
695 2284 904 2324 expectatam
929 2281 1031 2313 oculis
1055 2281 1260 2323 glaucomate
1283 2279 1383 2319 fusis’,

440 2343 464 2361 ¹⁵
501 2335 612 2378 Ipsam
635 2325 755 2366 etenim
779 2336 890 2365 nostro
913 2333 1066 2364 tollemus
1090 2331 1187 2364 corde
1210 2331 1353 2374 benigno

499 2386 549 2418 Ac
572 2386 731 2429 replicata
755 2385 827 2417 sinu
850 2388 981 2417 maneat
1002 2387 1163 2426 nocteque
1187 2383 1318 2426 dieque:

287 2533 322 2559 23
339 2538 450 2567 gestatos
468 2533 493 2558 B
597 2531 629 2558 27
649 2533 814 2558 admiratione
832 2532 924 2565 plenus
941 2532 967 2556 iu
986 2540 1068 2564 marg.
1087 2531 1113 2556 B
1216 2529 1250 2555 29
1267 2534 1328 2555 nata
1346 2538 1412 2554 corr.
1432 2528 1457 2553 B
1559 2527 1594 2553 32
1611 2528 1695 2560 sitque
1707 2527 1732 2552 B

288 2575 402 2610 [xvm.]
420 2575 437 2602 3
456 2574 573 2602 mosaice’
592 2576 617 2600 B
721 2575 737 2600 9
754 2576 814 2601 flore
832 2584 898 2600 corr.
919 2575 945 2600 B
1041 2574 1074 2599 10
1091 2573 1223 2606 *Cumque
1242 2573 1267 2597 B
1363 2571 1395 2597 11
1414 2572 1521 2597 roboans
1540 2570 1565 2595 B
1661 2569 1693 2596 12
1712 2570 1792 2595 dimiti
1809 2569 1834 2594 B

184 2618 218 2645 14
235 2620 425 2646 GLAVCOMA
442 2621 470 2645 ὄπ
487 2628 568 2652 man-q,
587 2619 614 2644 B

288 2703 397 2739 [XVII]
415 2704 449 2731 23
466 2712 502 2738 sq.
522 2703 688 2737 Sedu1.c.p.
702 2703 741 2735 ΙΙ,
754 2703 891 2729 89—106.
1002 2702 1032 2728 31
1054 2703 1220 2736 praeceptor
1237 2701 1276 2727 rel
1293 2700 1427 2734 magister
1444 2701 1461 2726 i.
1479 2707 1500 2726 e.
1519 2699 1618 2730 abbas,
1635 2700 1667 2724 ut
1683 2706 1702 2724 e.
1718 2706 1743 2731 9.
1761 2696 1836 2730 apud

186 2755 382 2790 Freaiqarzhm
399 2756 476 2789 infru
494 2764 514 2782 c.
534 2755 665 2789 LXXX,
678 2755 703 2782 4.

287 2807 412 2842 [xvlnq
431 2807 465 2834 10
482 2806 550 2834 Im.
567 2808 592 2839 2,
605 2807 724 2834 25—35.
