2060 3074
476 368 515 387 400

475 886 513 906 410

472 1145 510 1165 415

471 1405 509 1425 42⁰

469 1665 508 1684 425

469 1924 508 1944 ⁴³0

469 2183 506 2203 4³5

469 2442 508 2461 4⁴⁰

746 166 857 193 VITAE
875 168 901 194 S.
920 168 1087 195 GERMANI
1107 169 1214 196 LIBER
1228 170 1274 197 VI.

553 251 681 284 Gaudia
705 255 752 284 tot
774 253 902 292 mentis,
928 264 1003 296 spes
1026 258 1145 296 tantas,
1170 258 1337 289 commoda
1360 261 1451 290 tanta

553 304 600 336 Te
624 304 782 336 redeunte
805 305 917 345 refers,
942 317 1014 338 cum
1038 317 1101 349 quo
1126 313 1203 340 sunt
1226 310 1337 341 omnia
1360 310 1486 349 dextra,

552 355 624 392 Quo
649 356 718 387 sine
742 356 832 387 nulla
854 356 970 397 forent,
994 359 1026 389 ni
1050 358 1166 392 frivola
1189 371 1290 393 caeca
1313 361 1455 394 sinistra.

595 407 680 443 Quid
705 407 846 439 referam
869 408 963 440 Latio
987 411 1125 452 populos
1149 422 1190 443 ex
1214 412 1291 444 orbe
1317 417 1468 446 ruentes?

552 459 624 495 Quo
647 459 782 501 languet
805 459 961 498 medicus,
985 461 1082 493 ardor
1105 466 1215 495 manet
1239 465 1388 497 omnibus
1412 465 1497 497 idem

552 510 670 542 Visere
695 514 727 542 et
750 511 914 554 obsequiis
939 516 1051 544 sancto
1075 524 1268 547 concurrere
1292 515 1412 558 dignis.

551 562 595 594 Et
618 562 750 602 faciunt,
774 566 809 594 ut
832 564 970 606 quisque
994 568 1113 607 potest,
1136 569 1172 597 ut
1196 567 1341 609 postulat
1364 568 1458 600 ordo:

552 614 656 646 Omne
678 614 785 646 choris
808 618 938 658 tempus
959 617 1175 659 psallentibus
1198 618 1431 653 inmodulatur:

551 667 616 699 Pro
640 667 782 699 lacrimis
806 668 932 705 laudes,
956 680 1014 711 pro
1038 670 1127 701 luctu
1151 675 1307 712 personat
1330 671 1468 715 hymnus

550 718 699 750 Invitans
723 729 858 762 superas
882 721 984 762 patris
1008 721 1048 752 ad
1073 732 1226 764 suprema
1248 723 1406 755 cohortes.

595 770 762 813 Septimus
787 772 915 803 afflarat
937 772 1050 814 rapido
1075 774 1244 805 terrestria
1268 785 1363 806 curru

550 822 704 854 Phoebus
727 822 769 854 ab
793 823 937 855 occiduis
961 834 1112 856 remeans
1136 825 1293 857 illustrior
1315 826 1424 858 undis:

551 874 692 917 Spiritus
716 878 750 906 at
772 875 870 906 coicis
894 875 1011 907 ardens
1035 886 1204 918 emergere
1227 877 1342 909 vinclis

550 925 678 958 Emicat
700 930 733 958 et
756 926 895 969 liquidas
919 927 1002 959 liber
1024 929 1221 960 transfertur
1243 929 1276 960 in
1299 940 1395 962 auras

549 977 768 1020 Hymnizante
791 979 865 1020 polo
889 979 1077 1022 laetumque
1101 980 1265 1022 alalagma
1287 985 1436 1014 canente.

549 1029 731 1072 Sepserunt
754 1030 889 1062 comites
912 1030 993 1062 miro
1017 1031 1191 1073 splendore
1215 1033 1348 1075 superni

549 1081 782 1124 Victoremque
805 1081 915 1114 ferunt
938 1086 1027 1114 trans
1051 1083 1148 1125 ignea
1171 1083 1279 1116 sidera
1302 1084 1425 1116 laetum

548 1133 591 1165 Et
614 1133 733 1165 sistunt
756 1134 836 1166 solio
860 1135 975 1166 summi
999 1145 1060 1177 per
1083 1136 1215 1167 saecula
1239 1137 1335 1179 regis.

590 1185 727 1218 Miratur
749 1186 867 1228 placidi
893 1186 1043 1218 sublimia
1067 1187 1209 1219 culmina
1231 1188 1334 1230 regni,

547 1237 700 1280 Ignotum
724 1242 812 1270 certe
836 1238 945 1270 lumen
969 1239 1103 1271 miratur
1126 1239 1267 1283 Olympi.

547 1289 591 1321 Et
614 1289 679 1321 iam
703 1290 763 1322 sub
786 1290 926 1332 pedibus
950 1291 1054 1323 nubes
1078 1294 1111 1323 et
1134 1291 1253 1334 sydera
1275 1292 1390 1330 cernit,

547 1340 729 1384 Despectat
752 1342 838 1374 rosei
862 1342 1036 1374 candentia
1060 1343 1185 1374 lumina
1208 1343 1297 1380 solis,

546 1393 728 1436 Despectat
750 1393 879 1436 gelidae
904 1395 1046 1426 rorantia
1069 1394 1176 1426 sidera
1197 1395 1305 1434 lunae,

547 1445 591 1477 Et
613 1455 836 1488 quaecumque
859 1456 960 1488 vagos
984 1450 1116 1478 exercet
1139 1447 1235 1478 stella
1258 1457 1417 1481 recursus.

547 1497 688 1530 Telluris
711 1498 831 1530 molem
855 1498 1135 1541 circumfusasque
1158 1499 1322 1536 tenebras,

545 1549 728 1581 Pneumata
751 1553 921 1582 ventorum
946 1553 1242 1592 tempestatumque
1266 1553 1435 1586 tumorem,

547 1600 614 1633 Cur
636 1611 693 1633 ver
715 1601 937 1644 tranquillum,
962 1612 1019 1634 cur
1041 1602 1164 1634 torrida
1186 1602 1323 1644 prodeat
1347 1605 1465 1635 aestas.

546 1653 733 1685 Autumnus
756 1653 837 1693 uvis,
860 1653 1002 1686 faetetur
1024 1653 1138 1685 bruma
1162 1654 1296 1697 pruinis,

546 1704 589 1736 Et
611 1704 763 1748 quicquid
787 1705 897 1737 mundi
921 1705 1021 1737 volvit
1045 1708 1208 1737 structura
1231 1705 1401 1748 triquadri,

546 1756 590 1788 Et
613 1756 763 1799 quicquid
787 1756 932 1800 physicis
956 1756 1132 1800 perhibent
1155 1757 1370 1790 succumbere
1395 1758 1510 1790 causis.

547 1808 582 1840 Si
605 1818 670 1852 qua
692 1809 804 1851 vigent
827 1809 980 1843 numeris,
1005 1809 1163 1840 mensuris
1186 1809 1436 1851 ponderibusve,

545 1860 581 1892 Si
605 1870 669 1903 qua
691 1860 795 1892 latent
819 1863 853 1892 et
875 1860 901 1892 si
926 1871 989 1903 qua
1012 1863 1127 1903 patent
1148 1861 1181 1892 in
1205 1860 1337 1892 cardine
1362 1871 1482 1893 rerum:

546 1911 632 1944 Puro
657 1914 845 1944 cunctorum
869 1912 1058 1954 speculatur
1082 1912 1203 1944 lumine
1227 1922 1371 1944 causam.
1467 1925 1489 1943 ο

545 1964 664 1996 Omnia
687 1974 723 1996 se
748 1964 870 2002 subter,
895 1963 1062 1996 Christum
1085 1974 1182 2006 super
1205 1964 1314 1996 omnia
1337 1964 1449 1996 cernit.

545 2015 645 2048 Ridet
669 2015 747 2058 quin
771 2015 870 2047 etiam
894 2025 1030 2058 pompas
1054 2018 1087 2047 et
1110 2014 1252 2047 eulmina
1275 2015 1384 2053 saecli,

543 2067 655 2110 Reges
678 2066 871 2106 horrendos,
896 2066 1082 2098 diademata
1105 2069 1236 2108 sceptra
1259 2069 1415 2109 tyrannos

545 2118 588 2150 Et
611 2119 713 2150 multo
737 2129 835 2160 gazas
860 2118 1019 2150 scelerum
1043 2117 1171 2150 fervore
1194 2118 1325 2160 petitas,

546 2170 664 2202 Illusas
688 2180 768 2202 auro
791 2170 880 2202 tenui
904 2169 1090 2202 discrimine
1114 2173 1235 2209 vestes,

545 2221 588 2254 Et
611 2221 766 2264 quicquid
789 2220 954 2253 mundana
976 2224 1088 2264 potest
1111 2220 1238 2253 variare
1263 2220 1422 2263 supellex.

544 2273 643 2306 Ridet
665 2276 836 2316 praeterea
859 2283 962 2305 vanae
986 2273 1282 2305 ΚΑΚΟΠΛΘΙΛ
1301 2272 1427 2310 mentis,

547 2324 677 2358 Gaudia
700 2335 841 2368 spesque
864 2335 976 2365 novas,
1001 2324 1066 2356 iras
1089 2327 1243 2366 atrosque
1267 2323 1401 2356 timores

544 2377 784 2419 Fumifieasque
807 2376 909 2415 faces,
933 2376 1048 2408 solitus
1071 2386 1152 2418 quas
1175 2385 1329 2418 spargere
1351 2375 1447 2407 livor:

545 2429 688 2460 Proterit
709 2429 792 2461 haec
815 2428 963 2470 pedibus,
987 2428 1069 2459 haec
1093 2428 1198 2459 vietor
1220 2426 1360 2469 denique
1383 2427 1496 2460 caleat.

1770 178 1828 207 511

1575 425 1719 450 Concursus
1748 434 1830 458 popu-

1575 468 1659 493 lorum
1677 469 1713 494 ad
1735 469 1829 494 urbem.

1579 786 1609 810 Ut
1627 790 1717 810 sancta
1741 787 1829 810 anima

1573 837 1651 854 carue
1679 829 1764 854 soluta
1790 830 1828 854 sit.

1573 1198 1716 1230 Descriptio
1726 1199 1826 1230 ylariae

1599 1242 1652 1266 eius
1670 1242 1697 1266 in
1716 1242 1799 1267 caelos

1634 1285 1762 1310 translati.

283 2524 389 2549 Scholia
408 2537 439 2542 —
458 2523 510 2550 Δία)
527 2522 627 2557 frivola]
647 2524 747 2549 inutilia
827 2522 878 2548 410
896 2522 984 2555 coicis]
1003 2523 1109 2547 terrenis
1196 2521 1247 2547 41⁵2
1265 2521 1447 2555 Hymnizante]
1466 2522 1592 2547 laudante.
1615 2536 1643 2539 -—
1665 2523 1820 2548 Affeetatum

180 2568 287 2592 verbum
305 2568 340 2593 ab
357 2576 395 2599 eo,
414 2568 482 2600 quod
500 2571 539 2593 est
557 2567 648 2600 ymnis,
667 2567 804 2592 deductum
852 2564 989 2599 alalagma]
1008 2574 1102 2598 ymnus
1120 2565 1241 2590 victoriae

180 2609 231 2635 425
249 2611 288 2635 Sc.
307 2610 378 2635 ‘eun'
482 2609 535 2635 430
559 2609 674 2643 eausam]
693 2610 768 2635 deum

181 2652 304 2685 eulmina]
325 2653 434 2700 honpres
537 2651 588 2678 433
606 2651 754 2685 horrendos]
773 2652 897 2678 timendos
1001 2650 1051 2676 437
1074 2650 1111 2684 K.]
1131 2651 1212 2676 malas
1231 2651 1360 2683 passiones

282 2722 319 2747 ud
340 2721 388 2748 401
411 2722 445 2747 ad
463 2722 591 2747 infirmum
610 2721 703 2746 Boccln.
807 2720 858 2747 409
881 2721 1010 2746 hoeciduis
1029 2719 1054 2744 Ρ
1155 2718 1206 2744 425
1230 2720 1283 2744 Ant
1302 2723 1407 2745 tumnus
1426 2718 1451 2744 P

179 2766 196 2792 2
214 2773 246 2791 m.
264 2765 289 2790 P
390 2763 440 2790 437
459 2763 621 2789 κακοπτὶθεα
640 2764 732 2790 ΒοεσΙι.
836 2762 888 2789 440
905 2764 1000 2788 Poterit
1018 2772 1084 2788 corr.
1103 2766 1118 2788 2
1136 2771 1168 2788 m.
1188 2762 1212 2787 P

283 2832 336 2861 420
354 2831 409 2866 cfr.
428 2833 496 2859 Aen.
516 2831 568 2862 ιιι
577 2831 636 2859 567.

872 2608 923 2634 432
948 2607 1032 2641 Ridet]
1056 2609 1163 2641 despicit
1216 2609 1278 2640 quin
1302 2607 1387 2640 etiam]
1407 2609 1510 2640 insuper

1326 2564 1379 2590 420
1395 2564 1489 2597 sidera]
1510 2565 1616 2598 pluralis
1629 2573 1674 2598 pro
1692 2565 1818 2598 singulari

1562 2606 1675 2640 pompas]
1700 2609 1824 2634 vanitates

1552 2718 1603 2745 426
1625 2720 1734 2752 triquudi
1753 2729 1820 2745 corr.

740 2831 792 2859 435
813 2830 860 2858 Ge.
880 2830 916 2857 Π
923 2831 974 2858 464
992 2830 1146 2864 Illusasque
1165 2829 1209 2862 (al.
1229 2829 1414 2864 inclususque)
1433 2838 1500 2857 auro
1518 2830 1616 2856 vestes.
