2040 2996
268 147 325 176 106
831 140 994 168 AUDRADI
1012 139 1138 166 MODICI
1158 138 1332 165 CARMINA.

625 228 786 260 Ardorem
811 228 888 259 solis
913 236 1042 269 semper
1066 224 1297 268 splendescere
1320 225 1416 256 iussit

627 279 736 321 Atque
761 282 851 310 ortus
875 279 972 310 lunae
997 278 1111 309 statuit
1133 278 1280 319 finesque
1303 277 1434 316 laboris,

627 331 710 362 Esse
734 330 831 362 deum
854 333 923 362 toto
946 330 1055 362 Iesum
1079 329 1119 361 de
1143 331 1277 371 pectore
1301 327 1418 360 eredo'.

263 392 287 413 (J.
302 392 351 412 x11.
532 390 569 409 ιω
691 383 846 414 Dixerat:
871 385 905 414 et
928 382 1034 414 subito
1059 381 1192 413 tremuit
1213 381 1304 412 locus
1326 381 1381 412 ille
1405 390 1566 423 superque

627 434 770 466 Advenit
792 445 872 466 vox:
898 434 1052 475 ‘Concepi
1075 435 1273 475 propterque
1297 433 1447 474 loquutus

628 485 735 523 Sum’3
760 485 872 517 dicunt
895 485 998 523 sancti
1022 484 1130 516 cuncti
1153 483 1356 516 concorditer
1378 483 1507 516 ‘amen'.

627 538 719 569 Tunc
744 548 835 569 sacer
858 537 1023 569 Antonius
1049 536 1217 568 babtizans
1241 536 1344 568 abluit
1366 536 1456 568 illam

627 589 670 621 Et
693 592 831 621 matrem
854 589 985 631 genitus
1009 588 1137 630 genitor
1160 588 1200 620 de
1223 588 1313 620 fonte
1336 588 1466 620 levavit.

262 650 285 670 c-
300 649 362 669 Xlss-
534 650 571 668 1⁷0
629 642 779 684 Denique
803 641 878 673 dum
901 641 1045 683 gaudent
1068 641 1189 672 factum
1213 640 1274 672 hoc
1297 640 1445 672 mirabile
1469 640 1583 678 sancti,

627 694 703 726 Vox
725 694 842 725 iterum
866 692 987 725 domini
1011 693 1051 724 de
1075 693 1174 725 caelis
1198 693 1325 725 intonat
1347 692 1424 724 illis:

629 746 783 778 ‘Fortiter
805 745 880 777 hinc
904 745 992 787 agite
1015 745 1281 787 conforteturque
1303 745 1438 777 beatum

628 798 692 830 Cor
707 800 850 830 vestrum
874 797 907 828 in
923 796 1075 829 domino'.
1110 797 1191 829 Post
1214 796 1299 839 quod
1315 796 1461 828 Iulianus
1477 795 1519 827 ad
1542 806 1654 827 omnes

628 850 682 882 Sic
705 850 766 881 ait:
791 849 866 890 ‘En,
890 849 1023 887 fratres,
1047 849 1141 880 nobis
1165 860 1230 880 vox
1253 848 1372 880 nuncia
1394 848 1495 887 venit,

531 911 568 929 175
628 903 721 940 Quae
746 902 892 935 rediviva
916 905 1011 934 sonat
1034 902 1212 934 certamina
1234 901 1336 933 multa
1359 901 1477 943 parari.

626 955 690 986 Pro
714 965 778 997 qua
800 964 835 985 re
858 956 1004 985 nostrum
1029 953 1159 985 domino
1185 953 1351 995 signemus
1375 962 1525 994 agonem,

628 1006 692 1043 Qui
714 1006 791 1038 fidei
814 1009 948 1037 nostrae
973 1015 1101 1037 cursum
1125 1005 1291 1047 complere
1315 1004 1439 1036 valebit

627 1058 849 1100 Militibusque
874 1057 940 1089 suis
965 1060 1074 1089 servat
1097 1057 1152 1099 qui
1175 1057 1209 1088 in
1231 1056 1295 1088 fine
1320 1067 1467 1094 coronas,

627 1110 731 1142 Nobis
755 1121 836 1152 quas
860 1109 1001 1141 reddens
1025 1109 1160 1140 donabit
1183 1119 1285 1150 regna
1308 1107 1479 1151 polorum'.

261 1175 285 1195 c.
302 1174 378 1195 xu11.
533 1169 572 1188 ¹80
671 1162 796 1204 Impius
820 1162 946 1193 interea
969 1161 1084 1192 deduci
1107 1161 1245 1203 precipit
1267 1160 1308 1192 ad
1332 1171 1367 1192 se

627 1213 765 1246 Sanctos
788 1213 821 1245 in
845 1213 1027 1255 propriam,
1052 1212 1148 1244 solito
1172 1223 1237 1254 qua
1259 1214 1458 1252 commanet,
1482 1212 1589 1243 aulam

626 1265 864 1307 Exhibitisque·
880 1265 942 1307 piis
966 1264 1077 1306 genito
1100 1274 1176 1295 mox
1200 1264 1309 1295 taliter
1331 1263 1415 1295 infit:

626 1316 716 1356 ‘Dic,
740 1327 804 1358 qua
827 1316 1011 1349 condi-tione
1035 1319 1124 1348 tuam
1146 1316 1287 1347 retinere
1311 1316 1430 1358 cupisti

629 1369 702 1400 Hoc
725 1368 832 1400 triduo
856 1371 993 1400 matrem
1020 1386 1053 1391 —
1081 1378 1156 1400 nem
1179 1368 1310 1400 nescius
1333 1368 1396 1399 ista
1418 1368 1548 1410 requiro
1572 1371 1633 1400 —?

535 1429 570 1448 185
629 1422 750 1461 Narra,
773 1421 850 1463 quid
873 1425 1016 1463 gestum,
1040 1424 1174 1454 maneat
1198 1421 1226 1453 si
1249 1423 1366 1463 coepta
1390 1419 1562 1453 voluntas'.

264 1484 287 1504 c.
303 1483 355 1505 xv.
629 1472 826 1515 Respondit:
851 1472 1000 1504 ‘Domino
1024 1482 1143 1515 perpes
1166 1472 1207 1503 sit
1229 1472 1334 1514 gratia
1356 1474 1478 1512 nostro,

627 1524 691 1561 Qui
714 1525 800 1556 bona
823 1524 909 1557 velle
933 1524 1024 1556 dedit
1046 1524 1139 1556 nobis
1164 1524 1323 1556 caelestia
1345 1524 1457 1566 gratis,

629 1577 764 1609 Munere
788 1577 852 1608 iam
877 1577 968 1608 cuius
991 1579 1102 1608 nostra
1126 1579 1175 1608 est
1199 1575 1343 1607 stabilita
1365 1575 1532 1607 voluntas:

627 1629 711 1661 Nam
736 1629 815 1660 mihi
838 1629 963 1660 fructus
987 1629 1049 1660 erit
1071 1631 1176 1660 mater
1200 1628 1324 1659 salvata
1346 1638 1406 1670 per
1427 1638 1554 1666 aevum,

534 1689 570 1708 1⁹⁰
629 1681 722 1713 Illius
745 1683 778 1713 et
799 1680 924 1713 fructus
946 1691 1006 1723 per
1030 1681 1162 1712 saecula
1185 1683 1302 1712 cuncta
1323 1679 1472 1712 manebo.

369 1756 435 1781 Acta
454 1755 487 1780 B.
507 1755 560 1780 Iul.

265 1807 398 1840 splendore
423 1807 541 1832 fundavit
563 1810 588 1832 et
613 1807 690 1831 lunae
711 1806 812 1831 initium
835 1810 861 1831 et
885 1806 961 1831 finem
980 1806 1124 1831 constituit:
1149 1806 1203 1838 ipse
1225 1809 1264 1830 est
1285 1806 1403 1831 domiuus
1425 1807 1497 1832 Iesus
1516 1807 1646 1840 Christus,
1672 1808 1715 1833 cui
1736 1808 1824 1833 relicta
1846 1807 1915 1833 omni

264 1850 377 1875 vanitate
402 1851 542 1875 vanitatum
566 1850 655 1881 credo;
681 1849 787 1882 cupiens
811 1849 859 1874 hac
882 1849 935 1874 vita
952 1857 1029 1881 quam
1049 1849 1213 1882 temporalem
1235 1857 1291 1873 esse
1309 1849 1429 1882 cognovi,
1458 1858 1557 1882 carere,
1585 1854 1615 1876 ut
1638 1850 1669 1876 ad
1693 1851 1763 1876 mam
1786 1854 1915 1876 aeternnm

265 1893 398 1918 vobiscum
416 1902 513 1918 merear
530 1892 671 1926 attingere'.

368 1935 403 1962 50
420 1938 491 1962 Haec
509 1937 608 1961 dicente
626 1935 732 1961 muliere
750 1935 823 1960 locus
835 1935 995 1967 contremuit,
1014 1935 1040 1959 in
1059 1943 1109 1967 quo
1128 1938 1207 1967 erant,
1226 1939 1252 1960 et
1262 1935 1349 1960 audita
1366 1939 1405 1961 est
1422 1944 1473 1961 vox
1491 1936 1518 1961 in
1535 1945 1594 1962 aere
1611 1937 1699 1962 dicens
1718 1935 1771 1968 (1³0.
1785 1934 1842 1968 115,
1858 1934 1914 1968 10):

268 1981 390 2006 ‘Credidit
414 1983 515 2013 propter
533 1980 601 2012 quod
618 1980 720 2004 locutus
737 1978 812 2004 sum'.
848 1979 904 2004 Hac
921 1987 985 2004 voce
1002 1979 1084 2004 sancti
1102 1981 1200 2011 reperta
1213 1987 1300 2004 omnes
1318 1987 1370 2004 una
1387 1987 1450 2004 voce
1462 1979 1584 2004 dixerunt
1602 1978 1701 2005 ‘ameu'.
1738 1980 1813 2004 Tunc
1825 1979 1915 2005 beatus

265 2024 399 2057 presbyter
422 2023 561 2057 baptizavit
582 2031 649 2054 eam,
675 2022 717 2047 cui
738 2022 892 2047 venerabilis
910 2022 1009 2047 Celsius
1032 2021 1101 2046 filius
1123 2022 1179 2047 eius
1201 2021 1289 2054 (quam
1307 2030 1332 2046 v.
1351 2022 1378 2046 C.
1398 2023 1414 2047 f.
1434 2031 1455 2047 e.
1475 2022 1616 2055 suscipiens
1635 2022 1669 2054 B)
1691 2026 1763 2056 pater
1785 2023 1812 2047 in
1833 2022 1916 2055 grafia

266 2067 384 2100 baptismi
396 2068 479 2092 factus
491 2070 536 2091 est.
565 2067 681 2098 Cumque
695 2073 783 2090 omnes
800 2065 831 2090 de
843 2065 926 2090 salute
944 2065 999 2090 eius
1012 2065 1168 2089 laetarentur
1186 2063 1337 2097 (gauderent
1349 2064 1375 2097 β)
1394 2066 1481 2090 audita
1493 2069 1532 2090 est
1543 2074 1595 2090 vox
1615 2063 1658 2096 (de
1670 2066 1747 2091 caelis
1757 2063 1794 2096 B)
1814 2066 1914 2092 dicens:

266 2109 379 2135 ‘Virliter
397 2110 464 2143 agite
483 2113 508 2134 et
525 2110 682 2134 confortetur
701 2117 744 2134 cor
762 2112 875 2133 vestrum
894 2109 920 2133 in
933 2107 1050 2132 domiuo'.
1082 2108 1144 2132 Post
1156 2107 1233 2132 huius
1245 2116 1380 2133 concessae
1392 2109 1489 2141 gratiae
1503 2117 1597 2134 munus
1615 2109 1651 2134 ait
1668 2109 1693 2134 S.
1712 2110 1731 2134 1.
1750 2110 1783 2135 ad
1801 2112 1914 2135 mewa:

266 2153 345 2178 ‘Haec
363 2162 428 2185 vox,
460 2161 525 2185 quae
548 2152 660 2177 intonuit
681 2152 787 2176 auribus
804 2151 910 2183 nostris,
935 2150 1087 2183 pronunciat
1104 2150 1178 2175 nobis
1196 2151 1297 2176 futuras
1319 2151 1449 2184 passiones
1471 2156 1496 2176 et
1517 2160 1612 2185 genera
1630 2156 1824 2185 tormentorum,
1848 2161 1916 2185 quae

265 2197 388 2222 adversus
407 2205 453 2221 nos
472 2196 566 2229 cogitat
584 2195 711 2220 inimicus.
746 2196 796 2220 Pro
814 2203 865 2227 qna
883 2203 917 2226 re,
936 2194 1017 2219 sancti
1035 2197 1168 2226 martyres,
1187 2194 1245 2219 fidei
1264 2197 1379 2219 nostrum
1396 2203 1500 2220 cursum
1519 2195 1620 2220 domino
1637 2196 1852 2228 commendemus,
1869 2196 1915 2232 qni

266 2244 355 2272 potens
373 2243 412 2264 est
429 2240 503 2264 fidem
522 2242 634 2264 nostram
653 2246 756 2264 servare
774 2242 800 2263 et
817 2246 920 2263 cursum
939 2246 1129 2269 consummare,
1155 2241 1184 2262 ut
1201 2238 1335 2271 repositam
1354 2238 1469 2263 iusticias
1487 2246 1605 2263 coronam
1623 2247 1767 2264 mereamur
1783 2237 1915 2272 accipere'.

370 2282 411 2308 51.
436 2282 503 2314 Quid
527 2282 623 2307 multa?
646 2282 777 2315 cognoscit
798 2281 892 2314 impius
915 2281 1063 2306 Marcianus
1086 2289 1193 2306 uxorem
1215 2289 1288 2306 suum
1309 2285 1450 2314 martyrum
1471 2282 1587 2307 effectam
1609 2283 1703 2307 sociam
1725 2286 1751 2307 et
1772 2283 1799 2308 in
1822 2282 1916 2308 Christi

267 2335 352 2351 amore
372 2334 427 2351 esse
445 2326 583 2356 firmatam;
601 2325 672 2350 iubet
690 2325 755 2350 intra
773 2325 876 2350 domum
895 2333 966 2350 suam
986 2324 1105 2357 privatim
1123 2327 1246 2357 martyres
1258 2324 1381 2350 exhiberi.
1412 2325 1528 2357 Cumque
1547 2325 1602 2350 elus
1613 2325 1759 2358 aspectibus
1771 2329 1916 2358 praesenta-

267 2373 362 2400 rentur,
380 2369 417 2394 ait
435 2369 467 2394 ad
485 2368 656 2393 venerabilem
674 2376 796 2401 puerum:
828 2369 944 2393 ‘Matrem
962 2371 1033 2392 tuam
1051 2367 1099 2392 sub
1116 2367 1164 2392 hac
1181 2367 1316 2400 postulasti
1333 2368 1432 2393 ratione
1450 2360 1609 2399 (conditione
1622 2367 1717 2400 Bou),
1743 2372 1773 2393 ut
1790 2369 1837 2394 tibi
1854 2377 1914 2394 con-

267 2413 399 2441 sensisset,
424 2412 491 2444 quod
509 2421 556 2445 ego
575 2413 673 2445 ignoro.
710 2411 776 2443 Quid
795 2419 864 2436 nunc
886 2414 988 2444 gestum
1010 2411 1055 2439 sit,
1079 2410 1182 2436 edicito:
1210 2419 1364 2444 cognoscere
1381 2411 1472 2443 cupio'.
1510 2411 1668 2436 Venerabilis
1692 2420 1754 2444 puer
1771 2410 1916 2444 respondit:

270 2456 378 2480 “Gratias
396 2464 443 2488 ago
461 2455 508 2480 deo
531 2455 643 2487 (domino
661 2454 689 2479 E
694 2454 720 2487 β)
739 2463 809 2485 meo,
833 2455 878 2487 qui
900 2455 1040 2479 voluntatis
1058 2462 1128 2479 meae
1146 2455 1258 2479 fructum
1282 2454 1317 2479 ita
1340 2454 1453 2486 perficit,
1478 2458 1507 2479 ut
1527 2454 1553 2479 iu
1576 2458 1707 2479 aeternum
1732 2454 1874 2487 possideam
1890 2457 1917 2480 et

267 2497 299 2528 (e.
318 2506 366 2522 om.
386 2498 441 2530 Bp)
461 2502 565 2523 matrem
587 2496 624 2531 (et
641 2495 697 2532 Ββ)
718 2498 773 2531 ipsa
789 2506 830 2523 me
847 2498 941 2529 filium,
965 2501 995 2522 ut
1023 2497 1054 2522 ab
1077 2497 1124 2521 hac
1153 2497 1193 2521 tlie
1217 2504 1356 2529 cognoscas
1380 2505 1427 2522 nos
1450 2505 1494 2530 pro
1518 2497 1613 2522 Christi
1635 2505 1720 2523 umore
1743 2498 1770 2523 in
1793 2498 1842 2523 hac
1862 2498 1916 2523 vitu

375 2643 422 2670 176
439 2643 476 2677 re]
496 2653 540 2677 spe
559 2645 589 2669 P‘
694 2644 744 2670 180
762 2645 872 2678 precipit
892 2644 920 2669 P‘

372 2733 422 2759 170
443 2733 503 2759 Met.
520 2733 597 2766 VIII,
611 2735 659 2760 601
679 2734 783 2760 factum
798 2733 926 2760 mirabile
939 2734 1060 2760 cunctos.
1176 2733 1225 2759 172
1242 2741 1278 2766 sq.
1292 2732 1391 2766 Iudith,
1408 2733 1447 2764 15,
1461 2733 1492 2759 11
1512 2733 1699 2759 confortatum
1711 2734 1754 2760 est
1765 2741 1812 2760 cor
1825 2734 1913 2759 tuum.

269 2785 318 2811 174
337 2785 439 2811 laveno.
459 2784 520 2818 III,
535 2786 586 2812 633
607 2794 658 2812 vox
678 2785 778 2812 nuntia
799 2785 879 2812 vatis.
987 2785 1034 2811 179
1052 2785 1099 2817 cfr.
1117 2792 1187 2818 pass.
1201 2785 1240 2818 II,
1255 2785 1314 2811 248.
1419 2785 1469 2811 182
1486 2785 1532 2817 cfr.
1541 2793 1613 2819 pass.
1629 2785 1670 2819 II,
1683 2785 1726 2812 33.

1859 2827 1880 2855 ’ἶ
