2092 3094
54 405 93 425 230

55 686 91 705 ‘235

53 946 91 965 240

52 1205 88 1224 245

50 1463 88 1483 250

50 1743 88 1762 255

228 159 289 189 288

129 242 365 275 LAPHITOS·

128 292 332 326 LEOTICA·

128 342 342 379 LA'MBlTv·

128 395 428 430 LIBERPATER·

128 449 322 482 LODICES

128 501 305 533 LAPATI·

128 560 463 606 MYRMIDONVM

128 625 340 658 MYRRINA

127 668 426 710 MANDROGOR·

126 728 301 763 Momm·

127 778 410 814 MASSAGETE·

128 826 438 865 MALAPVNICA·

126 884 334 918 MAssmA·

126 935 359 970 MANDERE·

126 987 381 1022 MVLIERVM·

126 1039 368 1072 Mvmssnns·

125 1091 298 1124 MIRICE·

125 1142 348 1177 MVRRINA·

126 1195 338 1228 MYRRINA

125 1246 398 1280 MALEFIDvs·

123 1294 355 1332 MACEDON-

124 1349 411 1384 MACEDONEs·

125 1401 357 1435 MACETVM·

123 1452 416 1487 MALESVADA·

123 1504 347 1539 MEMFIDIS

123 1565 414 1615 NEQVIQVAM

124 1630 365 1663 NVMADVM·

123 1681 335 1715 NILIACIS-

123 1733 358 1766 NESTonls·

124 1784 313 1818 NVMIDE·

833 153 1002 180 CARMINA
1019 151 1283 179 CENTULENSIA.

498 241 550 272 Ad
575 241 715 283 laphitos
740 241 826 271 bello
850 240 961 282 perdis
984 239 1078 271 iache
1102 239 1203 281 gravi.

500 292 666 324 Causidici
689 303 774 323 nova
798 303 870 323 cum
895 292 1005 323 veniat
1028 291 1147 322 lectica
1170 290 1346 322 mathonis.

499 344 648 386 Namque
672 344 750 375 facit
775 353 923 375 somnum
949 343 1061 374 clausa
1084 342 1205 374 lectica
1228 342 1382 373 fenestra.

500 396 660 427 Romulus
684 400 716 427 et
739 395 825 426 liber
847 398 941 437 pater
965 397 998 425 et
1021 404 1092 425 cum
1119 397 1246 425 castore
1270 393 1384 435 pollux

501 448 600 478 mittit
624 447 710 478 docti
733 447 791 478 tibi
816 450 903 478 terra
927 445 1048 477 catulli.

501 499 568 530 Aut
591 499 695 530 facilis
720 498 822 540 lapati
847 497 1040 528 comulatior
1061 497 1174 528 ulcera
1198 499 1325 538 purgat.

500 569 775 613 dolopumve'aut
799 570 870 601 duri
895 570 989 601 miles
1011 570 1102 601 ulixi.

501 623 653 664 signavit.
677 622 890 664 seposuitque
915 621 1013 652 diem.

499 674 568 705 Nec
591 684 654 705 non
677 673 912 715 mandragorae
935 676 1050 714 gustus
1074 683 1169 714 sapor
1189 671 1318 703 additur
1339 671 1434 703 altus.

499 725 714 766 Extremique
739 725 906 755 hominum
930 724 1047 755 morini
1070 723 1257 765 rhenusque
1282 723 1435 754 bicornis.

499 777 580 808 Post
597 777 656 807 hos
673 780 864 817 massagete
882 781 971 807 trans
987 776 1109 807 flumen
1126 775 1236 806 araxis
1255 774 1297 806 ad
1313 776 1429 805 ortum.

498 829 625 860 Punica
650 839 685 860 se
709 828 838 870 quantis
863 828 992 859 attollet
1016 827 1119 869 gloria
1142 827 1248 858 rebus.

499 880 610 912 Utitur
632 880 806 911 indomitos
832 883 866 910 ut
891 890 965 910 cum
989 879 1122 910 massila
1145 889 1205 920 per
1228 889 1316 910 arva.

499 949 619 975 Metrum
637 947 788 974 iambicum
808 947 955 974 senarium.

500 984 635 1016 Amethi
659 1009 665 1015 .
692 984 793 1015 stinas
820 1008 826 1014 .
852 993 937 1024 quae
959 982 1131 1014 mulierum
1156 1007 1164 1015 .
1189 986 1296 1013 vocat.

501 1036 576 1068 Sive
601 1037 705 1067 virum
732 1035 861 1067 soboles
886 1035 954 1066 sive
980 1038 1031 1065 est
1055 1034 1199 1065 mulieris
1224 1035 1328 1076 origo.

499 1088 571 1119 Non
596 1098 709 1119 omnes
734 1087 869 1118 arbusta
892 1087 1006 1117 iuvant
1030 1086 1234 1127 humilesque
1258 1086 1403 1117 miricae.

500 1140 694 1171 Surrentina
718 1139 803 1170 bibis
828 1148 888 1169 nec
911 1138 1056 1168 murrina
1079 1137 1167 1179 picta
1189 1147 1250 1168 nec
1274 1147 1399 1168 aurum.

499 1191 616 1223 deinde
641 1190 800 1221 adamans
824 1190 1014 1221 notissimus
1039 1192 1072 1220 et
1094 1189 1276 1220 beronices.

501 1242 654 1274 Semiruti
678 1243 789 1284 paries
814 1241 986 1273 malefidus
1011 1241 1172 1282 fragmine
1196 1241 1265 1272 viri.

500 1294 582 1326 Cum
606 1294 666 1325 tibi
691 1297 817 1325 sacrato
841 1293 999 1324 macedon
1023 1296 1173 1324 servetur
1196 1292 1228 1323 in
1252 1296 1356 1324 antro.

501 1346 553 1377 Sic
579 1345 692 1377 edocta
715 1355 773 1376 suo
799 1345 899 1376 servit
923 1343 1117 1375 macedonia
1140 1344 1248 1386 paulo.

500 1398 543 1429 Et
566 1398 689 1440 phariis
713 1397 883 1439 persisque
906 1397 967 1427 fuit
990 1399 1216 1438 macetumque
1240 1396 1380 1438 tyranni.

500 1450 544 1481 Et
566 1453 673 1480 metus
698 1452 731 1480 et
753 1448 947 1479 malesuada
969 1447 1074 1479 fames
1099 1458 1136 1479 ac
1159 1447 1262 1489 turpis
1287 1450 1428 1489 egestas.

501 1502 633 1544 antique
658 1511 751 1532 sacra
775 1500 935 1542 deamque
960 1500 1045 1532 colit.

502 1576 707 1617 ingeminans
731 1575 848 1606 iterum
873 1575 1056 1616 iterumque
1080 1574 1197 1605 vocati.

503 1627 567 1663 Hic
584 1626 761 1658 numadum
778 1637 881 1668 genus
902 1629 935 1657 et
952 1625 1122 1657 distinctas
1141 1625 1300 1657 mulciber
1316 1628 1412 1658 atros.

502 1679 647 1710 Plurima
669 1678 797 1710 niliacis
821 1677 951 1709 tradant
973 1677 1141 1709 mendatia
1163 1676 1272 1708 biblis.

502 1730 602 1761 Vivat
625 1730 784 1772 pacubius
809 1739 930 1771 quaeso
954 1729 1006 1760 vel
1029 1731 1164 1760 nestora
1187 1731 1326 1759 tantum.

503 1782 545 1813 Et
568 1781 691 1813 numidi
713 1781 831 1812 infreni
856 1781 990 1822 cingunt
1014 1783 1047 1812 et
1070 1780 1236 1822 inhospita
1260 1780 1368 1822 syrtis.

1472 230 1583 269 ovffi
1606 237 1663 285 E—{r
1679 231 1763 269 VIR

1471 288 1643 320 IVVENL

1781 339 1982 382 Lapidicinis
2001 336 2090 371 com'·

1472 391 1678 440 ORA'rlvs

1471 443 1675 475 MAROIAL

1793 382 1935 426 [ponitur
1947 393 1968 414 a
1979 382 2091 414 caedo.

1472 489 1612 531 QVINT
1625 487 1772 526 SEREN
1783 494 1957 526 Lascivitis
1977 497 2092 536 quarta

1471 561 1613 616 vinei,

1819 536 2017 581 [coniugatio
2030 539 2092 569 est.

1471 620 1518 651 LI
1782 614 1927 647 moritur.
1955 613 2090 647 merere.

1473 664 1612 707 QVINT
1637 664 1723 702 sm}

1471 716 1613 754 VIRGE

1472 767 1656 805 PRISIAN

1472 819 1613 857 VIRGE

1474 877 1663 909 STATIVS

1783 929 1949 962 mediocri.

1473 975 1681 1012 MARCIAE

1472 1026 1655 1064 LVORET

1473 1079 1617 1116 VIReE

1473 1129 1678 1168 MAROIAI]

1474 1182 1645 1220 IVVENE

1474 1233 1595 1271 PAVE

1474 1286 1630 1324 LVOAN

1475 1337 1599 1375 ΑΒΑΤ

1475 1389 1628 1428 LVGAN

1475 1442 1619 1480 VIRGE

1783 1392 1894 1424 malle.

1788 1574 1948 1608 Numitor.

1477 1618 1625 1656 VIRGIT

1478 1670 1565 1708 SEB

1477 1721 1650 1760 IVVENE

1477 1773 1625 1812 VIRGE

327 1945 376 1972 227
396 1947 455 1972 ouid
474 1950 499 1971 et
517 1946 561 1971 ui?
573 1945 612 1970 B:
625 1955 661 1970 αη
679 1950 762 1971 ortum
780 1950 816 1970 est
834 1953 864 1970 cx
878 1943 995 1978 Vi(talis)
1015 1945 1046 1970 de
1064 1943 1137 1978 libffi
1157 1945 1216 1970 dine
1234 1945 1282 1977 cfr.
1301 1944 1456 1970 Baehremis
1467 1942 1500 1977 Y)

1142 1986 1194 2012 238
1221 1988 1351 2019 sequentis
1369 1987 1402 2020 B,
1430 1988 1502 2012 ribus
1520 1987 1546 2012 Β

223 1990 270 2016 231
300 1995 367 2026 terre
386 1989 412 2014 Β

223 2033 274 2059 243
291 2034 374 2058 omnis
392 2041 457 2058 corr.
474 2032 499 2057 B
517 2033 605 2057 mirice
623 2032 742 2064 uirgulae
761 2031 786 2056 Β

415 2075 466 2101 255
484 2076 552 2101 Uiua
570 2075 602 2106 B,
622 2075 767 2107 pacuuiuus
786 2075 800 2099 b
853 2073 964 2106 nestora]
983 2082 1108 2107 super-scr.
1128 2074 1296 2100 aceusatiuus
1316 2074 1456 2107 singularis
1474 2082 1567 2106 grecus
1585 2073 1611 2098 Β

223 2086 269 2102 om.
291 2077 305 2101 b

326 2169 376 2195 227
395 2169 434 2195 At
452 2167 588 2202 Lapithas
606 2167 683 2194 Vitat.
702 2167 732 2193 de
749 2166 820 2193 libid.
839 2169 863 2193 et
882 2167 943 2192 vino
961 2167 1021 2199 (Bs.
1043 2166 1137 2193 PLM.
1151 2166 1203 2200 IV,
1219 2166 1279 2199 150)
1300 2166 1340 2192 10.

467 2220 519 2246 230
540 2219 608 2245 Hor.
632 2219 721 2252 Epist.
741 2219 780 2252 ΙΙ,
794 2220 817 2252 1,
831 2220 855 2245 5.

222 2273 309 2306 codd.)
334 2271 421 2298 Seren.
440 2270 512 2298 Sam.
533 2271 607 2297 1058.

223 2323 408 2358 deposuitque
430 2323 526 2349 decem
547 2323 580 2349 21
598 2322 681 2349 VAT.

222 2376 272 2402 237
296 2370 379 2402 1>ssss
398 2374 496 2409 [Prisc.
511 2374 608 2408 perieq.
624 2374 684 2407 718]
706 2374 756 2400 100
775 2373 857 2400 VAT.

454 2426 505 2452 242
528 2424 671 2451 muliebris
693 2424 775 2451 Imer.
797 2424 849 2457 IV,
865 2425 939 2451 1232.

225 2221 281 2254 111,
294 2221 353 2247 242.

224 2427 246 2460 1,
260 2427 301 2460 96,
317 2427 339 2453 7.

224 2486 318 2504 omnes
342 2478 392 2504 155
416 2477 501 2503 VAT.

223 2530 290 2556 Nat.
308 2529 338 2563 V,
351 2530 393 2556 94.

224 2582 273 2614 cfr.
304 2581 377 2606 Mus.
406 2580 493 2607 Rhen.
524 2580 636 2613 XLIV,
656 2580 717 2614 479]
745 2580 794 2606 217
819 2579 901 2606 VAT.

223 2633 273 2659 251
303 2632 403 2666 (Carm.
429 2632 460 2659 de
483 2632 587 2659 mensib.
607 2633 653 2658 Rs.
678 2632 772 2658 PLM.
791 2632 814 2665 1,
830 2631 882 2658 209
900 2639 922 2658 υ.
940 2631 994 2666 42.)

223 2685 290 2710 Aen.
319 2683 362 2716 ΙΙ,
382 2683 452 2718 770.)

223 2736 274 2762 254
287 2735 375 2762 Sedul.
389 2735 412 2768 Ι,
425 2735 467 2762 22,

225 2787 292 2813 Aen.
312 2786 364 2819 IV,
376 2786 418 2813 41.

534 1988 585 2014 232
612 1989 763 2014 cumulatior
781 1988 806 2012 Β
833 1988 987 2013 cumulatior
1005 1988 1019 2012 b

891 2030 942 2056 248
960 2035 1049 2056 aratus
1067 2031 1093 2055 B
1111 2034 1197 2056 arator
1217 2031 1231 2055 b

702 2271 753 2297 233
771 2271 839 2297 Aen.
859 2270 898 2303 II,
913 2270 936 2296 7.

946 2373 997 2400 238
1015 2373 1084 2399 Aen.
1096 2373 1148 2406 IV,
1159 2373 1201 2399 49.

617 2477 667 2503 244
692 2476 778 2502 Mart.
799 2476 888 2509 ΧΗΙ,
903 2476 961 2509 110,
977 2477 999 2502 1.

509 2530 559 2556 247
579 2529 646 2555 Luc.
666 2529 744 2562 Vm,
758 2529 817 2555 694.

969 2218 1019 2245 231
1044 2218 1140 2245 mittet
1166 2218 1250 2245 Mart.
1271 2217 1355 2250 XIV,
1371 2218 1427 2250 152,
1442 2218 1466 2244 1.

753 2322 804 2348 235
822 2323 907 2356 gustu
925 2330 1008 2356 sopor
1027 2321 1118 2355 Seren.
1131 2321 1203 2348 Sam.
1222 2321 1274 2348 989
1293 2321 1343 2353 cfr.
1360 2320 1442 2347 VAT.
1462 2321 1503 2347 37.

1287 2373 1337 2399 239
1358 2372 1427 2399 Stat.
1443 2372 1521 2399 Theb.
1537 2372 1591 2406 XI,
1604 2372 1646 2399 27.

1050 2424 1101 2450 243
1124 2431 1192 2450 nom.
1216 2432 1265 2464 om,
1285 2418 1372 2458 [Vffi
1390 2424 1551 2458 pradiyitur
1569 2424 1634 2457 149,
1661 2426 1698 2450 est
1720 2423 1778 2450 Ed.
1796 2423 1845 2455 IV,
1858 2423 1885 2458 2]

1113 2476 1164 2502 245
1186 2476 1235 2508 cfr.
1254 2483 1341 2509 supra
1358 2484 1380 2502 υ.
1398 2476 1440 2503 54.

931 2528 983 2554 248
1001 2522 1079 2555 ARA’
1100 2528 1154 2562 [sed
1175 2530 1210 2555 est
1233 2527 1365 2560 Walahfr.
1391 2527 1476 2554 strab.
1500 2528 1549 2554 vol.
1574 2527 1615 2560 ΙΙ,
1631 2527 1682 2554 279
1706 2535 1728 2554 e.
1747 2528 1771 2561 1,
1791 2532 1832 2559 ιν,
1852 2527 1885 2554 16

1025 2580 1076 2606 249
1102 2579 1231 2614 tyrannis
1261 2579 1331 2606 Luc.
1358 2579 1395 2613 X,
1414 2579 1472 2606 269.

1110 2631 1162 2658 252
1186 2631 1355 2665 <iterumque
1366 2631 1514 2658 —iterum
1530 2640 1551 2664 y
1565 2646 1598 2649 —
1610 2630 1767 2664 iterumque
1785 2630 1885 2657 vocavi

1571 1943 1623 1970 230
1640 1945 1740 1977 gratius
1752 1944 1777 1969 B
1789 1944 1858 1970 Maf.
1874 1946 1888 1970 lv

1667 1986 1719 2013 239
1736 1988 1843 2014 Massile
1863 1987 1888 2013 B

1337 2030 1388 2056 253
1406 2031 1526 2056 distincto
1545 2031 1567 2062 b,
1584 2038 1656 2055 asros
1674 2031 1688 2055 b
1759 2030 1811 2057 254
1828 2030 1885 2065 Βμ]

1434 2165 1486 2192 228
1503 2166 1564 2193 Iuv.
1583 2166 1607 2199 I,
1621 2166 1664 2192 32.
1757 2166 1808 2192 229
1827 2166 1886 2194 Ιαυ.

1579 2218 1630 2244 232
1655 2217 1821 2244 cumulatior
1845 2219 1887 2250 (ut

1024 2269 1076 2296 234
1093 2269 1156 2296 LIV
1174 2269 1234 2304 [sed
1251 2272 1288 2296 est
1301 2269 1388 2296 Mart.
1402 2269 1457 2302 IX,
1471 2269 1513 2302 59,
1527 2270 1561 2296 14
1579 2269 1759 2304 seposuitque
1777 2269 1885 2303 decem]

1575 2320 1626 2347 236
1644 2321 1712 2348 Am.
1731 2320 1811 2354 VHL
1827 2321 1886 2348 727.

1734 2372 1784 2399 241
1798 2372 1886 2399 Man.

1555 2476 1606 2503 246
1627 2475 1700 2502 muri
1719 2475 1801 2502 Paul.
1820 2474 1882 2502 Nol.

1596 2579 1648 2606 250
1671 2579 1739 2606 Am.
1758 2579 1804 2612 VI,
1825 2579 1884 2606 276.

576 2684 628 2710 253
655 2683 813 2710 Nomadum
842 2682 1006 2716 (numadum
1029 2684 1058 2716 y)
1077 2698 1111 2702 —
1129 2682 1279 2710 discinctos
1298 2698 1330 2702 -
1349 2682 1430 2710 Afros
1457 2684 1542 2714 (atros
1565 2684 1596 2716 y)
1626 2683 1696 2709 Aen.
1721 2682 1805 2715 VHI,
1826 2682 1884 2709 724.

563 2736 614 2762 255
627 2735 765 2762 Pacuvius
778 2734 924 2769 (pacubius
937 2734 1002 2767 PF)
1011 2749 1044 2753 —-
1055 2735 1146 2763 totum
1159 2734 1196 2766 (P
1203 2730 1315 2761 tantum
1325 2733 1364 2768 F)
1377 2734 1435 2763 Iuv.
1448 2734 1520 2767 XII,
1532 2734 1589 2760 128.

1681 2734 1732 2760 256
1741 2733 1882 2760 Numidae

2055 1326 2092 3094 mdQumm-.m...—„
2089 1275 2092 1279 .
2087 1214 2092 1242 ..
