2060 3074
241 161 302 191 548
811 157 990 185 IOHANNIS
1009 157 1137 184 SCOTTI
1156 157 1332 184 CARMINA.

1054 279 1084 301 11.

608 331 747 362 Lumine
772 329 899 361 sidereo
922 328 1097 372 Dionysius
1120 330 1211 361 auxit
1234 328 1380 361 Athenas

653 381 863 423 Ariopagites
886 381 1139 423 magnificusque
1162 381 1292 424 sophos,

609 433 717 464 Primo
742 435 921 464 commotus
944 432 1080 469 Phoebo
1104 432 1263 464 subeunte
1288 432 1419 473 Selene,

652 484 816 526 Tempore
841 495 904 526 quo
929 487 1038 516 stauro
1061 484 1145 516 fixus
1169 487 1239 516 erat
1262 484 1419 516 dominus.

551 551 562 568 5
607 537 684 568 Mox
707 539 744 568 ut
766 547 939 568 conversus
962 536 1043 567 mira
1066 537 1266 579 stupefactus
1290 537 1437 580 elympsi,

652 588 868 630 Consequitur
890 587 1036 630 gaudens
1059 588 1214 620 Ierothea
1237 588 1363 620 ducem.

609 641 680 678 Quo
703 651 781 672 mox
806 639 940 672 edoctus
963 640 1149 682 praeclarus
1172 651 1312 683 namque
1335 641 1493 683 magister

651 692 840 725 Pneumatis
864 692 986 724 excelsi
1010 692 1098 724 fonte
1122 695 1254 724 renatus
1277 696 1355 725 erat.

609 745 678 777 Ncc
701 755 805 776 mora:
830 744 1019 786 perfulgens
1043 744 1192 776 caelestis
1215 745 1287 776 luce
1311 745 1445 787 sophiae

541 810 565 828 ιο
652 796 783 828 Attidas
807 795 947 836 edocuit,
972 795 1012 828 de
1036 795 1153 838 quibus
1177 798 1264 828 ortus
1287 795 1390 828 adest.

608 848 757 890 Namque
781 848 888 880 ferunt
909 847 1057 889 Paulum,
1082 848 1136 891 qui
1159 848 1322 880 Christum
1345 848 1462 890 sparsit
1483 848 1517 879 in
1540 848 1663 888 orbem,

653 900 720 943 Ipsi
743 899 854 932 felices
878 900 1070 942 imposuisse
1093 911 1216 932 manus.

609 952 670 983 Ast
693 963 769 983 mox
794 952 956 994 perfectus
980 951 1120 984 doctoris
1144 952 1348 995 symmachus
1370 953 1471 985 instar

652 1003 753 1035 Rexit
776 1003 972 1046 Cecropidas
995 1004 1133 1046 pervigil
1157 1004 1351 1036 archiereus.

539 1069 563 1087 ιι,
608 1055 686 1087 Alta
713 1055 828 1087 dehinc
852 1056 990 1087 volitans
1013 1055 1151 1087 Paulum
1175 1066 1273 1099 super
1295 1059 1382 1087 astra
1405 1059 1535 1088 secutus

653 1107 799 1149 Empyrii
823 1107 905 1139 caeli
928 1108 1025 1139 tertia
1047 1118 1149 1150 regna
1170 1107 1269 1140 videt.

610 1159 750 1202 Suspicit
773 1162 807 1190 at
829 1159 1003 1202 seraphym
1027 1160 1148 1202 primos
1170 1162 1363 1202 sanctosque
1387 1160 1564 1202 cherubym

652 1211 901 1253 Aethereosque
926 1211 1068 1252 thronos,
1093 1223 1156 1254 quo
1180 1211 1274 1243 sedet
1296 1212 1366 1254 ipse
1390 1211 1485 1249 deus;

609 1264 688 1295 Post
710 1263 769 1295 hos
793 1263 937 1304 virtutes,
961 1263 1144 1295 dominatus
1167 1266 1265 1306 atque
1288 1266 1440 1307 potentes

540 1328 566 1347 20
652 1314 845 1357 Agminibus
868 1315 966 1347 sacris
989 1315 1092 1347 enitet
1115 1315 1196 1347 ordo
1219 1326 1374 1359 sequens;

610 1368 748 1398 ὰΡΧωΝ
773 1368 1016 1399 ΔΡΧΔΓΕΛωΝ
1039 1369 1094 1399 ΤΕ
1118 1369 1264 1400 ΧΟΡωΝ
1289 1369 1455 1399 ‹ire-:Atura
1478 1369 1534 1399 ΤΕ
1557 1368 1780 1399 ΤΕΛΔΥΓωΝ

653 1419 818 1451 Mentibus
842 1420 982 1462 oyraniis
1005 1420 1102 1452 tertia
1124 1421 1210 1452 taxis
1232 1421 1325 1452 inest.

608 1471 678 1503 Hos
700 1472 798 1514 igitur
821 1482 971 1503 numeros
994 1475 1086 1504 terno
1110 1474 1160 1504 ter
1183 1472 1285 1504 limite
1309 1474 1419 1514 septos

652 1523 816 1556 Praedicti
839 1524 939 1566 patris
962 1524 1098 1567 mystica
1120 1524 1206 1556 dicta
1230 1523 1356 1556 docent.

345 1673 390 1707 [ιι]
411 1673 424 1699 l
443 1673 550 1706 sydereo
573 1673 619 1698 OB
657 1673 783 1698 dionisius
801 1671 900 1697 PFOB
969 1671 986 1697 3
1004 1675 1120 1697 comotus
1138 1673 1163 1698 P
1230 1671 1246 1697 4
1264 1676 1350 1705 stayro
1373 1672 1420 1698 OB
1488 1672 1505 1697 5
1524 1674 1584 1698 Mox
1603 1676 1629 1698 et
1650 1672 1697 1698 OB
1736 1670 1835 1705 eclypsi
1851 1671 1899 1697 OB

241 1718 255 1743 7
271 1722 349 1743 totum
365 1725 465 1742 versum
483 1725 532 1741 om.
546 1716 571 1740 P
621 1716 671 1748 Qui
693 1715 740 1740 OB
828 1714 862 1740 10
879 1715 989 1748 Attydas
1007 1715 1033 1740 P
1048 1716 1148 1741 Atticas
1170 1715 1217 1740 OB
1273 1716 1363 1741 hortus
1380 1715 1410 1740 F
1423 1719 1492 1741 ottus
1510 1716 1536 1741 P
1587 1716 1660 1741 adest
1672 1714 1734 1748 PF]
1752 1719 1779 1740 et
1797 1718 1837 1741 ent
1851 1714 1899 1740 ΟΒ

240 1765 295 1786 erat
313 1769 328 1788 ς
404 1760 436 1785 12
455 1768 540 1785 nanus
558 1759 583 1784 P
654 1757 686 1784 13
704 1759 843 1791 symachus
861 1758 887 1783 P
902 1759 1058 1784 simmachus
1077 1758 1106 1783 F
1146 1759 1228 1784 instar
1240 1757 1275 1791 P]
1294 1759 1393 1784 instans
1411 1758 1488 1784 FOB
1505 1759 1560 1792 ipse
1578 1766 1594 1787 ς
1663 1757 1696 1784 14
1707 1759 1864 1792 archyereus
1875 1757 1901 1783 P

243 1804 275 1830 15
294 1804 343 1829 sub
361 1804 386 1829 P
476 1803 507 1828 16
526 1803 631 1835 Empirii
650 1802 699 1827 PB
752 1802 832 1827 tercia
850 1801 902 1834 (hic
919 1806 943 1827 et
960 1801 1074 1835 saepem)
1093 1802 1118 1827 P
1204 1801 1235 1827 17
1254 1802 1366 1835 Suscipit
1384 1802 1410 1827 P
1454 1811 1485 1827 ac
1505 1802 1553 1827 OB
1604 1802 1735 1834 saraphim
1754 1801 1799 1834 (qs.
1816 1809 1899 1833 cupra

241 1849 265 1872 11
278 1855 297 1872 11
311 1846 337 1878 7)
356 1847 385 1872 F
442 1847 575 1872 cherubim
588 1846 617 1871 F
695 1845 726 1871 18
744 1846 929 1878 Aetheriosque
947 1849 1034 1871 tronos
1046 1846 1072 1871 P
1148 1845 1180 1871 21
1200 1843 1423 1873 ΤΕΛὸΥΓωΝ
1437 1845 1494 1879 ΡΟ]
1514 1842 1740 1873 ΤΕΛΛΥΤωΝ
1753 1844 1815 1870 FB.-
1833 1847 1899 1870 recle

241 1891 359 1916 Flauius
383 1891 564 1923 interpretatus
582 1894 618 1915 est
637 1889 780 1922 τηλαυγῶν
797 1898 878 1921 ‘neque
896 1889 1076 1922 corriqendum
1098 1893 1134 1915 est
1151 1887 1292 1919 τελευτῶν,
1315 1897 1378 1913 nam
1395 1893 1423 1914 ut
1441 1890 1477 1914 aie
1496 1889 1636 1922 Dionysius
1653 1889 1752 1914 caelest.
1770 1887 1898 1914 lnior-arch,

242 1934 287 1959 IX
303 1934 320 1959 2
344 1934 382 1959 ed.
409 1933 515 1959 Ου’-ἄεν.
535 1942 599 1965 pay.
618 1932 652 1958 86
680 1931 786 1966 μᾶλλον
813 1931 881 1965 πρός
906 1931 987 1966 ἡμῶν
1015 1930 1127 1965 ἄγγελοι.
1150 1930 1226 1965 παρά
1253 1930 1315 1959 τούς
1336 1930 1485 1966 προτέρους
1508 1930 1672 1965 οἰκειότερον
1697 1927 1900 1965 ὀνομαζόμενοι

241 1976 296 2011 ὅσῳ
315 1975 361 2002 καὶ
379 1975 439 2010 περὶ
459 1975 490 2001 τό
509 1975 717 2010 ἐμφανέστερον
736 1972 828 2004 αὐτοῖς
846 1975 921 2001 ἐστιν
939 1975 957 2009 ἦ
972 1974 1104 2010 >ἱεροερχίἰέ
1122 1974 1168 2000 καὶ
1185 1974 1290 2008 μᾶλλον
1306 1973 1484 2009 περικόσμιος
1501 1975 1576 2008 (quae
1593 1975 1670 2000 verba
1682 1975 1755 2000 vertit
1767 1974 1899 2000 Iohannes

241 2021 313 2053 apud
326 2019 403 2046 Floes
418 2029 480 2052 paq.
495 2019 561 2045 1056
580 2023 605 2045 et
624 2020 705 2052 magis
723 2020 792 2052 apud
810 2028 858 2045 nos
875 2020 961 2052 angeli
980 2028 1058 2052 quam
1078 2020 1174 2053 priores
1193 2020 1280 2052 aptius
1293 2019 1420 2044 nominati
1438 2022 1563 2051 quantum
1581 2023 1607 2045 et
1625 2019 1694 2044 circa
1710 2018 1899 2051 significantius

241 2065 302 2097 ipsis
321 2068 360 2089 est
378 2063 505 2088 ierarchia
522 2066 548 2088 et
566 2063 648 2096 magis
667 2063 886 2095 circumornatus5
906 2064 940 2096 cf.
959 2063 1072 2089 eiusdem
1089 2063 1194 2095 exponit.
1213 2063 1253 2088 ed.
1272 2062 1350 2088 Floss
1367 2071 1426 2095 pay.
1439 2061 1502 2093 213)
1589 2061 1624 2087 22
1641 2061 1744 2095 oyranis
1766 2061 1814 2086 OB

346 2149 422 2175 3—8
442 2147 498 2175 Iol».
517 2147 597 2174 Soott.
616 2147 648 2174 de
667 2147 797 2182 Dionysii
814 2156 924 2182 operum
943 2148 1120 2174 translatione
1143 2146 1179 2173 ad
1197 2147 1292 2173 Karoz.
1314 2147 1386 2173 Calv.
1410 2147 1449 2174 ed.
1469 2147 1549 2174 Floss
1566 2155 1630 2181 pay.
1646 2147 1725 2174 1032:
1750 2145 1899 2180 Dionysius

243 2200 339 2227 divino
367 2199 502 2226 miraculo
530 2199 628 2226 solaris
652 2199 798 2234 eclipseos,
827 2209 900 2234 quae
925 2201 1000 2227 facta
1026 2201 1069 2226 est
1095 2200 1203 2226 confixo
1227 2199 1337 2226 Christo
1361 2199 1450 2226 crucis
1475 2199 1617 2234 patibulo,
1644 2200 1811 2226 commotus:
1837 2199 1898 2234 ipse

241 2251 388 2286 siquidem,
409 2253 440 2278 ut
459 2251 487 2277 in
507 2251 628 2285 quadam
647 2260 759 2279 suarum
779 2252 964 2287 epistularum
983 2253 1029 2287 (cf.
1048 2260 1135 2286 supra
1151 2252 1188 2278 ad
1207 2252 1244 2279 VI
1258 2251 1286 2284 4)
1305 2252 1512 2282 commemorat,
1530 2251 1597 2278 dum
1616 2252 1689 2278 esset
1706 2250 1786 2278 iuxta
1803 2250 1899 2278 Helio-

241 2303 328 2338 polim
348 2312 411 2330 cum
430 2303 585 2337 Polycarpo
605 2303 736 2338 episcopo
754 2304 909 2338 ceterisque
929 2304 977 2338 qui
997 2306 1065 2331 tunc
1082 2305 1213 2337 aderant,
1238 2304 1335 2331 divina
1358 2305 1526 2338 procurante
1545 2303 1723 2338 providentia
1741 2303 1899 2330 mimbilem

241 2355 271 2382 in
290 2355 402 2382 modum
421 2356 604 2389 conspexerat
622 2355 719 2382 lunam
738 2356 790 2383 soli
809 2357 976 2384 subeuntem
995 2365 1028 2383 ac
1046 2366 1096 2391 per
1114 2357 1166 2384 hoc
1185 2357 1270 2384 solem
1289 2355 1432 2387 defecisse;
1451 2364 1571 2390 moxque
1588 2355 1793 2382 sanctissimum
1807 2355 1899 2382 virum

241 2407 431 2441 apostolorum
460 2407 629 2441 discipulum
658 2408 817 2435 Ierotheum
842 2408 975 2435 videlicet
1002 2408 1163 2443 episcopum
1186 2410 1310 2440 secutus,
1335 2407 1414 2434 cuius
1439 2407 1468 2433 in
1493 2407 1578 2434 tertio
1601 2407 1684 2434 huius
1712 2407 1803 2441 operis
1826 2406 1898 2434 libro

243 2459 402 2485 memoriam
426 2459 495 2485 facit
518 2459 566 2492 (cd.
588 2459 667 2486 Floss
688 2469 751 2494 pay.
769 2461 846 2492 1127)
875 2460 1051 2495 eundemque
1081 2448 1246 2496 magistrum
1271 2469 1352 2487 suum
1375 2459 1563 2486 venerabilem
1591 2458 1720 2486 nominat
1744 2458 1898 2493 ceterisque

242 2511 309 2537 tunc
329 2511 462 2545 temporis
481 2511 652 2546 coepiscopis
672 2513 736 2546 post
755 2512 897 2546 apostolos
915 2513 946 2539 in
964 2513 1109 2547 theologia
1126 2513 1267 2547 praeferre
1285 2520 1342 2539 non
1360 2511 1483 2539 dubitat.
1554 2511 1655 2538 11—14
1674 2510 1729 2537 lah.
1743 2510 1822 2538 Scott.
1835 2510 1897 2537 and.

241 2562 329 2588 fertur
347 2562 496 2596 Dionysius
519 2563 603 2590 fuisse
626 2563 779 2598 discipulus
804 2565 890 2598 atque
916 2564 1029 2591 adiutor
1048 2564 1128 2591 Pauli
1152 2563 1286 2598 apostoli,
1309 2572 1327 2590 a
1349 2572 1405 2597 quo
1428 2563 1641 2590 Atheniensium
1663 2562 1834 2590 constitutus
1856 2563 1899 2588 est

246 2613 399 2648 episcopus.
490 2615 601 2641 17—22
621 2614 662 2648 Cf.
681 2615 718 2641 ad
736 2615 831 2642 11:17.
