2060 3074
258 193 320 224 580

553 444 578 462 40

556 703 580 722 45

558 980 584 999 50

561 1240 586 1259 55

562 1500 588 1519 60

564 1758 590 1778 65

568 2020 593 2039 '10

570 2280 594 2299 75

572 2558 597 2577 80

914 186 1066 214 MILONIS
1085 185 1261 213 GARMINA.

624 275 835 317 Exueretque
859 273 1007 305 homines
1031 275 1115 304 tetra
1138 272 1275 314 caligine
1300 272 1428 312 multos,

626 327 787 359 Gentibus
810 329 845 357 et
867 325 964 357 variis
987 324 1086 356 divini
1109 324 1233 356 semina
1254 324 1346 356 verbi

626 379 803 421 Spargeret
828 380 860 409 et
883 379 1024 409 meteret
1048 375 1174 408 Christo
1198 376 1375 407 auxiliante
1398 374 1568 418 maniplos,

622 430 780 472 Principis
803 429 947 471 imperiis
971 428 1155 471 compulsus
1178 428 1430 470 pontificumque

624 481 780 513 Devictus
804 481 934 512 monitis
959 483 1009 512 est
1032 480 1136 512 factus
1160 481 1331 523 episcopus
1355 482 1399 520 et,
1422 479 1510 522 quod

626 534 697 565 Iam
720 532 846 575 pridem
869 533 993 564 meritis
1016 532 1132 571 fuerat,
1156 535 1232 563 tunc
1255 531 1367 563 ordine
1391 532 1537 574 sumpsit.

624 586 695 617 Nec
718 585 830 617 sedem
853 585 1017 628 propriam
1041 585 1183 627 suscepit
1204 584 1436 627 pontificalem,

628 637 694 670 Sed
717 638 816 669 veluti
837 637 957 669 Paulus
979 637 1116 680 populos
1139 636 1312 679 adgressus
1336 646 1425 676 eoos,

626 690 680 722 Sic
702 690 763 721 iste
788 689 938 722 occiduas
960 692 1070 731 partes
1093 689 1296 720 transmissus
1319 687 1428 728 adivit,

628 741 787 773 Gentibus
811 744 844 773 et
867 742 986 784 sparsis
1008 741 1124 783 sparsit
1146 741 1201 783 pia
1223 740 1323 772 verba
1345 740 1467 771 salutis.

671 811 732 843 III.
764 810 886 851 Gallia,
910 810 1017 852 gaude
1040 810 1170 842 alacris:
1195 809 1382 852 praeclarus
1405 808 1571 850 apostolus
1594 808 1655 839 iste
1679 810 1729 839 est

629 863 777 895 Donatus
800 863 943 894 tibimet:
969 862 1116 894 dominus
1140 872 1213 893 cum
1236 861 1381 893 mitteret
1403 860 1474 892 orbi

630 915 769 947 Lumina
794 915 962 947 doctorum
985 924 1045 946 ceu
1068 914 1179 946 stellas
1202 914 1274 945 luce
1298 913 1450 952 nitentes,

628 967 719 999 Tunc
741 967 800 998 tibi
823 970 910 998 sorte
934 967 989 1009 pia
1011 969 1156 998 nostrum
1180 965 1322 997 servavit
1344 963 1539 996 Amandum.

633 1019 704 1055 Quo
728 1018 854 1050 radiata
876 1019 930 1061 pio
954 1019 1108 1050 virtutum
1132 1018 1252 1049 lumine
1276 1017 1363 1049 facta
1387 1027 1423 1048 es

631 1070 810 1113 Splendida
833 1070 1003 1112 terrigenis
1027 1069 1150 1112 quadro
1174 1069 1233 1101 sub
1257 1069 1385 1100 climate
1409 1068 1542 1104 clausis3

632 1123 697 1154 Per
720 1133 816 1165 quem
841 1123 1014 1154 celsitrono
1039 1121 1174 1154 credens
1197 1122 1230 1153 in
1253 1120 1384 1152 saecula
1406 1120 1478 1162 regi

634 1175 771 1217 Semper
794 1175 856 1206 eris
880 1177 1037 1214 sanctum,
1061 1174 1244 1216 speciosum
1268 1175 1301 1204 et
1322 1172 1431 1204 nobile
1455 1181 1608 1214 regnum;

631 1227 694 1263 Qui
716 1230 760 1267 te,
784 1227 974 1268 conspicuus
998 1236 1070 1258 cum
1092 1225 1192 1257 iudex
1214 1225 1341 1258 venerit
1365 1224 1462 1263 orbis,

632 1278 783 1321 Undique
807 1278 986 1319 collectam,
1010 1288 1070 1310 ceu
1093 1280 1204 1320 pastor
1228 1277 1335 1317 ovilia,
1360 1276 1458 1308 ducet

633 1330 686 1362 Ad
710 1330 828 1362 Christi
851 1331 976 1370 solium,
999 1330 1134 1362 veniens
1158 1339 1221 1372 quo
1245 1339 1380 1360 munera
1402 1328 1512 1370 magni

633 1382 798 1424 Percipies
822 1381 942 1414 domini
964 1384 1054 1413 tanto
1077 1384 1257 1424 praeeunte
1279 1383 1427 1423 patrono,

634 1434 757 1466 Audiet
780 1438 813 1466 et
835 1435 951 1466 summi
974 1444 1088 1466 vocem
1110 1433 1248 1476 pastoris
1271 1432 1455 1464 Amandus:

633 1486 747 1528 ⁴Euge,
771 1497 864 1518 serve
887 1486 983 1526 bone,
1007 1486 1148 1518 aeternis
1171 1486 1295 1526 laetare
1319 1484 1464 1526 tropheis

635 1539 688 1579 Et,
712 1539 791 1570 mihi
815 1539 869 1581 qui
893 1538 1055 1580 quondam
1078 1538 1187 1569 fueras
1210 1538 1243 1569 in
1267 1547 1371 1579 pauca
1393 1535 1510 1576 fidelis,

635 1590 738 1622 Multa
761 1600 859 1632 super
880 1592 1021 1621 statuam
1044 1592 1092 1621 te:
1117 1589 1160 1621 ad
1183 1588 1303 1631 gaudia
1325 1591 1435 1620 nostra
1457 1586 1621 1630 perintra’.

637 1642 792 1684 Tuncque
817 1642 876 1674 tibi
899 1652 974 1673 caro
998 1641 1119 1684 populo
1143 1651 1203 1672 rex
1226 1641 1305 1672 talia
1328 1639 1427 1672 dicet:

637 1693 738 1726 ‘Grex
761 1693 945 1733 benedicte,
970 1693 1054 1733 veni,
1078 1703 1215 1735 regnum
1238 1693 1303 1724 iam
1327 1702 1417 1724 sume
1441 1694 1601 1734 paratum,

634 1744 824 1782 Quaesitum
847 1745 944 1777 sacris
967 1745 1090 1776 meritis
1113 1745 1154 1777 ab
1180 1744 1304 1786 origine
1327 1738 1460 1776 mundi'.

638 1797 755 1837 Gallia,
778 1800 870 1828 tanta
893 1797 939 1828 tui
963 1806 1071 1828 sumes
1093 1799 1170 1828 tunc
1194 1805 1330 1827 munera
1352 1795 1449 1837 regis,

637 1849 741 1881 Actus
763 1848 925 1891 magnifici
947 1848 974 1879 si
996 1858 1080 1880 nunc
1102 1848 1238 1879 imiteris
1260 1847 1414 1887 Amandi,

639 1902 712 1942 Qui,
738 1901 846 1933 docuit
869 1900 1106 1943 quodcumque,
1130 1910 1187 1931 suo
1212 1899 1388 1942 complevit
1411 1901 1444 1931 et
1467 1901 1556 1935 actu;

640 1954 703 1990 Qui
725 1954 845 1996 iugiter
867 1962 993 1985 sacrum
1017 1963 1149 1984 servans
1171 1952 1302 1994 pietatis
1325 1961 1481 1991 amorem,

636 2006 688 2046 Et,
713 2016 777 2048 qua
799 2006 914 2048 plenus
939 2007 1019 2045 erat,
1043 2005 1167 2036 vultum
1190 2003 1337 2035 bonitate
1361 2013 1514 2034 serenans

639 2058 721 2090 Visu
742 2057 913 2100 prodebat,
937 2066 1021 2099 quae
1044 2055 1185 2098 pectoris
1209 2065 1285 2086 arca
1308 2057 1446 2094 teneret,

640 2110 773 2142 Sobrius
796 2112 830 2141 et
852 2119 948 2140 sensu
970 2107 1132 2140 renitebat
1155 2116 1290 2149 corpore
1314 2108 1420 2138 castus

639 2163 813 2204 Largaque
837 2160 1037 2204 pauperibus
1060 2159 1244 2202 praebebat
1267 2158 1353 2190 dona
1374 2158 1543 2200 benignus.

640 2215 726 2246 Hinc
749 2217 848 2256 atque
871 2213 946 2245 hinc
969 2211 1113 2244 medium
1130 2211 1206 2243 dum
1228 2221 1262 2242 se
1286 2210 1466 2242 conformat
1485 2210 1527 2242 ad
1548 2220 1670 2250 omnes,

639 2266 801 2298 Divitibus
825 2265 926 2306 dives,
948 2275 1075 2307 pauper
1096 2264 1238 2309 sociatur
1262 2263 1384 2305 egenis.

643 2318 707 2355 Qui
729 2318 808 2360 vigil
831 2320 865 2349 et
886 2317 1024 2359 vigilans
1048 2315 1160 2348 orandi
1183 2315 1312 2347 deditus
1335 2314 1423 2346 omni

642 2371 805 2413 Tempore
828 2380 945 2412 parcus
969 2371 1039 2400 erat
1061 2378 1210 2400 sermone
1235 2367 1408 2409 animoque
1431 2366 1549 2399 suavis.

687 2441 744 2473 IV.
769 2440 832 2476 Qui
855 2441 983 2471 sanctus
1006 2437 1171 2470 hominum
1195 2437 1375 2469 dissolvens
1397 2436 1458 2468 ritc
1482 2438 1624 2476 catenas,

645 2493 679 2524 Si
703 2503 822 2534 pucros
845 2492 970 2534 aliquos
993 2491 1138 2533 captivos
1162 2490 1245 2522 forte
1269 2489 1396 2522 videret

640 2545 708 2576 Aut
730 2555 820 2576 mare
844 2546 1044 2575 transvectos
1067 2542 1199 2574 venales
1223 2551 1357 2573 cernere
1381 2541 1496 2583 quiret,

979 2594 994 2608 X

382 2693 414 2719 37
435 2695 582 2725 Exurevque
595 2692 619 2717 A

281 2736 314 2762 53
336 2737 455 2769 Hiucque
468 2737 493 2762 A
580 2735 614 2761 68
637 2736 819 2768 quodqumque
834 2734 857 2759 A

707 2690 741 2717 38
765 2695 788 2717 ει
806 2690 840 2716 39
863 2699 911 2716 om.
925 2690 950 2715 B
985 2680 989 2682 “
1036 2689 1071 2715 44
1093 2697 1233 2723 aggressus
1249 2689 1275 2714 B
1362 2687 1396 2713 53
1418 2687 1611 2714 celsithronoB
1697 2685 1732 2712 54
1757 2687 1896 2721 spatiosam
1909 2685 1934 2711 Δ

280 2789 385 2812 corpore
403 2784 488 2806 castus
512 2784 588 2813 atque
606 2780 672 2805 iuter
698 2780 792 2805 divites
810 2783 836 2804 et
861 2787 988 2812 pauperes
1011 2778 1112 2804 medius
1130 2797 1154 2803 ..
1173 2777 1271 2810 vigiliis
1294 2780 1372 2809 atque
1395 2775 1555 2801 orationibus
1580 2773 1692 2806 deditus)

282 2824 395 2848 Harster

947 2733 980 2759 72
998 2742 1103 2766 corpore
1122 2731 1194 2766 Neff]
1218 2736 1320 2766 pectore
1335 2731 1413 2757 AVB
1437 2731 1628 2763 (Boudemwnd.
1649 2730 1711 2756 119
1729 2739 1807 2756 sensu
1825 2730 1934 2760 sobrius,

1780 2772 1813 2799 76
1838 2773 1935 2799 orando
