2040 2996
257 99 315 129 108
821 96 989 123 AUDRADI
1007 96 1134 123 MODICI
1153 96 1329 123 CARMINA.

616 183 746 215 Dudum
770 195 828 227 pro
851 185 976 216 meritis
1000 185 1119 216 Iuliani
1143 183 1278 216 callidus
1301 184 1414 225 hostis,

617 235 746 267 Mutent
768 240 804 268 ut
827 238 973 278 genitum
996 247 1122 279 poenae
1146 240 1347 278 matremque
1370 237 1517 269 relictam
1541 257 1580 262 —

521 293 560 312 2³⁰
616 286 678 318 His
701 290 838 320 mortem
863 288 987 329 differt,
1011 289 1124 320 horum
1147 289 1320 331 prolongat
1343 299 1496 331 agonem;

616 338 659 370 Et
682 339 792 381 gladio
815 339 1010 372 obtruncans
1033 340 1083 372 bis
1108 340 1209 372 denos
1233 341 1471 382 caelicolamm,

617 390 751 433 Septem
775 390 950 433 germanos
974 393 1052 424 arsit
1074 403 1131 435 pro
1154 393 1285 425 nomine
1309 392 1441 425 Christi.

617 442 761 478 Quorum
785 454 860 475 mox
883 444 1008 476 animas
1033 444 1131 487 digno
1156 445 1300 477 salvator
1322 445 1444 477 honore

618 494 776 526 Cantibus
800 496 1015 538 angeliciset
1038 497 1147 539 magni
1170 497 1268 529 laude
1291 497 1446 540 triumphi

519 553 556 572 2³5·
619 546 814 578 Exhilarans
840 548 922 579 caeli
945 549 1092 590 gaudens
1116 549 1249 591 collegit
1271 549 1304 580 in
1327 560 1446 582 arcem.

430 606 594 632 AUDRADI
613 605 740 632 MODICI
760 606 968 633 PASSIONUM
988 607 1189 634 BEATORUM
1208 608 1350 634 IULIANI
1369 607 1416 634 ET
1435 608 1620 636 SOCIORUM
1639 611 1720 638 EIUS

837 650 944 677 LIBER
963 651 1120 678 TERTIUS
1139 651 1315 678 EXPLICIT.

766 836 940 873 INCIPIT
968 836 1111 873 LIBER
1138 836 1380 881 QUARTUS.

250 925 305 947 01·
660 920 808 952 Luxerat
831 923 865 953 et
888 921 975 953 celso
999 921 1148 963 fulgebat
1170 921 1323 953 Phoebus
1348 921 1512 965 Olimpho.

617 971 716 1004 Cuius
741 972 817 1004 dum
839 975 978 1016 temptat
999 973 1108 1004 radios
1132 973 1324 1015 extinguere
1347 973 1436 1005 fumo

615 1023 802 1056 Marcianus
827 1025 923 1056 solita
945 1024 1094 1056 residens
1117 1024 1151 1056 in
1175 1024 1253 1056 sede
1276 1024 1422 1056 tirannus

618 1077 769 1120 Quinque
793 1079 902 1117 vocat,
927 1076 1048 1108 dudum
1073 1086 1153 1119 quos
1177 1075 1315 1107 callidus
1338 1079 1407 1108 arte
1430 1076 1546 1108 beatos

546 1138 557 1157 5
617 1130 690 1163 Hac
713 1130 774 1162 sibi
800 1129 924 1161 servari
945 1129 1082 1160 fratrum
1104 1131 1181 1171 post
1203 1128 1318 1160 funera
1340 1128 1426 1169 fecit,

616 1182 775 1215 Omnibus
798 1185 835 1213 ut
856 1181 987 1224 poenis,
1010 1181 1179 1213 tormentis
1204 1184 1238 1213 et
1260 1181 1405 1212 cruciatu

614 1234 764 1266 Afflictos
787 1233 918 1265 taudem
942 1235 1038 1275 cogat
1061 1233 1182 1265 servire
1206 1233 1339 1265 metallo

615 1286 659 1318 Et
682 1286 784 1318 facies
808 1278 889 1317 lucis
913 1285 1056 1317 maculet
1079 1285 1276 1317 ncbulonius
1300 1284 1423 1317 ambro.

617 1338 764 1380 Cumque
788 1337 850 1369 viri
874 1336 981 1368 sancti
1005 1336 1169 1378 fulgerent
1191 1339 1267 1369 ante
1290 1337 1446 1376 tribunal,

538 1398 562 1416 10
616 1390 732 1433 Coepit
754 1390 788 1421 in
811 1389 895 1421 hanc
919 1399 1034 1421 vocem
1057 1399 1226 1421 sermones
1250 1388 1348 1421 edere
1371 1389 1516 1432 praesul:

619 1442 768 1474 ‘Duceris
790 1440 944 1483 indignus
969 1441 1107 1481 nostris,
1130 1440 1272 1481 Iuliane,
1295 1441 1444 1484 loquelis,

613 1493 752 1525 Omnem
776 1492 832 1535 qui
854 1491 976 1524 inrides
999 1502 1138 1534 poenam
1161 1491 1393 1535 Angustosque
1416 1492 1579 1535 deosque;

614 1545 804 1577 Praesbiter
826 1543 1004 1584 Antonius,
1029 1545 1199 1586 quaerenti
1220 1545 1355 1587 pandito
1378 1545 1431 1577 vel
1453 1548 1499 1585 tu,

617 1597 722 1634 Quem
746 1596 809 1628 sibi
833 1595 1048 1628 Christicolae
1072 1596 1185 1628 dicunt
1208 1597 1399 1639 cognomine
1422 1607 1551 1640 papam,

537 1657 561 1676 1⁵
619 1649 726 1681 Huius
751 1648 806 1691 qui
828 1648 975 1690 magicae
998 1648 1109 1680 forsan
1131 1648 1310 1681 dinosceris
1333 1651 1466 1688 auctor,v

571 1733 575 1736 ,
616 1701 709 1738 Quae
733 1701 776 1732 sit
798 1700 880 1732 haec
905 1700 1022 1740 virtus,
1046 1711 1130 1743 quae
1153 1703 1244 1732 tanta
1267 1700 1404 1733 audacia
1425 1700 1536 1741 vestri,

614 1752 676 1793 Ut,
699 1753 787 1784 bona
810 1752 953 1794 coniugii
977 1752 1142 1784 solventes
1165 1752 1311 1793 foedera,
1335 1755 1430 1784 natos

613 1805 644 1836 A
667 1805 778 1836 matris
802 1804 946 1846 gremio,
969 1804 1073 1847 patris
1096 1804 1226 1836 vellatis
1251 1798 1292 1836 ab
1317 1815 1384 1837 ore.

610 1857 889 1900 Blasphemantur
916 1856 1003 1888 enim
1026 1867 1085 1899 per
1108 1867 1167 1888 vos
1191 1856 1246 1899 pia
1267 1856 1402 1888 numina
1425 1856 1546 1889 divum.

532 1917 558 1936 20
615 1909 703 1952 Ergo
725 1908 804 1940 mihi
828 1907 936 1948 dicas,
960 1918 1044 1950 quae
1067 1918 1125 1940 vos
1148 1909 1369 1951 praesumptio
1394 1909 1508 1949 suasit,

353 1983 418 2008 Acta
437 1981 468 2008 B.
489 1981 542 2007 Iul.

249 2035 406 2068 presbytero,
425 2038 530 2059 matrem
548 2037 574 2058 et
585 2033 667 2058 filium
679 2036 705 2058 et
722 2032 795 2057 illum
807 2029 883 2065 quem
896 2023 1012 2058 infernus
1024 2032 1165 2058 reddiderat
1178 2031 1359 2064 (Marionillam
1371 2036 1477 2058 matrem
1495 2032 1575 2065 pueri,
1591 2032 1764 2058 venerabilem
1778 2032 1900 2064 Celsium,

250 2082 276 2103 et.
295 2087 372 2111 quem
391 2079 423 2103 ab
442 2078 541 2103 inferno
560 2077 623 2102 deus
641 2076 845 2110 perorationibus
863 2076 887 2100 S.
907 2076 1003 2101 Iuliani
1019 2076 1162 2101 reddiderat
1180 2075 1215 2106 B)
1234 2076 1328 2101 iudicio
1346 2084 1393 2101 suo
1411 2076 1536 2101 reservari
1554 2076 1690 2109 praecepit.

354 2120 394 2152 12,
405 2120 438 2146 53
456 2122 488 2146 Et
506 2129 565 2145 cum
583 2120 689 2145 sedisset
706 2127 752 2152 pro
770 2119 892 2144 tribunali
910 2119 936 2144 in
955 2120 1017 2150 foro,
1035 2119 1106 2145 iubet
1118 2120 1145 2144 B.
1160 2120 1289 2144 Iulianum
1307 2123 1333 2145 et
1350 2119 1462 2152 reliquos
1480 2122 1589 2149 sanctos,
1607 2127 1672 2152 quos
1689 2116 1900 2154 com(me)mora-

249 2165 341 2195 vimus,
359 2164 482 2190 exhiberi.
518 2164 557 2188 Ex
575 2163 659 2188 officio
677 2162 773 2187 dictum
791 2165 843 2187 est:
868 2162 983 2187 ‘Astant'.
1020 2163 1095 2187 Tunc
1113 2162 1258 2187 Marcianus
1276 2163 1313 2187 sic
1330 2162 1425 2195 erupit:
1451 2163 1564 2194 Tecum,
1582 2162 1689 2192 Iuliane,
1707 2162 1779 2195 loqui
1796 2162 1898 2196 penitus

249 2208 355 2241 dignum
373 2217 425 2233 non
450 2207 547 2232 habeo'.
582 2207 615 2231 Et
632 2206 737 2231 adiecit:
768 2204 817 2230 ‘Tu
838 2213 865 2230 es
883 2206 1022 2237 Antonius,
1045 2213 1122 2238 quem
1144 2213 1236 2238 papam
1260 2214 1336 2231 suum
1354 2205 1491 2230 Christiani
1514 2207 1657 2231 testantur?
1692 2206 1799 2231 Constat
1821 2206 1900 2232 huius

250 2251 362 2283 magicae
380 2251 442 2276 artis
459 2254 484 2275 te
502 2258 557 2275 esse
575 2249 722 2274 auctorem'.
758 2249 787 2274 B.
799 2249 927 2274 Antonius
945 2249 1078 2281 presbyter
1095 2249 1131 2274 ait
1149 2250 1183 2280 (v.
1196 2247 1230 2273 28
1241 2248 1318 2281 sqq.):
1338 2248 1448 2274 ‘Gratias
1465 2257 1514 2282 ago
1531 2248 1632 2274 domino
1650 2249 1710 2274 lesu
1727 2249 1836 2279 Christo,
1853 2240 1899 2282 qui

250 2294 328 2319 huius
346 2294 444 2327 gratiae
462 2302 523 2319 suae
541 2301 582 2318 me
600 2293 734 2325 indignum
752 2292 813 2317 fecit
829 2300 885 2317 esse
902 2285 1070 2317 ministrum'ss
1099 2293 1205 2318 Praeses
1223 2292 1287 2317 dixit
1305 2293 1336 2322 (v.
1356 2291 1388 2317 16
1406 2292 1481 2324 sqq.):
1512 2290 1568 2317 ‘Vel
1589 2295 1618 2316 tu
1639 2292 1702 2316 mihi
1720 2292 1772 2322 dic,
1794 2293 1898 2323 Antoni,

250 2345 316 2368 quae
334 2338 366 2362 sit
383 2345 425 2362 ars
443 2340 527 2362 vestra
544 2336 643 2369 magica
662 2335 704 2368 (m.
724 2336 807 2361 virtus
825 2339 909 2361 vestra
922 2335 1013 2366 Bata).
1031 2338 1061 2360 ut
1078 2335 1115 2360 sic
1132 2335 1254 2368 separetis
1271 2335 1392 2367 coniugia
1409 2338 1435 2360 et
1452 2335 1518 2360 filios
1536 2343 1552 2359 a
1568 2335 1718 2367 parentibus
1737 2335 1900 2369 disiungatis,

250 2380 316 2404 bona
334 2380 388 2412 ipsa
405 2380 472 2405 vitae
490 2380 531 2404 vel
550 2387 618 2412 opes,
637 2379 704 2411 quod
718 2379 822 2404 utilitati
834 2379 961 2404 humanae
973 2386 1123 2404 concessum
1141 2382 1187 2408 est,
1205 2381 1231 2403 et
1242 2381 1404 2403 contemnere
1421 2381 1447 2403 et
1458 2386 1552 2410 negare
1570 2381 1595 2403 et
1612 2378 1714 2403 horrere
1732 2379 1905 2411 persuadetis*

250 2423 396 2448 inmortales
414 2424 448 2448 dii
467 2432 511 2456 per
530 2432 575 2448 vos
588 2423 815 2456 blasphemantur?
843 2423 914 2454 Quae
932 2426 971 2448 est
988 2431 1049 2455 ergo
1061 2423 1124 2448 haec
1136 2423 1242 2447 audacia
1259 2425 1351 2452 vestra,
1370 2421 1460 2446 edicito
1478 2421 1552 2446 mihi:
1577 2425 1607 2446 ut
1623 2429 1656 2446 ex
1673 2429 1717 2446 ore
1734 2425 1779 2447 tuo
1797 2422 1899 2447 audiam

251 2470 276 2491 ct
297 2474 457 2499 cognoscam,
476 2467 585 2498 qualiter
603 2467 676 2492 vobis
694 2470 720 2491 et
738 2466 844 2499 magicis
862 2466 960 2491 artibus
978 2466 1069 2491 vestris
1086 2466 1163 2491 finem
1181 2466 1309 2498 imponam
1327 2464 1360 2497 (v.
1378 2463 1412 2490 26
1429 2465 1484 2496 ⁸q.).
1514 2465 1628 2490 'rantum
1646 2465 1714 2490 enim
1732 2464 1765 2497 (v.
1783 2463 1815 2490 21
1835 2463 1898 2497 sqq.)

365 2621 376 2654 Η
398 2620 431 2647 12
448 2620 555 2648 *umbro
573 2622 598 2648 P
702 2622 733 2649 17
752 2623 874 2657 coniungi
892 2631 959 2650 corr.
978 2622 1003 2648 P

353 2706 404 2734 233
420 2706 465 2740 cfr.
484 2714 505 2734 v.
523 2707 565 2735 53.
699 2709 710 2743 11
732 2708 747 2735 7
765 2708 814 2743 σὴ.
832 2707 856 2735 d.
872 2708 893 2742 f.
912 2716 934 2736 v.
954 2707 1012 2736 224„
1132 2707 1164 2735 16
1187 2707 1234 2742 ψ’.
1254 2705 1345 2736 Βοῶνλ.
1363 2706 1389 2742 I,
1407 2706 1466 2736 245.
1583 2706 1615 2734 19
1640 2708 1706 2734 Aen.
1727 2706 1840 2741 Π,ἷ123
1864 2713 1906 2734 αι

250 2756 366 2786 numina
384 2757 480 2786 divum
497 2760 520 2786 et
538 2758 590 2794 IV,
609 2759 659 2788 382
677 2760 725 2796 pia
743 2760 859 2789 numina

1857 2827 1878 2855 ⁴¹:
