2060 3074
726 136 942 164 ENARRATIO
968 138 1202 166 TABULARUM.
1725 145 1786 176 821

253 222 378 268 ΤΑΒ.
401 236 434 268 V
450 235 590 274 pertinet
620 235 665 266 aa
690 245 764 276 pay.
788 236 861 267 523.
912 237 1016 268 reddit
1044 239 1159 269 codicis
1188 239 1415 271 Laudunensis
1444 242 1508 271 444
1541 241 1659 283 folium
1688 242 1753 273 297
1766 247 1788 273 r.

143 286 303 326 scriptura
315 286 435 318 saeculi
447 287 524 318 noni
531 287 657 326 partim
676 285 802 318 Graeca
813 287 959 326 uncialiS,
967 290 1089 328 partim
1101 290 1222 322 Latina
1234 291 1414 323 minuscula
1426 292 1480 332 (cf.
1487 303 1563 333 pay.
1578 294 1641 326 524
1656 296 1685 325 et
1701 294 1788 334 696).

144 339 283 370 Latinae
296 338 434 370 Scottica
451 338 600 370 elementa
612 338 757 370 admixta
771 338 871 377 nulla,
887 349 1079 380 quamquam
1093 342 1150 381 qui
1164 343 1326 382 scripserit
1340 346 1399 374 aut
1409 343 1549 376 Scottum
1563 345 1664 385 fuisse
1678 348 1736 376 aut
1751 345 1790 376 ab

143 390 249 422 Scotto
265 390 390 422 doctum
405 392 522 422 certum
538 393 592 428 est,
608 390 663 421 sed
677 400 768 430 saepe
780 390 880 423 Scotti
891 391 1000 423 insula
1013 392 1124 424 relicta
1134 404 1156 424 a
1160 395 1283 433 patriis
1294 395 1439 434 apicibus
1450 396 1615 429 abstinent.
1649 396 1790 428 Graecae

143 442 322 482 scripturae
335 442 387 474 hic
406 442 567 474 adhibitae
575 441 654 481 plus
667 442 776 473 minus
791 442 906 474 similis
922 443 958 474 in
973 444 1110 476 eiusdem
1125 446 1240 476 aetatis
1252 446 1408 478 codicibus
1420 457 1484 478 non
1487 449 1615 487 paucis.
1649 459 1665 479 e
1677 449 1791 488 quibus

143 494 183 525 ab
198 493 312 526 Scottis
331 493 443 534 scripti
460 493 532 525 hil.-
554 493 742 525 Adamnani
764 493 859 525 codex
881 494 955 526 olim
970 495 1142 535 Auqiensis
1163 496 1218 536 (cf.
1236 497 1350 529 Reeves
1371 498 1440 529 The
1454 498 1512 540 life
1527 499 1567 540 of
1578 499 1611 531 S.
1632 499 1789 537 Columba,

143 545 281 577 Dubbini
292 546 378 576 1857
391 545 453 577 tab.
466 545 534 583 III,
549 544 602 576 hic
616 545 712 576 codex
726 545 792 576 iam
807 546 930 578 saeculo
946 549 1052 578 octavo
1067 550 1220 579 exaratus
1234 551 1288 587 est,
1311 549 1434 581 saeculo
1449 560 1530 582 nono
1545 551 1601 590 qui
1615 554 1791 591 sequuntur

123 609 127 613 -
143 597 274 638 omnes),
282 596 614 628 ltberArdmachanus
624 597 715 637 (book
724 597 914 638 ofArmqh,
923 597 966 640 cf.
973 599 1130 631 National
1135 601 1350 640 manuscripts
1361 601 1530 640 ofIreland
1538 602 1676 634 tab.XX
1681 602 1790 642 VIII),

144 649 240 681 codex
266 648 509 681 Boernerianus
539 649 597 691 (cf.
618 649 794 688 Matthaei,
833 649 1052 689 Epistolarum
1081 651 1180 683 Pauli
1207 652 1302 683 codex·
1335 652 1491 692 Graecus,
1523 654 1669 685 Misenae
1697 655 1790 692 1791,

144 711 216 733 cum
232 700 358 732 duabus
373 700 514 739 tabulis),
538 700 634 732 codex
649 700 764 733 Sancti
781 700 870 732 Galli
891 702 934 732 48
957 701 1015 743 (cf.
1033 702 1146 743 Rettiq,
1170 703 1424 743 Antiquissimus
1446 705 1675 745 evangeliorum
1697 705 1792 737 codex

143 752 370 794 Sanyallensis,
404 752 516 784 Tui-ici
539 753 632 791 1836,
656 754 685 784 et
707 752 991 793 Palaeoyraphical
1018 755 1133 795 society
1155 755 1179 786 Ι
1197 756 1283 793 179),
1308 755 1500 795 psalterium
1521 756 1704 788 Basileense
1735 756 1790 796 (cf.

143 804 390 845 Mittheilunqen
419 804 448 836 d.
478 804 739 844 antiquaffischen
769 803 978 846 Gesellschaft
1005 806 1041 836 in
1063 805 1183 837 Zu'rich
1205 817 1234 838 a.
1257 807 1341 837 1851
1371 807 1425 838 vol.
1449 807 1520 839 VII
1543 808 1606 841 tab.
1623 808 1703 840 XII
1721 809 1740 839 5
1763 810 1792 839 et

144 855 336 888 Denlcmdler
363 857 393 888 d.
421 855 614 888 klassischen
645 856 822 888 Altertums
850 857 897 888 ed.
926 856 1130 888 Baumeister
1151 857 1193 889 II
1220 859 1333 899 1133),
1357 858 1550 898 psalterium
1579 859 1702 891 Sedulii
1736 859 1791 900 (cf.

147 907 271 947 Omont,
302 907 465 949 Melames
489 907 620 946 Graux,
650 907 779 939 tab.·ad
802 918 876 948 pay.
892 909 957 939 313
983 911 1012 939 et
1034 908 1246 941 Fac-similes
1273 909 1326 940 des
1349 909 1427 949 plus
1449 911 1579 942 anciens
1599 911 1792 943 manuscrits

141 971 231 1001 yrecs
251 960 290 992 de
311 959 344 991 la
365 959 568 1001 bibliotheque
588 959 751 992 nationale
773 960 836 992 tab.
855 960 1001 999 XXIV).
1047 960 1193 992 Scotticis
1215 960 1305 992 libris
1326 963 1446 993 accedit
1471 961 1670 994 Gambricus:
1699 963 1793 994 codeoe

143 1022 231 1044 nunc
248 1011 436 1044 Osconiensis
450 1012 486 1044 in
497 1011 678 1044 Bodleiana
687 1012 784 1044 Auct.
797 1012 836 1044 F.
849 1014 879 1050 4,
894 1013 938 1043 32
953 1011 1007 1052 (cf.
1031 1011 1213 1050 Westwood,
1230 1012 1501 1053 Palaeoyraphiae
1515 1024 1626 1045 sacrae
1634 1014 1793 1054 pictoriae

144 1064 205 1096 tab.
221 1063 258 1096 X
276 1065 307 1102 3,
329 1063 470 1095 aliarum
493 1064 631 1095 eiusdem
653 1063 768 1096 codicis
789 1064 1024 1103 scripturarum
1046 1064 1218 1103 specimina
1240 1064 1330 1103 apud
1344 1064 1482 1096 Zimmer
1496 1065 1618 1097 Nennii
1639 1066 1794 1097 vindicati

138 1126 216 1157 pay.
231 1117 304 1154 131,
328 1115 370 1149 R.
385 1115 471 1147 Ellis
485 1115 558 1148 XX
573 1114 751 1157 facsimiles
772 1114 854 1155 from
878 1114 960 1146 latin
981 1125 1046 1146 mss
1068 1115 1103 1146 in
1125 1114 1175 1146 the
1194 1114 1338 1147 bodleian
1353 1115 1473 1158 library
1490 1117 1550 1149 tab.
1567 1119 1596 1156 1,
1623 1117 1794 1149 Chatelain

144 1167 372 1210 Paleoyraphie
393 1168 423 1199 d.
447 1167 620 1208 classiques
641 1167 740 1199 latins
762 1167 824 1199 tab.
846 1166 970 1199 CXIII
985 1168 1032 1205 2).
1070 1166 1185 1198 similis
1207 1170 1252 1198 est
1274 1167 1436 1207 scriptura
1455 1168 1588 1207 Graeca,
1611 1169 1666 1200 sed
1686 1169 1794 1208 differt

144 1219 276 1259 Latina,
299 1230 370 1251 cum
392 1230 537 1252 normam
558 1220 594 1251 in
616 1219 790 1251 continenti
812 1219 1005 1250 observatam
1027 1221 1216 1258 sequantur,
1240 1219 1381 1251 codicum
1399 1222 1527 1259 praeter
1549 1221 1794 1252 Laudunensem

144 1271 272 1304 horum:
288 1271 436 1304 Paoisini
449 1271 534 1303 7651
546 1271 603 1313 (cf.
614 1270 754 1303 Glossar.
761 1270 817 1302 lat.
825 1271 871 1302 ed.
882 1270 978 1303 Goete
992 1269 1048 1302 vol.
1061 1270 1105 1302 II
1115 1270 1177 1302 tab.
1188 1270 1216 1308 I,
1235 1270 1346 1302 Omont
1357 1271 1558 1303 Fac-similes
1570 1272 1631 1304 tab.
1639 1272 1793 1312 XXIII),

140 1323 290 1364 psalterii
309 1323 534 1355 Murbacensis
564 1322 622 1365 (cf.
645 1323 708 1355 tab.
732 1322 826 1363 VII),
858 1322 975 1354 codicis
996 1321 1269 1362 Montepessulani
1291 1323 1355 1353 306
1383 1323 1438 1364 (cf.
1462 1323 1589 1355 Notices
1611 1326 1640 1355 et
1662 1324 1795 1355 eztraits

143 1375 274 1408 ml
289 1376 313 1407 2
327 1385 403 1416 pay.
418 1376 513 1414 298),
547 1374 621 1407 olim
644 1374 830 1415 Auyiensis,
863 1374 920 1414 qui
950 1373 1103 1414 epistulas
1131 1373 1230 1405 Pauli
1258 1375 1395 1406 continet
1423 1374 1481 1416 (cf.
1505 1375 1576 1406 Pal.
1592 1386 1652 1407 soc.
1668 1376 1691 1407 1
1705 1377 1794 1414 127).

144 1437 166 1458 a
196 1437 229 1459 se
251 1427 363 1467 potius
389 1429 454 1458 stat
480 1437 578 1467 quam
604 1427 644 1458 ab
673 1426 880 1459 Scotticorum
906 1425 1040 1468 familia
1066 1426 1162 1457 codex
1191 1425 1401 1465 epistularum
1431 1426 1533 1458 Pauli
1559 1427 1631 1459 olim
1661 1427 1794 1467 Sanqer-

143 1479 305 1511 manensis
330 1478 385 1520 (σῇ
410 1478 522 1511 Omont
543 1477 758 1511 Fac-similes
784 1478 847 1510 tab.
877 1477 966 1519 Vm.)
995 1487 1011 1509 e
1038 1478 1141 1510 codice
1174 1477 1432 1515 leromontanO,
1470 1479 1527 1518 qui
1559 1478 1683 1510 saeculo
1710 1482 1795 1510 sexto

144 1531 283 1570 scriptus
313 1533 372 1570 est,
405 1531 450 1563 ad
483 1541 592 1562 versus
618 1533 648 1562 et
675 1530 799 1562 litteras
829 1532 978 1561 accurate
1009 1539 1183 1569 expressus.
1229 1529 1420 1569 psalterium
1453 1529 1616 1562 Ousanum
1643 1530 1701 1571 (cf.
1723 1530 1796 1563 Pal.

142 1591 202 1614 soc.
230 1582 254 1614 Ι
283 1583 376 1623 128),
413 1583 498 1623 quod
538 1582 678 1614 lohanes
714 1591 830 1624 grecus
866 1581 1182 1624 constantinopoleos
1217 1581 1344 1612 orfanos
1379 1584 1412 1612 et
1445 1582 1635 1624 peregrinos
1671 1582 1796 1624 scripsit

143 1633 199 1673 (cf.
218 1630 252 1666 Ο.
268 1633 424 1666 Hamaom
445 1633 496 1666 De
516 1633 671 1674 psalterio
697 1633 819 1675 triplici
844 1632 984 1671 Ousano,
1013 1632 1192 1673 Hamburyi
1215 1633 1312 1671 1891,
1335 1643 1411 1673 paq.
1429 1633 1465 1671 9,
1494 1633 1558 1665 alio
1589 1634 1704 1665 codicis
1734 1633 1797 1665 loco

144 1683 276 1726 legitur:
299 1695 361 1728 ego
383 1686 519 1718 iohancs
541 1689 703 1729 peccator,
726 1686 748 1718 i.
765 1682 969 1727 ἁμαρτωλός,
992 1684 1189 1725 monachus),
1211 1685 1405 1724 scripturam
1420 1684 1637 1725 Byzantinam
1654 1685 1796 1723 ostendit,

143 1736 240 1769 vehati
263 1738 296 1770 w
317 1747 380 1777 pro
402 1740 437 1769 ω
466 1740 495 1769 et
521 1739 546 1769 1(
566 1748 630 1778 pro
658 1739 683 1769 Κ
704 1739 889 1777 ponuntur,
921 1736 1033 1777 qualia
1058 1737 1152 1777 siyna
1179 1737 1216 1767 in
1246 1735 1336 1768 libris
1363 1746 1431 1767 vere
1459 1736 1701 1768 occidentalibus
1732 1747 1797 1768 non

144 1791 329 1828 occurrunt,
366 1789 422 1821 sed
455 1789 580 1822 videtur
616 1792 722 1821 tamen
753 1789 914 1821 Iohannes
945 1788 1083 1821 Graecos
1118 1789 1223 1828 apices
1257 1788 1447 1820 Latinorum
1484 1789 1561 1820 usui
1595 1787 1797 1828 aliquatenus

143 1840 391 1873 accommodasse
413 1843 487 1880 aut,
515 1843 552 1872 ut
573 1840 602 1873 Ι.
618 1841 657 1873 L.
674 1840 809 1881 Heibery
831 1840 966 1872 codicem
988 1840 1032 1871 ad
1054 1850 1170 1871 manus
1191 1840 1331 1871 intuitus
1359 1840 1395 1871 in
1425 1839 1540 1871 litteris
1567 1839 1612 1871 ad
1636 1850 1684 1871 me
1712 1839 1797 1870 datis

143 1892 336 1933 suspicatur,
352 1892 431 1933 plus
453 1893 570 1925 Latine
591 1903 688 1934 quam
708 1893 828 1925 Graece
850 1893 886 1924 in
909 1892 1003 1924 exilio
1025 1892 1196 1934 scripsisse.
1241 1890 1388 1923 similiter
1410 1891 1620 1923 iudicandum
1637 1891 1674 1922 de
1694 1890 1796 1922 codice

147 1943 270 1976 Graeco
288 1943 442 1976 Vaticano
464 1946 550 1976 1666
571 1944 628 1985 (cf.
648 1944 794 1986 Greyorii
819 1944 954 1976 historia
976 1944 1144 1976 Benedicti
1171 1943 1218 1975 ed.
1246 1942 1467 1982 Coma-Dm,
1501 1942 1678 1975 Tusculani
1700 1943 1793 1981 1880,

145 1995 218 2035 tab„
239 1995 404 2036 Melanqes
417 1995 638 2037 d’amche'oloyie
659 1998 689 2028 et
707 1995 868 2028 d'histoire
890 2006 921 2028 a.
942 1996 1026 2027 1888
1048 1995 1104 2027 υοῑ.
1125 1994 1216 2027 VIII
1226 1995 1287 2026 tab.
1305 1994 1398 2033 VIII,
1423 1994 1492 2026 Pal.
1512 2005 1572 2026 soc.
1588 1994 1633 2026 II
1643 1995 1700 2031 81)
1723 1997 1752 2025 et
1767 1994 1797 2026 si

145 2047 204 2088 qui
224 2046 299 2079 libri
319 2048 390 2079 eius
409 2047 528 2080 similes
549 2050 693 2079 exstant:
715 2058 785 2079 eum
809 2047 892 2079 em'm
914 2057 1000 2079 amno
1023 2048 1087 2078 800
1105 2046 1249 2078 Graecus
1263 2045 1436 2077 monachus
1450 2045 1569 2077 Romae
1589 2046 1638 2077 ita
1658 2045 1795 2085 scripsit,

144 2101 183 2131 ut
203 2099 395 2131 Latinorum
426 2102 527 2131 artem
548 2099 729 2131 aemulatus
750 2099 802 2132 sit.
849 2099 1119 2131 Laudunensibus
1146 2097 1268 2129 clericis
1289 2099 1318 2129 et
1340 2097 1502 2128 monachis
1523 2096 1629 2137 qualis
1654 2096 1796 2129 Graecae

145 2149 272 2191 linquae
285 2151 523 2191 scripturaeque
536 2151 672 2183 scientia
682 2150 788 2193 fuerit
803 2150 833 2182 si
847 2151 920 2191 quis
935 2151 1120 2182 accuratius
1134 2159 1284 2190 quaerere
1298 2148 1438 2186 voluerit,
1460 2151 1585 2188 praeter
1595 2148 1795 2180 Laudunen-

145 2212 210 2234 sem
222 2204 287 2234 444
301 2203 358 2235 hos
371 2202 467 2235 libros
481 2203 639 2236 examinet
653 2213 775 2235 necesse
789 2205 852 2235 est:
868 2203 1112 2234 Laudunensem
1125 2203 1189 2232 448
1200 2211 1279 2233 saec.
1289 2200 1344 2233 IX
1357 2200 1416 2242 (cf.
1429 2202 1468 2231 4⁰
1474 2199 1664 2240 -Gataloyue
1675 2199 1699 2231 Ι
1705 2201 1795 2240 237),

153 2253 344 2286 Vaticanum
365 2254 506 2296 Reyinae
527 2255 592 2287 215
613 2265 693 2287 saec.
715 2255 775 2287 ΙΧ
797 2254 857 2297 (cf.
880 2265 981 2295 supra
998 2265 1074 2295 pay.
1090 2254 1183 2292 753),
1212 2252 1402 2284 Parisinum
1425 2252 1530 2283 11379
1560 2261 1639 2283 saec.
1656 2250 1715 2283 IX
1736 2250 1794 2292 (cf.

145 2305 267 2338 Archiv
294 2305 363 2338 1⁷11
383 2306 471 2347 862),
493 2306 740 2339 Laudunensem
761 2307 827 2338 252
847 2317 928 2338 saec.
946 2305 981 2338 X
1001 2305 1060 2348 (cf.
1076 2304 1317 2344 4⁰-Gataloyue
1332 2303 1357 2335 I
1373 2303 1462 2344 237).

257 2383 383 2430 TAB.
411 2397 471 2430 VI
488 2397 629 2437 pertinet
655 2397 700 2430 ad
721 2407 795 2438 paq.
821 2397 895 2429 425.
952 2397 1100 2436 caprimit
1130 2395 1245 2427 codicis
1282 2393 1430 2426 Parisini
1460 2395 1502 2424 13
1509 2392 1572 2424 757
1603 2391 1716 2432 folium
1748 2393 1795 2422 6.

146 2447 204 2488 qui
223 2447 320 2480 coda·
340 2448 430 2480 mtra
451 2458 554 2480 armos
574 2450 639 2480 873
660 2451 690 2480 et
710 2448 774 2480 875
798 2448 853 2489 (cf.
863 2459 939 2489 paq.
958 2448 1037 2489 756)
1062 2450 1170 2479 utrum
1193 2446 1232 2478 ab
1254 2446 1322 2486 ipso
1342 2445 1471 2477 Heirico
1493 2445 1630 2484 scriptus
1651 2446 1730 2476 esset
1751 2454 1795 2475 an

146 2498 239 2531 iussu
253 2499 322 2531 eius
335 2509 357 2531 a
365 2500 479 2540 pueris
489 2501 828 2539 Autissiodorenswus,
851 2500 1066 2532 iniudicatum
1082 2500 1151 2530 erat
1167 2497 1291 2529 tamdiu
1305 2496 1555 2536 relinquendum,
1578 2496 1672 2527 donec
1681 2495 1794 2535 photo-

145 2550 289 2591 9raph0n
308 2551 516 2584 nanciscerer.
560 2553 627 2584 iam
647 2553 789 2593 quaestio
815 2551 956 2584 solvitur.
1001 2551 1145 2583 novimus
1167 2549 1293 2581 Heirici
1314 2549 1507 2589 scripturam
1533 2558 1604 2579 cum
1632 2557 1671 2578 ex
1693 2546 1796 2578 codice

149 2602 325 2635 Mellicensi
353 2602 393 2635 G.
408 2605 465 2642 32,
492 2604 528 2636 id
549 2605 632 2644 quod
662 2604 719 2636 Th.
743 2604 847 2636 Sickel
878 2603 1102 2636 demonstravit
1133 2600 1368 2642 (Bibliotheque
1394 2600 1432 2631 de
1462 2598 1561 2630 l'e‘cole
1591 2599 1644 2630 des
1674 2598 1797 2630 chartes

251 2714 278 2747 1)
297 2713 382 2746 affero
402 2721 492 2740 sacros
517 2714 608 2748 libros,
631 2715 762 2748 profaows
784 2714 828 2747 (ut
847 2714 1022 2740 Prisc-iamim
1040 2713 1135 2740 Sancti
1161 2712 1235 2738 Galli
1257 2715 1320 2744 904,
1345 2711 1380 2743 cf.
1398 2710 1486 2744 Niara
1510 2709 1635 2743 Reliquie
1659 2709 1762 2736 celtu-he
1781 2709 1801 2734 Ι

149 2763 201 2791 tab.
210 2763 232 2790 Ι
243 2764 271 2797 2)
287 2763 344 2797 fere
360 2765 466 2802 Μαῖρα-ί.

251 2815 355 2842 Pon-n
372 2823 456 2843 wrm
474 2823 533 2842 nvn
551 2815 677 2843 Cmoum
695 2816 744 2848 111,
757 2816 782 2842 2.
1465 2852 1474 2858 .
1540 2811 1591 2838 104
