2060 3074
459 937 497 956 ⁶70

457 1196 495 1215 675

453 1972 492 1991 69⁰

453 2230 491 2249 691·

452 2487 490 2506 ⁷0⁰

263 2688 314 2714 658
331 2690 448 2715 discescit
467 2689 492 2714 B

759 168 958 196 EPICEDIUM
977 170 1242 198 HATHUMODAE.

536 254 606 286 Iam
630 265 690 286 sex
713 256 910 288 transierant
933 261 1044 289 noctes
1069 261 1101 290 et
1125 259 1265 301 septima
1289 260 1388 299 venit,

580 306 759 349 Postquam
782 307 934 340 discessit
956 309 1084 351 iamque
1109 310 1243 343 humata
1265 312 1336 343 fuit.

537 356 619 389 Cum
643 359 788 390 cubitum
812 370 864 391 me
889 360 995 392 vicina
1018 361 1082 392 iam
1106 362 1178 394 luce
1202 363 1373 398 locassem,

581 408 655 441 Vidi
678 421 730 442 me
754 411 787 442 in
811 414 919 443 vestro
943 422 1014 444 esse
1039 415 1247 447 monasterio.

536 460 646 503 Ipsam
669 472 746 494 vero
770 463 859 505 loqui
884 474 1011 495 mecum
1037 465 1076 496 de
1099 476 1190 497 more
1214 466 1366 498 videbam

580 511 662 544 Cum
684 513 725 545 de
749 515 912 546 nonnullis
937 525 1020 557 quae
1043 516 1225 548 inciderant
1248 518 1331 557 aliis,

536 563 619 595 Tum
642 563 683 597 de
708 566 821 607 regula
844 566 923 598 item
947 570 1060 599 nostra
1083 571 1215 611 totaque
1242 569 1373 611 perinde

578 616 643 648 Vel
665 617 733 648 vita
756 620 867 649 nostra
894 619 1109 661 coenobiique
1134 623 1232 652 statu.

491 686 496 695 ·
533 666 678 710 Cumque
701 668 780 700 mihi
804 669 931 709 librum⁷
956 671 983 702 si
1007 681 1103 712 quem
1126 672 1275 704 fortassis
1299 673 1446 712 haberet,

578 719 691 751 Nostri
713 721 873 763 propositi
897 724 972 753 tunc
997 726 1144 764 peterem
1167 723 1275 762 tribui,

537 770 580 802 Se
604 770 758 804 habuisse
783 772 923 814 quidem,
948 773 1006 805 sed
1030 775 1093 805 iam
1118 785 1182 806 non
1206 786 1340 818 prorsus
1364 776 1497 813 habere,

578 821 636 862 Te,
660 823 821 866 Gerberg,
845 825 942 856 istum
966 825 1049 857 dixit
1072 826 1193 858 habere
1218 827 1347 860 librum.

535 873 598 909 Qui
621 874 700 906 mihi
724 874 853 907 delatus
877 887 996 918 parvus
1021 876 1127 908 fuerat
1151 878 1228 909 mihi
1252 879 1353 915 visus,

578 925 643 958 Sed
666 926 750 958 bene
775 929 978 970 conscriptus
1003 932 1034 960 et
1058 929 1142 961 bene
1167 931 1368 972 compositus

535 976 577 1008 Et
600 987 663 1019 quo
686 978 731 1009 nil
754 988 908 1020 umquam
933 980 984 1011 vel
1009 980 1096 1012 cordi
1121 982 1244 1022 gratius
1270 986 1359 1014 essct

577 1028 644 1060 Aut
667 1030 738 1072 ipso
763 1034 852 1062 certe
876 1031 1044 1073 pulchrius
1069 1033 1198 1064 intuitu.

533 1080 612 1112 Post
635 1081 690 1113 ubi
714 1081 754 1114 de
781 1093 892 1114 somno
918 1083 1023 1115 laetus
1047 1095 1122 1115 mox
1148 1085 1367 1127 evigilassem.

577 1132 680 1164 Grata
704 1134 783 1165 satis
808 1134 956 1166 mihimet
979 1136 1058 1167 visio
1082 1137 1150 1167 visa
1173 1136 1243 1168 fuit.

532 1184 626 1216 Unde
649 1185 701 1217 die
725 1186 812 1218 facta
837 1197 913 1218 mox
936 1187 1039 1229 ipsam
1065 1188 1219 1220 fratribus
1244 1189 1314 1232 ipse

576 1235 703 1268 Nostris
727 1238 865 1280 exposui
889 1238 1030 1280 quidque
1054 1239 1137 1271 foret
1161 1241 1271 1272 retuli:

535 1287 593 1326 Te,
617 1287 777 1330 Gerberg,
801 1289 1002 1322 abbatissam
1026 1291 1095 1322 fore
1119 1302 1242 1334 proque
1267 1303 1379 1324 sorore

578 1339 688 1372 Vestri
713 1344 876 1372 tenturam
902 1342 1050 1373 coenobii
1076 1343 1230 1384 regimen.

531 1390 605 1422 Hoc
628 1392 750 1424 etenim
773 1392 968 1435 portendere
993 1394 1107 1435 regula
1130 1399 1240 1427 nostra
1264 1394 1406 1427 videtur:

574 1442 680 1478 Quam
704 1443 798 1475 modo
822 1447 856 1476 tu
882 1445 1014 1484 retines,
1039 1446 1110 1488 ipsa
1133 1447 1222 1488 prius
1246 1447 1370 1480 tenuit:

532 1494 637 1526 Parva
659 1495 800 1537 quidem,
824 1497 899 1538 quia
922 1507 1042 1539 parvus
1066 1497 1172 1530 adhuc
1196 1509 1277 1540 grex
1302 1502 1410 1530 vester
1433 1499 1582 1537 habetur,

575 1546 641 1578 Sed
665 1547 749 1579 bene
773 1549 957 1590 conscripta
981 1549 1021 1581 ob
1046 1550 1099 1592 pia
1123 1550 1209 1582 facta
1233 1555 1298 1582 tua.

530 1598 573 1630 Et
595 1609 684 1639 vere,
708 1610 809 1638 soror,
833 1603 868 1631 ut
892 1600 971 1638 dixi,
996 1602 1039 1632 nil
1063 1602 1230 1644 pulchrius
1255 1613 1407 1644 umquam

574 1649 617 1682 Et
639 1651 755 1683 melius
779 1651 935 1694 scriptum
959 1662 1010 1684 me
1034 1653 1142 1685 recolo
1167 1654 1332 1686 intuitum.

481 1714 492 1732 a
531 1701 692 1738 Quocirca
714 1703 791 1735 licet
814 1707 846 1734 et
869 1703 998 1735 doleam
1023 1708 1055 1736 et
1078 1715 1209 1747 semper
1231 1705 1391 1737 doliturus

576 1754 630 1786 Me
655 1754 716 1786 sim
740 1754 871 1786 vivente
895 1754 978 1787 hanc
1003 1755 1124 1788 obiisse
1149 1757 1228 1788 cito:

530 1805 738 1838 Successisse
762 1809 871 1838 tamen
897 1810 1030 1839 sanctae
1055 1811 1087 1839 te
1112 1807 1240 1849 gaudeo
1264 1811 1410 1839 sanctam

572 1857 706 1900 Ipsique
729 1861 764 1889 ut
788 1868 896 1897 carne,
921 1859 966 1890 sic
990 1860 1141 1891 comitem
1164 1860 1292 1892 merito.

528 1907 612 1940 Nam
635 1909 782 1951 quamvis
805 1909 886 1941 alias
911 1920 1038 1952 quoque
1064 1911 1232 1942 vobiscum
1256 1911 1325 1942 fore
1349 1914 1485 1948 constet,

572 1959 664 1996 Quae
689 1965 823 2003 possent
845 1961 939 1992 subdi
964 1972 1028 1993 non
1051 1962 1136 1994 male
1161 1962 1235 1994 huic
1260 1962 1360 1997 oneri,

529 2010 576 2043 Te
600 2015 710 2044 tamen
734 2016 767 2044 et
789 2012 904 2055 sophia
929 2013 1022 2044 simul
1048 2018 1080 2045 et
1104 2013 1252 2045 bonitate
1278 2014 1420 2045 sciebam

571 2063 644 2095 Non
668 2064 772 2096 iniure
797 2064 857 2095 sibi
882 2065 1004 2107 optime
1027 2065 1197 2102 substitui;

530 2114 574 2146 Ut
597 2115 756 2157 siquidem
780 2116 886 2147 carnis
911 2115 972 2147 sibi
996 2117 1065 2148 iure
1088 2117 1270 2159 propinqua
1293 2116 1392 2155 fuisti,

571 2166 624 2198 Sic
648 2166 759 2198 itidem
782 2167 907 2199 meritis
931 2168 1080 2210 proxima
1103 2171 1138 2199 tu
1161 2168 1284 2200 fueras.

529 2217 680 2260 Denique
703 2221 736 2250 te
760 2229 845 2250 nunc
869 2229 927 2250 nos
951 2220 1021 2251 eius
1045 2219 1225 2262 gaudemus
1250 2220 1372 2251 honore

570 2269 702 2301 Dudum
725 2270 929 2312 condignam,
953 2274 1030 2302 tunc
1055 2270 1116 2302 sibi
1140 2270 1341 2312 discipulam.

529 2320 595 2352 Sed
618 2321 714 2352 modo
739 2321 894 2353 heredem
917 2321 1048 2364 dignam
1073 2322 1282 2353 nihilominus
1307 2322 1378 2353 eius

571 2371 647 2404 Sive
672 2372 843 2404 ministerii
868 2373 936 2404 sive
960 2373 1003 2416 pii
1027 2374 1146 2405 meriti.

526 2423 701 2460 Quaeritur
724 2434 802 2466 ergo
826 2424 857 2455 in
882 2428 925 2463 te,
949 2435 1042 2456 sacra
1066 2424 1195 2463 femina,
1220 2425 1386 2466 quaeritur
1409 2425 1440 2455 in
1465 2427 1497 2455 tc

570 2474 718 2506 Affectus
742 2475 848 2507 cordis
870 2475 1021 2518 limpidus
1042 2476 1097 2507 ille
1121 2476 1187 2508 sui:

527 2525 618 2558 Illius
642 2526 835 2569 disciplinae
860 2527 1019 2569 quaedam
1044 2527 1136 2569 quasi
1161 2527 1279 2568 imago,

570 2576 648 2608 Eius
672 2577 800 2610 virtutis
825 2579 993 2620 quaeritur
1016 2579 1160 2620 effigies;

588 2689 639 2715 679
658 2691 807 2723 protendere
827 2690 851 2715 Β
869 2699 934 2716 corr.
955 2691 1003 2716 I'ez
1103 2690 1154 2716 680
1172 2692 1252 2721 Quem
1272 2691 1348 2715 modu
1367 2689 1391 2714 B
1409 2699 1474 2715 corr.
1495 2689 1544 2715 Pez

159 2741 226 2758 σονν.
247 2733 297 2759 Pcz
400 2730 449 2758 701
470 2741 565 2766 ymago
586 2733 610 2758 B

261 2817 313 2842 668
335 2817 464 2850 Gerberya
486 2820 543 2851 qm!
564 2817 751 2844 Hamuuusdne
769 2819 867 2844 mmm-is
886 2820 991 2844 nim-tem
1012 2818 1184 2844 con-diluitur
1204 2817 1410 2844 Gandeslwmisae
1427 2817 1568 2844 ammissa.

1557 2865 1610 2890 49*

1762 176 1824 208 387

1647 2691 1699 2717 686
1717 2692 1765 2717 cite
1785 2693 1809 2717 Β
