2040 2996
584 42 595 57 Q

457 148 666 176 PASSIONUM
684 148 737 175 BB.
757 148 897 175 IULIANI
916 148 963 175 ΕΤ
981 148 1168 176 SOCIORUM
1187 150 1267 177 EIUS
1286 150 1395 177 LIBER
1413 151 1460 178 ΙΙΙ.
1720 153 1779 183 105

500 234 615 278 Gignit
637 238 672 268 et
694 245 751 267 ore
773 235 862 278 piam
884 235 1047 267 confessio
1069 236 1156 268 facta
1178 237 1315 270 salutem
1322 251 1329 275 ;

499 287 605 320 Deest
627 298 742 328 unum,
765 290 802 319 ut
823 287 999 320 babtizeris
1022 289 1244 331 templumque
1268 291 1405 322 sacreris

501 339 641 382 Spiritus
664 339 850 372 altithroni'.
896 339 988 376 Quae
1011 340 1107 372 dixit:
1131 340 1292 377 ‘Qualiter
1314 342 1400 374 istud

407 399 444 418 ¹³⁵
503 392 640 436 Expleri
663 393 806 435 poterit?
830 392 958 424 clausos
981 392 1058 423 dum
1080 393 1174 425 miles
1197 396 1230 424 et
1252 396 1379 425 antrum

501 443 570 476 Nos
592 447 726 476 teneant
747 444 914 476 nullumve
937 444 1046 476 sinant
1067 444 1189 477 intrare
1211 445 1398 478 iuvantem'.

137 500 161 522 C·
176 500 249 522 Vffll-
505 496 577 528 ‘Est
599 495 661 528 hic’
684 496 853 539 respondit
875 497 1018 528 ‘sanctus
1040 507 1201 539 verusque
1226 498 1388 538 sacerdos,

501 548 679 581 Purificare
702 549 791 581 valet
813 548 867 591 qui
890 551 940 589 te,
964 549 992 581 si
1015 548 1113 581 eorde
1138 550 1189 581 vel
1212 560 1269 582 ore

500 599 593 632 Idola
615 600 699 632 falsa
720 611 818 632 voces
843 601 1015 632 simulacra
1038 600 1180 643 deosque
1202 602 1354 644 profanes

405 658 443 678 ¹⁴⁰
499 651 609 695 Atque
632 652 729 684 deum
752 651 866 684 credas
888 662 1003 693 unum,
1026 653 1080 695 qui
1103 656 1217 694 regnat
1239 653 1370 696 ubique,

502 705 565 742 Qui
588 715 726 747 regnare
749 704 828 736 facit
850 714 957 747 reges,
980 705 1035 747 qui
1058 708 1174 736 cuneta
1198 705 1359 747 gubernat

501 756 770 799 Sanctificatque,
793 756 960 788 hominum
984 760 1112 789 mentes
1135 757 1260 789 ratione
1282 758 1335 790 vel
1358 762 1452 790 ornat

501 808 743 851 Confirmatque
767 808 883 847 duces,
906 819 1020 851 pacem
1044 808 1100 841 dat
1122 809 1395 852 principibusque,

501 860 565 897 Qui
588 860 712 892 inducit
734 861 826 893 caelo
849 860 952 893 nubes
977 863 1010 892 et
1033 860 1145 892 defluit
1167 861 1289 893 imbres

405 919 443 939 1⁴⁵
501 912 645 955 Gignere
669 911 751 944 dans
774 914 894 944 terram
918 912 1078 944 foecundo
1102 913 1224 956 cespite
1246 914 1382 954 fruetus,

501 965 566 1002 Qui
588 965 689 996 volvit
711 965 836 1003 caelos,
861 964 916 1007 qui
938 965 1072 996 flumina
1094 975 1206 997 rursus
1230 965 1271 997 ab
1295 968 1417 1006 austro,

500 1016 565 1054 Qui
587 1017 668 1049 deus
691 1019 742 1049 est
766 1017 884 1048 trinus:
909 1017 1037 1058 genitor
1059 1019 1220 1060 natusque
1243 1018 1296 1049 vel
1319 1018 1423 1050 almus

501 1068 641 1112 Spiritus
664 1068 886 1112 omnipotens,
910 1068 993 1100 caeli
1015 1071 1188 1111 terraeque
1212 1072 1347 1110 creator,

500 1121 565 1158 Qui
588 1120 763 1164 splendore
788 1131 846 1153 suo
870 1121 978 1153 caecis
1001 1131 1112 1153 errore
1137 1122 1276 1164 repulso,

406 1180 443 1199 ¹⁵⁰
501 1172 643 1205 Cernere
667 1172 724 1204 dat
746 1172 855 1205 lumen
879 1182 1017 1215 seseque
1040 1183 1218 1214 agnoscere
1242 1173 1389 1215 prestat’.

135 1234 202 1256 c.x.
500 1224 631 1257 Celsius
653 1224 736 1257 haec
759 1225 939 1267 complens,
962 1228 1069 1256 mater
1092 1235 1127 1257 se
1151 1224 1284 1257 credere
1308 1229 1424 1258 cuncta

497 1277 711 1309 Incuntanter
733 1276 779 1308 ait
801 1278 950 1308 sanctum
973 1276 1137 1309 babtisma
1160 1287 1347 1320 reposcens.

497 1329 588 1362 Tunc
612 1339 724 1361 omnes
748 1328 850 1361 sancti
875 1327 1006 1360 domino
1031 1329 1235 1371 gratulantur
1258 1329 1385 1371 ovique,

501 1380 606 1418 Quam
629 1381 750 1413 virtute
773 1391 833 1413 sua
855 1381 963 1424 rapuit
985 1380 1026 1413 de
1050 1381 1144 1413 fauce
1168 1377 1327 1424 luporum.

404 1442 440 1461 1⁵³
499 1433 753 1476 conversusque
776 1433 894 1465 iterum
918 1436 1050 1465 sanctus
1073 1433 1219 1465 Iulianus
1243 1433 1284 1466 ad
1306 1433 1395 1466 illam

501 1484 692 1518 Sermonem
716 1484 879 1517 celebrat:
903 1484 1047 1524 ‘Mulier,
1071 1485 1099 1516 si
1122 1485 1331 1528 amplecteris
1354 1485 1427 1526 ista,

497 1536 591 1574 Quae
614 1546 700 1568 nunc
723 1535 859 1576 audisti,
882 1536 1068 1579 trinumque
1092 1536 1206 1569 fateris
1230 1540 1264 1568 et
1286 1547 1387 1568 unum

497 1588 583 1620 Esse
606 1587 704 1620 deum
725 1591 872 1620 nostrum
896 1589 1024 1620 caelum
1047 1592 1233 1631 terramque
1256 1588 1459 1631 regentem?

134 1642 211 1668 <211ss
497 1640 561 1672 Illa
583 1639 628 1671 ait
651 1642 785 1672 aeterna
806 1640 872 1672 iam
894 1650 960 1672 non
985 1640 1056 1672 sine
1080 1641 1153 1672 luce
1176 1641 1348 1683 magistra:

404 1698 442 1718 ¹⁶0
500 1691 675 1734 ‘Spargere
697 1691 752 1735 qui
775 1692 880 1724 vetuit
901 1695 1108 1734 transgresso
1131 1693 1233 1725 limite
1258 1696 1391 1736 pontum

499 1743 740 1787 Suspenditque
763 1744 857 1787 polos
879 1744 977 1776 variis
1000 1744 1180 1787 fulgoribus
1204 1755 1334 1783 ornans,

133 1847 176 1865 ore
193 1842 280 1865 autem
297 1839 423 1865 consessio
444 1839 474 1865 stt
490 1839 523 1864 sd
539 1839 662 1871 salutem3
685 1839 733 1865 hoc
750 1843 866 1872 superest
883 1840 964 1871 (deest
982 1839 1057 1872 ΒΕ),
1081 1844 1111 1865 ut
1129 1841 1312 1874 purificationis
1329 1841 1484 1875 baptismum
1501 1844 1625 1877 accipias,
1650 1852 1695 1877 per
1712 1843 1780 1876 quod

133 1882 214 1915 possis
230 1882 406 1908 habitaculum
428 1883 533 1916 spiritns
550 1883 631 1908 sancti
648 1882 731 1908 effici'.
773 1883 867 1908 Mulier
890 1883 1033 1916 respondit:
1067 1883 1142 1909 ‘Ecce
1166 1892 1213 1909 nos
1236 1893 1324 1910 omnes
1346 1885 1458 1911 claustra¹
1482 1886 1597 1912 obtinent
1621 1890 1645 1912 et
1670 1886 1780 1912 militum

134 1925 251 1952 custodis
262 1926 438 1951 circumvallat
455 1934 503 1952 nec
515 1926 634 1951 introitus
646 1934 694 1952 nec
711 1927 796 1952 exitus
814 1927 916 1952 licentis
929 1926 1094 1960 permittitur3
1112 1931 1138 1953 et
1150 1936 1201 1960 quo
1214 1928 1288 1953 modo
1300 1928 1461 1954 inveniemus
1473 1929 1542 1955 hunc
1554 1930 1630 1955 talem
1642 1930 1779 1961 hominem,

133 1970 235 2002 qualem
253 1969 316 1994 mihi
333 1969 478 2003 proponis?
506 1970 525 1995 1.
544 1973 649 1995 sanans
666 1970 743 1995 dixit:
762 1968 821 1995 ‘Hie
833 1970 956 1995 habemus
974 1974 1091 1996 sanctum
1110 1974 1135 1996 et
1147 1979 1237 1996 verum
1249 1971 1405 1997 sacerdotem
1423 1972 1525 2005 Christi,
1543 1973 1587 2005 qui
1605 1976 1630 1998 te
1649 1973 1779 2006 purificet:

133 2016 232 2039 tentum
256 2021 288 2038 ex
310 2013 386 2038 corde
408 2013 510 2046 abnega
530 2013 590 2038 deos
613 2013 708 2046 petr-ise
731 2017 802 2046 tuse,
827 2017 856 2039 ut
879 2014 914 2044 (et
932 2012 994 2043 BE)
1018 2013 1045 2038 in
1069 2022 1149 2039 unum
1173 2014 1249 2039 deum
1271 2015 1370 2046 credas,
1395 2015 1439 2047 qui
1463 2019 1553 2048 regnat
1574 2016 1600 2040 in
1624 2016 1693 2041 caelo
1712 2024 1780 2041 unus

132 2055 161 2081 in
182 2055 294 2082 trinitate
319 2060 345 2082 et
368 2056 451 2082 trinus
474 2057 500 2082 in
524 2056 632 2088 unitate,
665 2056 714 2082 sub
738 2057 813 2082 cuius
837 2057 941 2090 imperio
964 2057 1090 2090 imperant
1112 2057 1252 2090 principes,
1279 2058 1353 2082 euius
1379 2058 1463 2090 gratia
1487 2059 1671 2084 confirmantur
1693 2059 1778 2090 duces,

133 2098 208 2124 cuius
225 2102 335 2125 tremore
357 2100 557 2125 contremiscunt
579 2102 681 2132 gentes,
705 2099 780 2125 cuius
802 2100 926 2132 sapientia
948 2100 1014 2126 fiunt
1038 2100 1176 2134 prudentes
1197 2100 1323 2134 homines,
1348 2101 1422 2126 cuius
1446 2101 1551 2135 imperio
1576 2106 1698 2134 teguntur
1716 2102 1780 2127 caeli

133 2141 262 2174 nubibus,
279 2142 354 2168 cuins
371 2142 503 2168 voluntate
520 2142 582 2168 dant
598 2146 680 2168 ten-ss
698 2142 826 2175 pluviam,
844 2142 919 2168 cuius
937 2142 1002 2168 dono
1021 2146 1087 2168 term
1105 2143 1283 2175 foecundatur,
1302 2144 1376 2169 cuius
1394 2144 1537 2174 voluntate.
1556 2153 1620 2177 quse
1639 2145 1779 2170 necessarie

132 2190 206 2218 sunt,
232 2185 378 2211 hominibus
404 2185 501 2219 gignit,
527 2186 602 2211 cuins
627 2185 694 2211 dono
720 2185 847 2212 inundant
873 2186 963 2211 sontes.
999 2186 1056 2219 Ipse
1079 2190 1118 2211 est
1136 2186 1253 2211 Christus
1276 2187 1339 2211 deus
1362 2190 1494 2219 aeternus,
1521 2191 1595 2220 pater
1620 2188 1647 2212 in
1673 2188 1726 2213 filio
1754 2191 1780 2213 et

135 2229 240 2262 spiritus
255 2232 371 2254 uenenis:
396 2236 441 2262 per
458 2228 539 2262 ipsius
556 2228 715 2262 splendorem
733 2228 910 2254 illuminantur
927 2229 981 2254 ceci
999 2234 1026 2255 et
1042 2229 1160 2254 tenebrae
1173 2229 1356 2255 incredulitatis
1368 2231 1498 2263 fugantur,
1516 2230 1596 2263 ipsius
1609 2234 1675 2256 nutu
1686 2231 1779 2264 guber-

135 2275 230 2297 nantur
247 2271 374 2303 universa,
392 2272 453 2304 quia
469 2271 550 2305 ipsius
567 2263 698 2297 voluntate
715 2275 801 2297 ereata
817 2275 879 2297 sunt
895 2271 1005 2297 canent.»
1039 2273 1110 2297 Haec
1127 2272 1233 2298 audiens
1248 2273 1340 2298 mulier
1354 2273 1428 2298 dixit:
1447 2272 1505 2304 ‘Qui
1522 2273 1585 2298 haec
1601 2274 1637 2299 its
1654 2282 1709 2299 esse
1727 2282 1778 2299 non

132 2309 233 2347 &edin
247 2315 358 2340 ferreum
379 2315 492 2348 possidet
508 2319 598 2348 pectus
615 2323 663 2340 nec
681 2315 813 2340 hominum
830 2315 895 2348 gerit
913 2323 1030 2347 sensum,
1053 2315 1097 2340 sed
1115 2316 1242 2348 pecudum
1261 2314 1394 2348 (pecodum
1414 2315 1464 2347 B).’
1499 2317 1574 2341 Tune
1592 2324 1679 2341 omnes
1697 2317 1778 2342 sancti

133 2358 228 2391 gratiss
245 2357 390 2383 referebant
407 2356 532 2390 (referunt
549 2357 584 2390 B)
608 2358 724 2390 domino,
746 2359 791 2391 qui
812 2358 932 2392 dignatus
953 2362 992 2384 est
1013 2359 1043 2384 de
1066 2359 1184 2391 luporum
1208 2359 1324 2384 faucibus
1348 2367 1421 2384 ovem
1444 2359 1566 2392 perditam
1589 2360 1704 2385 liberare.
1738 2360 1779 2384 Ad

133 2409 209 2434 qum
226 2401 319 2427 iterum
337 2401 365 2427 B.
384 2401 403 2426 1.
422 2409 561 2427 conversus
577 2402 624 2427 sit:
649 2401 696 2427 *lta
712 2402 808 2433 credis,
832 2406 862 2427 nt
878 2402 983 2433 mdisti,
1009 2410 1089 2427 unum
1108 2406 1133 2427 et
1154 2410 1243 2426 verum
1261 2402 1337 2427 deum
1353 2410 1408 2427 esse
1426 2402 1453 2427 in
1471 2402 1560 2434 caelis,
1582 2402 1626 2435 qui
1650 2406 1689 2427 est
1712 2402 1778 2427 trina

133 2443 249 2469 maiestas
267 2447 293 2470 et
310 2452 363 2469 um
380 2444 525 2470 divinitas?
561 2444 655 2470 Mulier
667 2445 809 2478 respondit:
827 2444 923 2478 ‘Ipsum
942 2453 1030 2470 verum
1051 2445 1124 2470 credo
1142 2453 1196 2470 esse
1215 2444 1299 2474 deum,
1318 2453 1394 2477 quem
1414 2453 1458 2478 per
1475 2448 1547 2470 tuam
1564 2445 1778 2478 praedicationem

132 2494 188 2512 esse
204 2487 314 2520 cognovi
330 2490 470 2515 creatorem
487 2487 608 2513 omnium.
644 2488 695 2519 Qui
716 2488 792 2513 certis
815 2488 939 2513 limitibus
962 2488 1018 2512 fixit
1036 2496 1116 2519 mare,
1141 2488 1186 2519 qui
1210 2488 1233 2512 ei
1257 2487 1342 2520 posuit
1365 2488 1501 2513 terminum
1526 2497 1601 2521 quem
1623 2497 1675 2514 non
1698 2492 1778 2514 trans—

133 2529 260 2563 greditur,
290 2530 336 2563 qui
357 2530 457 2556 caelum
479 2531 613 2564 suspendit
633 2534 660 2556 et
682 2531 746 2556 illud
767 2531 924 2557 diversarum
954 2531 1084 2556 stellarum
1106 2530 1284 2563 splendoribus
1307 2530 1451 2562 adornavit,
1479 2531 1524 2564 qui
1550 2531 1629 2557 solem
1656 2535 1778 2564 perpetuo

237 2666 287 2693 152
304 2668 483 2694 incunounter
501 2667 531 2693 P

237 2743 287 2770 133
303 2752 340 2778 sq.
357 2743 405 2776 cfr.
419 2743 543 2771 Amano.
555 2742 580 2770 d.
598 2742 615 2770 Ζ.
634 2743 694 2777 υίνρ.
708 2743 757 2770 147
776 2743 896 2778 Spiritus
915 2742 1061 2769 altithroni
1080 2743 1215 2777 templum
1235 2742 1288 2769 sibi
1306 2743 1433 2770 vindicat
1450 2743 1547 2770 ulmus.
1659 2743 1708 2770 145
1727 2744 1775 2776 cfr.

133 2793 193 2821 Sed.
213 2794 235 2826 L
253 2795 296 2822 50.
402 2795 451 2823 148
468 2795 572 2838 Iurene.
592 2796 614 2829 1,
634 2797 668 2823 70
685 2795 754 2823 caeli
773 2796 918 2830 ten-aeque
937 2796 1068 2829 repertor.
1173 2794 1223 2821 154
1241 2794 1289 2827 cfr.
1307 2794 1332 2821 d.
1349 2795 1369 2828 f.
1389 2803 1412 2821 v.
1431 2795 1490 2822 320.

237 2843 340 2868 Porus
358 2850 442 2869 urm
459 2850 519 2870 srvi
536 2845 660 2871 Csnotun
677 2845 723 2870 111.
1539 2842 1572 2869 14
