2138 3106
316 230 375 259 334
916 226 1082 253 CARMINA
1103 225 1365 253 CENTULENSIA.

313 361 336 375 a.
357 353 412 376 867.
1124 347 1161 380 O.

474 409 569 440 Anno
592 409 774 440 dominicae
799 408 1031 439 incarnationis
1056 407 1303 439 DOCOLXVII
1327 407 1414 439 diem
1438 408 1518 439 obiit
1544 408 1700 440 Herrious
1723 409 1804 440 diac.

778 470 817 491 ex
842 460 902 491 hoc
926 460 1058 492 sacculo
1083 460 1144 491 sub
1164 459 1221 491 -die
1244 459 1309 491 XV
1325 459 1400 491 Kal.
1424 459 1510 501 Aug.

683 529 784 561 Cuius
809 529 841 560 in
866 530 926 561 hoc
949 529 1074 561 tumulo
1096 529 1306 571 requiescunt
1330 539 1406 560 ossa
1429 532 1570 571 reposta.

727 581 867 623 Spiritus
890 582 991 624 ipsius
1015 584 1147 624 separat
1170 583 1258 612 astra
1281 581 1358 622 poli.

585 651 710 683 Eodem
734 661 819 682 anno
843 651 952 682 amisit
974 653 1094 682 statum
1118 650 1204 681 vitae
1227 650 1411 692 praesentis
1436 649 1694 692 Hil(delandus).

1114 814 1167 846 CI.

959 878 1025 914 AD
1051 877 1321 914 ANSIGISVM.

744 952 934 984 Munificum
958 956 1083 995 patrem
1105 952 1240 984 nimium
1264 952 1404 994 deposco
1427 952 1539 983 valere

679 1005 873 1047 Ansigisum
898 1004 1011 1036 Karoli
1036 1004 1233 1036 residentem
1258 1004 1345 1046 regis
1369 1004 1401 1035 in
1425 1004 1510 1043 aula,

677 1056 768 1097 Lege
790 1058 961 1098 poetarum
985 1055 1171 1087 redimitum
1195 1055 1266 1086 iure
1289 1054 1446 1096 magistri,

678 1108 816 1139 Iustitiis
840 1110 970 1151 pastum
995 1107 1112 1139 divinis
1137 1117 1175 1139 ao
1199 1107 1280 1139 satis
1305 1107 1382 1139 alte.

627 1168 638 1186 ⁵
675 1160 756 1192 Post
778 1164 925 1192 vestrum
948 1170 1067 1191 munus
1091 1162 1202 1191 vestra
1226 1159 1360 1190 caritate
1384 1157 1546 1200 profunda

678 1213 718 1244 In
735 1213 885 1244 manibus
910 1215 1075 1254 sumptum
1099 1212 1169 1243 sine
1192 1211 1371 1253 praeterito
1395 1210 1569 1241 famulatu:

677 1264 785 1307 Ipsius
811 1264 903 1307 coepi
927 1264 1038 1306 specie
1062 1263 1197 1295 referire
1221 1262 1353 1301 labella,

677 1316 786 1348 Aures
811 1316 931 1348 cotidie
955 1315 1075 1349 Christi
1099 1315 1230 1358 pulsare
1254 1315 1381 1354 beatas,

678 1368 840 1406 Quatinus
864 1368 1046 1400 incolumes
1071 1367 1210 1399 valeatis
1234 1370 1322 1398 stare
1345 1366 1502 1398 decenter

616 1427 641 1445 ¹⁰
677 1420 839 1463 Tempore
862 1422 1026 1462 protracto
1050 1419 1174 1461 pariter
1197 1429 1270 1450 cum
1293 1428 1374 1461 pace
1399 1427 1516 1449 serena

677 1472 729 1504 Ad
754 1472 854 1504 decus
878 1472 1018 1511 illorum,
1043 1481 1179 1513 quorum
1202 1481 1278 1513 spes
1303 1470 1383 1502 estis
1405 1469 1540 1501 inermis

675 1524 713 1556 In
737 1524 798 1556 hac
821 1524 950 1556 mortali
973 1523 1127 1566 fugitivos
1150 1525 1282 1565 propter
1305 1522 1446 1553 honores

676 1576 765 1616 Vita,
788 1576 944 1607 mortales
968 1575 1094 1607 inhiant
1118 1585 1198 1617 quos
1223 1584 1353 1616 semper
1376 1573 1508 1605 habere.

676 1627 808 1671 Expeto
831 1638 927 1667 nunc,
951 1637 1111 1660 memores
1134 1627 1234 1658 vestri
1256 1626 1410 1658 memoris
1435 1635 1562 1667 quoque
1586 1624 1657 1655 sitis

615 1687 638 1705 ¹⁵
674 1680 744 1712 Nec
767 1680 873 1711 minus
897 1680 1038 1719 illorum,
1062 1678 1178 1721 quibus
1202 1678 1259 1709 alti
1282 1678 1316 1709 in
1338 1678 1418 1709 flore
1442 1676 1559 1712 fuistis,

677 1732 749 1769 Quo
772 1734 865 1774 parte
889 1743 932 1764 ex
954 1734 1063 1763 vestra
1085 1731 1238 1762 meliores
1263 1740 1298 1761 se
1321 1729 1390 1761 fore
1414 1731 1560 1766 noscant,

676 1784 716 1815 In
740 1787 906 1826 quantum,
930 1793 1055 1823 moneo,
1079 1786 1208 1824 tempus
1232 1781 1406 1813 dictaverit
1429 1783 1529 1822 atque

675 1836 778 1868 Posse
803 1836 898 1867 simul
921 1835 1023 1867 fuerit
1045 1838 1202 1874 vestrum,
1226 1833 1394 1875 cathegita
1417 1833 1515 1864 clare.

675 1887 748 1919 Hoc
771 1899 892 1930 operae
916 1888 1058 1930 pretium
1081 1887 1170 1927 mihi,
1194 1889 1312 1925 rector,
1336 1885 1453 1917 adesse
1477 1884 1621 1916 videtur:

613 1947 639 1966 20
674 1940 756 1972 Inde
781 1940 881 1972 etiam
905 1939 996 1971 vobis
1020 1939 1125 1971 aderit
1147 1938 1313 1970 laudabile
1336 1947 1466 1977 nomen,

675 1992 764 2024 Laus
789 1995 823 2024 et
845 1992 950 2023 honor
969 1991 1095 2031 vestrm,
1120 1990 1236 2033 quibus
1260 1990 1322 2022 hoc
1338 1988 1506 2022 volitando
1528 1998 1587 2030 per
1610 1998 1707 2018 auras

675 2044 828 2076 Intulerit
850 2044 966 2086 pernix
988 2044 1076 2075 fama
1098 2042 1282 2085 pernicibus
1306 2042 1375 2074 alis.
1394 2059 1435 2064 ——

675 2096 825 2139 Insuper,
849 2096 1036 2135 humanum,
1061 2095 1226 2134 recolatis,
1250 2093 1337 2126 unde
1362 2095 1506 2125 creatum

676 2147 782 2180 Omne
806 2158 911 2190 genus
936 2147 1032 2187 sistit,
1056 2147 1119 2179 nisi
1142 2147 1183 2179 de
1208 2146 1317 2188 specie
1341 2144 1543 2188 protoplasti,

614 2207 638 2225 2⁵
674 2199 727 2231 Ex
751 2210 813 2242 quo
835 2200 995 2242 processit
1018 2200 1124 2231 cultor
1146 2198 1274 2231 telluris
1298 2207 1428 2236 avarae,

677 2251 831 2284 Gestator
856 2252 961 2294 clypei
986 2251 1104 2284 crudus
1126 2251 1278 2293 belloque
1303 2249 1416 2282 feroci.

676 2304 769 2336 Talia
793 2315 849 2336 cur
870 2304 1002 2346 fingam,
1024 2302 1218 2346 perpendite
1241 2305 1351 2334 mente
1376 2300 1499 2344 sagaci,

675 2355 785 2397 Atque
810 2355 875 2387 duo
897 2357 1051 2387 maneant
1073 2355 1127 2386 isti
1150 2353 1220 2386 sine
1245 2354 1302 2385 lite
1327 2353 1429 2396 quieti

674 2407 718 2439 Et
741 2407 832 2439 vobis
854 2418 921 2450 pax
943 2409 1110 2449 perpetua,
1133 2406 1216 2446 laus,
1239 2405 1343 2450 gloria
1366 2414 1511 2446 semper:

615 2466 640 2485 30
675 2459 750 2491 Hoc
774 2462 885 2491 vester
907 2459 1039 2500 rogitat,
1062 2458 1122 2490 hoc
1147 2457 1286 2500 simplex
1310 2459 1403 2498 optat
1425 2455 1550 2487 adesse.

414 2571 444 2604 μ’
446 2571 462 2604 ]
482 2571 498 2596 2
516 2581 551 2597 an
569 2572 628 2597 *sed
647 2572 738 2605 parat?
807 2570 816 2604 Ιὶ
834 2572 895 2596 1111„
908 2571 946 2596 Β.’
965 2571 1105 2596 breviatum
1124 2571 1238 2604 defuncti
1255 2579 1346 2595 ‘nomen
1365 2577 1395 2594 esc
1413 2568 1541 2601 epitaphio
1562 2568 1707 2593 centulensi
1723 2568 1878 2593 restituimus
1895 2567 1965 2599 quod

309 2623 339 2638 em
359 2615 477 2639 Grenieri
495 2616 590 2640 chartin
608 2615 665 2647 (cfr.
687 2615 783 2640 Delinle
803 2614 826 2639 J
827 2623 840 2640 e
859 2615 956 2639 cabinet
975 2614 1019 2639 des
1036 2620 1166 2639 manuscr.
1187 2613 1228 2645 II,
1241 2612 1302 2644 332)
1326 2611 1444 2637 XXVII
1453 2612 1506 2644 fol.
1526 2610 1576 2636 134
1593 2612 1693 2643 primun
1719 2611 1798 2636 edidit
1826 2610 1964 2643 Ile‘nocque

361 2657 409 2687 .‚I
422 2656 485 2686 ¹258·
513 2658 580 2689 quod
602 2658 638 2682 ita
660 2658 821 2683 scribendum
843 2661 878 2682 est
901 2658 972 2682 ΑΝΝ
995 2650 1057 2682 IN(—
1075 2658 1136 2682 DNI
1160 2657 1358 2682 DCCCLXVIH
1381 2656 1425 2680 OB
1451 2655 1511 2679 ΗΠ
1514 2655 1697 2679 DELANDVS
1719 2652 1795 2687 SV(B
1817 2655 1901 2679 DIE.
1915 2652 1964 2687 ...>

309 2658 399 2724 jleriez
417 2700 571 2732 epitaphium
589 2701 628 2726 Ιιὶε
647 2705 669 2726 et
687 2701 738 2726 XO
743 2701 784 2725 VI.
806 2709 936 2726 annorum
954 2701 1043 2726 seriem
1060 2700 1230 2732 interrumpit.

413 2742 472 2775 [CL]
491 2743 507 2767 5
525 2742 632 2768 *manus
651 2743 676 2768 B
787 2742 821 2768 23
840 2743 901 2768 mihi
920 2752 947 2768 m
965 2751 1047 2776 marg.
1067 2743 1092 2767 B
1195 2741 1230 2768 24
1248 2741 1415 2775 protoplausti
1434 2740 1458 2765 B
1563 2739 1598 2765 30
1614 2738 1710 2773 vester]
1730 2745 1772 2766 urt
1790 2739 1816 2764 B

413 2819 474 2853 [CL]
500 2819 540 2845 Dc
563 2819 726 2853 Anscqiso
749 2820 798 2851 cfr.
822 2827 905 2853 supra
926 2828 956 2854 p.
973 2820 1032 2846 270.
1137 2820 1153 2846 4
1177 2819 1227 2852 cfr.
1249 2827 1270 2845 c.
1289 2817 1437 2850 LXXXI,
1451 2817 1474 2843 7.
1598 2818 1631 2843 10
1651 2817 1701 2850 cfr.
1718 2824 1740 2843 c.
1759 2815 1907 2849 LXXIII,
1922 2816 1963 2843 14.

310 2871 342 2897 19
359 2870 408 2903 cfr.
426 2878 447 2897 e.
468 2870 559 2904 XCII,
574 2871 597 2898 7.
702 2871 733 2897 21
754 2871 804 2903 cfr.
823 2879 843 2898 c.
865 2871 957 2904 XCII,
970 2871 1013 2898 31.
1119 2871 1153 2897 22
1169 2871 1219 2904 cfr.
1237 2878 1257 2897 c.
1277 2868 1435 2903 LXXXV,
1450 2869 1492 2896 20.

1951 2899 1973 2929 ⁴:
