2060 3074
210 152 271 182 464

866 150 1002 177 HEIRICI
1022 151 1198 178 CARMINA.

576 237 629 268 Sic
654 238 785 268 inimica
808 238 878 268 lues
903 238 1003 269 ternis
1029 237 1082 269 vix
1106 242 1210 269 tracta
1233 238 1350 270 diebus

574 288 746 329 Mergebat
771 289 907 320 miseros
931 289 1062 331 indigno
1087 290 1200 321 funere
1225 290 1328 322 cives:

509 353 533 371 ar·
571 339 783 371 Conclamata
807 340 905 379 salus,
931 341 1017 372 vitae
1041 340 1160 372 fiducia
1183 342 1282 373 cessit

574 391 676 432 Inque
701 391 771 423 dies
797 392 885 423 saevi
909 392 1105 424 crudescunt
1132 394 1390 424 ΣΠΕΡΜΛΤΛ
1414 394 1527 425 morbi.

573 442 672 474 Ferre
698 454 827 474 manum
851 454 963 480 nem0;
987 444 1068 475 fatis
1087 455 1255 476 occurrere
1281 455 1387 476 nemo.

575 494 718 536 Agnovit
742 495 862 526 veteris
886 495 959 537 pius
984 499 1178 537 argumenta
1201 495 1337 527 chelidri

574 546 711 577 Praesul
736 551 769 577 et
792 546 939 579 indoluit.

986 547 1077 579 Sacri
1102 552 1168 578 tum
1193 551 1335 579 scemate
1361 549 1444 590 signi

509 612 535 629 90
572 598 695 630 Imbuit
717 599 851 631 allatum
877 600 1048 642 verbisque
1072 600 1260 643 potentibus
1285 611 1431 642 unguen:

574 650 646 682 Hoc
670 650 808 693 depulsa
830 651 910 691 lues,
934 652 996 683 hoc
1020 653 1106 683 vitae
1131 652 1257 684 reddita
1281 653 1404 694 plebes.

575 702 705 734 Halitus
728 707 826 745 atque
851 704 952 745 cybus
977 707 1067 735 tactu
1092 708 1245 747 reparata
1268 705 1403 747 liquoris

574 754 757 786 Perniciem
782 756 952 797 pepulere:
978 756 1066 787 salus
1091 757 1211 788 festina
1236 757 1387 788 recurrit:

574 806 733 848 Purgavit
757 806 912 847 medicus,
937 807 1162 850 quodcumque
1187 808 1347 840 infecerat
1370 808 1478 850 ydrus.

510 871 535 889 95
574 857 794 889 Daemonicos
819 858 914 890 flatus
939 859 1039 890 talem
1064 859 1186 891 sevisse
1211 859 1338 891 ruinam

575 909 655 941 Post
679 910 800 952 patuit;
825 921 963 952 namque
989 921 1008 942 a
1031 911 1149 942 misero
1174 910 1251 943 dum
1275 912 1409 954 pellitur
1432 922 1496 943 uno

576 961 725 1003 Spiritus,
750 961 781 993 id
806 962 919 993 retulit
942 966 1121 1004 sanctoque
1146 973 1261 994 manus
1286 963 1327 995 ad
1352 963 1460 995 sidera
1483 963 1582 994 dante

575 1013 718 1045 Turbine
742 1013 915 1045 verborum
939 1017 1067 1056 turpem
1092 1015 1266 1056 excepisse
1291 1015 1468 1057 repulsam.

618 1066 758 1097 Aemula
782 1066 935 1098 virtutum
960 1077 1143 1108 proponens
1168 1067 1312 1109 praemia
1337 1067 1462 1098 cunctis

500 1129 538 1147 100
573 1116 668 1148 Nunc
692 1117 876 1157 monachos,
900 1128 986 1149 nunc
1009 1117 1063 1149 ille
1088 1118 1209 1149 citabat
1231 1118 1271 1149 ad
1295 1118 1396 1150 ardua
1420 1118 1552 1156 elerum,

578 1169 684 1211 Seque
708 1169 758 1200 his
783 1172 988 1211 praesentem
1013 1169 1136 1202 vicibus
1161 1169 1235 1201 dum
1261 1170 1413 1202 redderet
1436 1170 1561 1211 aequis,

575 1221 723 1257 Quadam
746 1221 829 1254 forte
853 1222 905 1254 die
929 1222 1085 1264 rogitatus
1110 1223 1216 1254 visere
1241 1223 1358 1262 fratres

577 1273 702 1305 Abnuit
725 1274 860 1305 alterius
885 1274 1045 1306 distentus
1069 1274 1212 1316 pondere
1236 1285 1364 1307 causae.

576 1326 663 1357 Ecce
687 1325 744 1357 sed
768 1329 941 1368 exemptus
965 1337 1043 1358 cura
1066 1336 1219 1368 nexuque
1243 1326 1355 1368 negoti
1381 1327 1386 1335 ¹

502 1391 538 1410 ωε.
576 1378 657 1410 Post
679 1377 841 1409 modicum
866 1378 998 1420 ignaros
1021 1378 1141 1410 fratres
1166 1389 1320 1420 egressus
1345 1378 1466 1410 adibat.

575 1430 793 1462 Obsessorum
817 1441 901 1462 unus
926 1430 1054 1472 patiens
1078 1430 1118 1462 ad
1142 1430 1255 1462 limina
1279 1430 1415 1462 fratrum

577 1482 722 1524 Plusque
745 1482 855 1514 furens
880 1482 972 1514 solito
997 1493 1109 1514 vocem
1134 1493 1192 1525 per
1215 1483 1324 1514 inania
1348 1483 1432 1514 tollit

578 1533 702 1566 Adfore
726 1533 924 1566 Germanum
949 1535 1046 1566 vicini
1071 1534 1111 1566 ad
1135 1534 1276 1566 fluminis
1299 1545 1372 1566 oras

577 1586 647 1618 Nec
672 1587 741 1618 sine
765 1587 956 1628 praemissa.
972 1587 1107 1629 pelagus
1132 1586 1366 1618 transcendere
1390 1586 1517 1618 cumba.

504 1652 541 1670 110
578 1638 707 1670 Fallere
731 1639 882 1671 fallacem
906 1639 1016 1670 fallaci
1041 1642 1174 1681 pectore
1199 1642 1306 1670 vatem

580 1690 761 1723 Asseruere
784 1691 854 1727 diu;
879 1691 999 1722 clamor
1022 1690 1081 1722 sed
1106 1691 1251 1733 pressius
1275 1691 1400 1723 instans

580 1742 708 1774 Certius
732 1743 765 1774 id
789 1743 863 1774 sciri
886 1753 946 1774 neo
970 1753 1038 1774 rem
1063 1742 1191 1774 differre
1215 1743 1384 1774 monebat:

579 1795 699 1826 Missus
723 1794 763 1826 ad
788 1795 870 1827 haec
892 1795 994 1827 frater
1017 1797 1124 1827 certos
1147 1795 1187 1826 de
1211 1795 1362 1837 praesule
1385 1794 1500 1826 reddit.

581 1846 708 1878 Cumba
731 1847 820 1878 volat
843 1850 1037 1889 gratumque
1061 1846 1151 1878 vehit
1174 1846 1332 1878 fidissima
1355 1846 1492 1889 pondus.

504 1912 540 1930 115
578 1898 751 1940 Excipitur
774 1898 870 1930 solito
893 1899 1029 1930 fratrum
1051 1898 1180 1930 fervore
1205 1898 1375 1933 sacerdos:

579 1950 744 1982 Incumbit
766 1950 925 1992 precibus,
951 1951 1096 1993 sequitur
1119 1960 1215 1992 quem
1240 1950 1346 1982 contio
1370 1952 1452 1982 tota.

580 2002 755 2044 Extemplo
779 2002 894 2034 validis
919 2005 1058 2034 artatum
1083 2002 1227 2034 nexibus
1252 2002 1354 2033 hostis

581 2054 752 2097 Captivum
777 2054 915 2086 sublime
939 2055 1034 2097 rapit,
1058 2054 1201 2096 dumque
1225 2054 1287 2086 iste
1311 2056 1457 2085 moratur

580 2107 619 2138 In
642 2106 805 2149 precibus,
829 2107 907 2138 furit
931 2107 982 2138 hic
1006 2110 1038 2138 et
1062 2107 1233 2149 questibus
1257 2117 1334 2138 aera
1358 2106 1501 2148 complet

506 2172 543 2191 120
581 2159 689 2201 Seque
714 2159 807 2190 ferox
831 2159 939 2190 miseri
963 2158 1159 2190 trudendum
1182 2161 1315 2200 pectore
1341 2157 1507 2195 frendens,

581 2211 730 2243 Laedere
755 2222 927 2253 corporeos
952 2212 1069 2243 saltem
1093 2210 1256 2243 sineretur
1279 2214 1315 2242 ut
1339 2213 1439 2250 artus,

583 2264 744 2306 Inplorat;
770 2263 828 2295 sed
851 2266 884 2295 et
907 2263 969 2295 hoc
994 2263 1057 2295 sibi
1079 2274 1144 2295 non
1169 2263 1345 2295 succedere
1370 2265 1479 2295 certus

582 2315 674 2347 Exiit
698 2316 873 2348 obscenam
898 2316 1094 2358 compulsusv
1110 2325 1262 2357 rumpere
1285 2317 1430 2357 partem:

582 2367 771 2409 Condignus
797 2367 944 2409 sequitur
967 2367 1047 2398 furis
1070 2367 1208 2408 vestigia
1230 2366 1345 2398 foetor.

506 2432 542 2451 125
582 2419 708 2451 Claruit
732 2429 811 2460 ergo
837 2419 927 2450 locus
951 2418 1077 2450 meritis
1102 2421 1135 2449 et
1159 2418 1282 2451 honore
1307 2417 1455 2458 magistri

582 2471 625 2502 Et
652 2470 887 2502 succedentum
914 2470 1134 2502 moderamine
1158 2469 1391 2512 discipulorum

582 2524 642 2555 Ille
667 2523 738 2558 diu;
763 2523 923 2554 calamum
949 2522 1091 2554 brevitas
1115 2533 1134 2553 a
1158 2521 1277 2553 talibus
1302 2524 1402 2552 arcet.

324 2629 428 2654 Scholia
448 2642 478 2646 —
497 2628 530 2654 85
548 2627 724 2661 Conclamata]
743 2628 886 2661 desperata.
905 2642 937 2644 —
955 2628 1092 2652 Terentius
1111 2626 1189 2658 (Eun.
1211 2626 1247 2651 II
1255 2628 1279 2658 3,
1295 2625 1351 2657 57):
1371 2625 1572 2651 ‘Conclamatum
1591 2629 1629 2650 est

221 2674 248 2696 M
251 2675 270 2696 A
276 2671 327 2705 TA]
346 2673 444 2698 semina

539 2671 573 2697 95
591 2671 695 2704 sevisse]
715 2672 853 2696 seminasse

322 2757 354 2782 87
373 2759 431 2783 fatis
450 2757 583 2791 Roschius]
604 2758 676 2783 factis
689 2758 714 2783 P

219 2801 244 2826 P
261 2805 283 2826 et
300 2801 421 2826 Bosclzius

527 2801 575 2826 104
594 2802 689 2834 negotii
708 2802 734 2826 P

798 2757 833 2783 95
851 2756 1015 2790 Demonieos]
1034 2766 1046 2782 s
1065 2757 1093 2782 in
1111 2757 1128 2782 l.
1146 2766 1168 2781 r.
1183 2757 1207 2781 P

838 2800 886 2826 126
905 2801 1096 2826 succedentium
1115 2809 1181 2825 corr.
1201 2799 1226 2824 Ρ

951 2670 998 2696 101
1020 2669 1069 2703 his]
1089 2671 1187 2695 clericis
1205 2674 1230 2695 et
1249 2669 1382 2694 monachis

1260 2755 1345 2788 flatus]
1365 2764 1377 2781 s
1396 2756 1422 2780 in
1441 2756 1458 2781 l.
1477 2765 1499 2780 r.
1519 2754 1544 2779 P
1595 2752 1699 2785 talc-esp

1605 1070 1642 1094 Dc
1674 1070 1785 1095 adventu
1811 1071 1864 1095 ciue

1611 1114 1647 1138 ad
1667 1115 1855 1139 monasterium.

1719 2622 1754 2648 86
1772 2623 1870 2647 ΣΠΕΡ-

1484 2667 1533 2693 120
1550 2666 1680 2700 frendens]
1701 2667 1837 2699 indignans

1784 2751 1816 2777 97
1836 2752 1871 2777 sic

2053 2906 2060 2999 ..--
2057 2862 2060 2866 ,
2043 2779 2060 2811 ΑΑ
