2040 2996
203 126 244 157 82
773 119 937 147 AUDRADI
955 118 1082 146 MODICI
1101 116 1276 145 CARMINA.

567 208 696 240 Primus
721 211 754 239 et
777 207 819 238 ad
843 207 943 238 vitam
967 206 1097 238 devicta
1120 207 1223 236 morte
1247 204 1452 247 triumphans

569 260 633 291 Ter
655 259 817 292 redeunte
843 258 894 290 die
921 258 1081 301 posthaec
1105 257 1248 289 surrexit
1271 257 1311 288 ab
1334 256 1457 288 umbris

575 311 727 343 Christus
753 315 785 343 et
809 322 827 343 e
852 311 998 342 tenebris
1020 311 1131 341 lumen
1154 309 1358 351 resplenduit
1380 309 1461 348 orbi,

571 363 618 394 Ut
642 363 691 394 sol
714 366 789 406 post
814 363 970 394 tenebras
994 362 1160 403 consurgit
1180 362 1253 393 luce
1278 361 1465 399 choruscus.

479 422 518 441 ³³⁰
579 414 730 447 Condere
754 425 850 457 quem
875 414 998 446 densae
1022 424 1187 455 nunquam
1210 415 1347 455 potuere
1370 412 1536 444 tenebrae.

575 466 630 498 Sic
655 466 755 497 chaos
780 477 966 508 exuperans
990 465 1141 497 Christus
1164 464 1204 497 de
1228 468 1333 496 morte
1356 464 1507 506 migravit

574 519 686 561 Atque
711 519 800 561 pium
826 518 948 550 celebri
963 520 1045 550 vcum
1070 517 1200 549 nomine
1223 516 1347 559 pascha
1371 516 1520 548 sacravit.

572 570 646 606 Quo
673 571 826 602 transivit
850 570 945 609 euim,
970 570 1027 601 lux
1051 572 1102 601 est
1124 572 1158 601 et
1179 569 1247 600 vita
1269 568 1422 610 perennis

575 622 668 654 Dans
693 622 829 654 formam
855 622 950 653 nobis
973 621 1120 653 tenebris
1144 630 1313 662 emergere
1336 630 1449 662 posse;

482 681 520 699 ³³⁵
580 675 615 706 Si
639 677 748 706 tamen
774 674 862 705 illius
887 674 1092 705 celebremus
1115 672 1276 714 dogmatis
1299 671 1422 710 horam,

571 726 711 757 Lumine
737 736 834 768 quam
860 726 969 764 lunae,
993 735 1129 756 numero
1154 724 1295 766 signavit
1318 726 1352 755 et
1375 723 1471 754 almo.

572 778 734 809 Inferiore
758 778 862 819 legas,
889 778 916 809 si
938 777 989 809 vis
1013 777 1106 815 haec,
1131 776 1284 815 carmina,
1308 786 1419 807 nosse.

534 829 662 861 Perfice
686 839 773 860 nunc
800 839 940 867 mecum,
965 828 1118 860 caelestis
1141 827 1259 870 gratia,
1282 837 1413 859 carmen

532 881 669 913 Aeterni
690 881 800 921 fontis,
825 881 950 923 scyphi,
979 880 1143 923 paschalis
1168 882 1201 911 et
1223 879 1331 911 horae.

478 940 516 958 ³4⁰
575 933 671 964 Nunc
695 932 782 972 audi,
807 933 918 972 frater,
943 943 1027 974 quae
1051 932 1093 964 sit
1116 931 1273 973 displosio
1296 930 1384 963 nodi.

574 984 613 1015 In
639 985 771 1026 gemina
796 985 905 1026 specie
928 985 1026 1015 lunae
1050 983 1263 1024 distinguitur
1285 982 1386 1014 orbis:

577 1036 711 1067 Scilicet
735 1035 874 1067 obscura
897 1036 1049 1076 claraque
1073 1035 1207 1076 fugante
1230 1033 1397 1065 tenebras.

576 1086 705 1118 Dicitur
729 1086 790 1118 hac
815 1087 923 1128 specie
947 1097 1023 1128 pars
1047 1089 1154 1118 terrae
1177 1095 1317 1128 parsque
1342 1085 1505 1128 polorum:

578 1138 715 1180 Effigies
738 1138 880 1170 hominis
903 1138 1056 1169 manibus
1078 1134 1240 1180 plasmata
1264 1138 1420 1174 creantis;

478 1198 516 1217 ³4⁵
574 1191 722 1222 Actenus
746 1194 780 1222 et
804 1191 900 1222 terris
925 1201 1117 1222 conversum
1142 1191 1253 1222 lumen
1277 1189 1318 1221 ad
1340 1189 1431 1221 illum

572 1242 713 1274 Vertere
738 1242 816 1273 luna
838 1245 961 1280 monet.
1007 1241 1100 1278 Quae
1124 1241 1201 1273 dum
1226 1252 1286 1273 sua
1307 1241 1432 1273 lumina
1454 1241 1551 1273 terris

574 1293 688 1325 Volvit
714 1297 747 1325 et
772 1293 813 1325 ad
838 1294 966 1325 caelum
989 1293 1136 1326 tenebris
1161 1293 1303 1324 obducta
1325 1295 1469 1325 tenetur:

571 1345 638 1377 Dat
662 1345 804 1376 hominis
828 1345 979 1384 formam,
1003 1346 1068 1387 qui,
1094 1345 1169 1376 dum
1194 1345 1362 1376 terrestria
1385 1345 1522 1387 quaerit,

570 1397 699 1438 Ingenii
722 1397 834 1428 lumen
858 1400 963 1428 terras
987 1397 1146 1428 convertit
1173 1396 1215 1428 ad
1238 1397 1330 1436 imas,

477 1456 516 1475 ³⁵⁰
573 1449 718 1491 Excipit,
743 1451 786 1488 et,
810 1449 900 1491 vulgi
924 1449 1074 1491 gaudens
1098 1449 1175 1481 dum
1198 1459 1364 1480 murmure
1386 1448 1512 1488 laudes,

572 1501 752 1544 Dispectus
777 1501 879 1540 caelo,
903 1501 1049 1533 tenebris
1073 1501 1232 1533 obductus
1257 1501 1412 1538 habetur;

573 1553 705 1584 Interea
726 1553 896 1584 minimum
920 1554 1040 1595 poterit
1063 1554 1254 1596 sollempnis
1277 1552 1404 1584 haberi.

309 1683 360 1710 326
384 1685 416 1709 ad
440 1682 527 1716 vitam]
553 1683 627 1708 adum
651 1691 717 1707 corr.
741 1681 777 1713 B,
801 1682 880 1707 trium
899 1701 904 1707 .
919 1701 925 1707 .
941 1701 947 1707 .
961 1700 967 1706 .
987 1682 1012 1706 R
1105 1681 1157 1707 328
1178 1683 1277 1715 respuit
1300 1691 1367 1707 corr.
1392 1682 1417 1706 R
1509 1681 1560 1707 329
1583 1682 1642 1707 luce
1666 1682 1714 1706 cho
1733 1699 1823 1706 .....
1842 1681 1866 1706 R

206 1727 256 1753 331
276 1729 342 1760 migr
361 1747 367 1753 .
381 1747 386 1752 .
400 1746 406 1752 .
421 1747 427 1752 .
445 1727 470 1752 R
557 1725 609 1752 332
627 1734 669 1751 sac
687 1744 773 1751 .....
792 1725 817 1750 R
903 1724 956 1750 334
972 1726 996 1750 D
1009 1744 1015 1750 .
1028 1734 1059 1750 ns
1077 1727 1158 1751 forma
1175 1734 1222 1750 .no
1236 1745 1242 1751 .
1256 1745 1262 1750 .
1275 1734 1287 1750 s
1306 1725 1420 1751 tenebris
1437 1733 1569 1758 emergere
1582 1741 1670 1750 .....
1689 1724 1714 1749 Β
1733 1722 1793 1756 (cfr.
1806 1723 1863 1749 Iuv.

202 1779 273 1803 pers.
293 1771 324 1795 de
343 1770 414 1795 laud.
436 1770 495 1795 Chr.
515 1770 531 1794 l.
552 1778 571 1794 c.
595 1767 643 1792 132
661 1769 775 1793 tenebris
793 1777 923 1801 emergere
941 1769 1065 1801 plebem),
1089 1777 1228 1802 exsurgere
1250 1768 1271 1797 Ο
1293 1768 1354 1801 (cfr.
1375 1769 1503 1794 Commod.
1523 1777 1543 1793 c.
1562 1769 1631 1801 apol.
1651 1767 1704 1793 140
1721 1768 1773 1793 Dat
1791 1767 1866 1792 uobis

207 1814 353 1846 exemplum
373 1817 430 1846 post
448 1814 540 1838 funera
557 1820 662 1845 surgere
681 1810 765 1845 posse)
853 1811 904 1837 336
923 1821 974 1844 qua
992 1812 1024 1844 R,
1042 1813 1154 1845 signavit
1171 1816 1197 1837 et
1213 1831 1219 1837 .
1232 1812 1267 1836 lm
1278 1831 1284 1837 .
1307 1811 1332 1836 R
1418 1810 1471 1837 340
1488 1812 1528 1836 dis
1541 1831 1547 1837 .
1562 1830 1568 1836 .
1582 1831 1588 1836 .
1601 1812 1638 1836 sio
1657 1811 1682 1835 R

310 1889 362 1915 326
382 1889 490 1915 Iuvenc.
510 1887 565 1921 IV,
585 1888 635 1915 758
653 1887 765 1914 devicta.
782 1890 872 1914 morte
891 1909 897 1914 .
911 1908 917 1913 .
931 1909 937 1915 .
957 1888 1098 1914 Hincmar.
1115 1887 1148 1914 de
1165 1888 1240 1914 Mar.
1260 1896 1282 1914 v.
1301 1888 1334 1915 37
1352 1887 1392 1914 ed.
1413 1887 1475 1914 Mai
1491 1888 1521 1914 cl.
1541 1890 1612 1915 auct.
1636 1887 1666 1920 V,
1684 1887 1737 1914 453
1754 1886 1868 1913 devicta

208 1943 297 1967 morte
322 1949 476 1975 resurgens.
581 1940 631 1967 327
658 1939 747 1966 Sedul.
772 1939 801 1973 V,
821 1940 872 1967 300
894 1940 949 1966 Ter
971 1940 1106 1967 redeunte
1129 1939 1183 1966 die.
1287 1940 1339 1966 328
1361 1947 1413 1973 sqq.
1436 1939 1545 1966 Arator.
1565 1939 1587 1973 I,
1608 1939 1658 1965 178
1681 1947 1733 1972 sqq.
1757 1937 1867 1973 pavidis

208 1993 383 2027 resplenduit
407 1992 511 2019 umbris
534 1993 537 2025 Ι
560 1991 668 2026 pallida
690 1999 778 2026 regna.
802 1992 915 2025 petens,
942 1991 1056 2025 propria
1080 1999 1164 2024 quem
1186 1991 1248 2017 luce
1270 1999 1413 2017 coruscum
1434 1993 1438 2024 Ι
1458 1998 1515 2017 non
1538 1989 1633 2024 potuit
1651 1989 1759 2016 fuscare
1777 1989 1868 2020 chaos,

208 2044 304 2078 fugere
329 2044 444 2071 dolores.
549 2044 599 2070 331
623 2043 729 2069 luz-em.
750 2043 790 2075 II,
809 2044 860 2070 653
884 2042 991 2077 migrat
1013 2042 1049 2069 ab
1073 2043 1136 2069 atra
1157 2042 1162 2074 1
1183 2043 1280 2069 morte.
1385 2041 1437 2069 340
1458 2050 1511 2076 sqq.
1534 2041 1630 2068 Isidor.
1651 2041 1683 2067 de
1706 2040 1868 2068 ecclesiastic.

209 2096 303 2128 officiis
320 2104 340 2122 c.
359 2096 393 2122 32
410 2095 448 2122 ed.
468 2096 570 2122 Areval.
587 2095 636 2129 VI,
653 2096 704 2122 399
722 2103 758 2129 sq.
800 2095 873 2128 Quia
891 2104 956 2122 vero
974 2095 1003 2122 in
1023 2096 1083 2122 toto
1102 2097 1227 2129 tempore
1245 2095 1348 2122 saeculi
1367 2103 1442 2121 nunc
1460 2094 1574 2121 tertium
1597 2095 1708 2128 tempus
1726 2093 1867 2128 apparuit,

209 2147 272 2174 ideo
299 2147 465 2174 resurrectio
492 2147 598 2174 domini
628 2147 760 2173 triduana
787 2148 830 2174 est
857 2147 913 2181 (cfr.
941 2147 1080 2174 Hincmar.
1110 2147 1244 2180 explanat.
1271 2146 1302 2172 im
1328 2146 1418 2179 formal.
1447 2146 1545 2173 Salom.
1571 2145 1609 2172 cd.
1635 2145 1716 2172 Sinn.
1742 2146 1771 2179 1,
1795 2145 1868 2179 757).

210 2199 334 2225 Primum
359 2200 392 2232 (v.
412 2200 463 2226 356
481 2200 547 2232 sqq.)
571 2198 645 2225 enim
671 2200 781 2233 tempus
805 2200 848 2226 est
871 2200 937 2225 ante
960 2199 1065 2233 legem,
1090 2199 1242 2226 secundum
1260 2198 1310 2225 sub
1329 2198 1405 2232 lege,
1431 2197 1545 2224 tertium
1565 2198 1597 2231 (v.
1615 2197 1678 2231 369)
1697 2197 1747 2223 sub
1766 2196 1868 2232 gratia,

211 2251 258 2277 ubi
282 2250 337 2277 iam
362 2250 542 2277 manifestum
567 2252 610 2277 est
634 2252 838 2277 sacramentum
862 2251 937 2284 quod
962 2252 1022 2277 erat
1044 2252 1110 2285 ante
1133 2250 1162 2276 in
1181 2250 1344 2285 prophetico
1363 2249 1523 2284 aenigmate
1541 2249 1689 2276 occultum.
1724 2248 1784 2275 Hoc
1802 2257 1868 2283 ergo

213 2303 240 2329 et
259 2302 288 2328 in
307 2302 398 2328 lunari
418 2310 533 2328 numero
552 2302 736 2336 significatur.
773 2302 845 2334 Quia.
864 2302 938 2329 enim
957 2302 1132 2336 septenarius
1149 2311 1280 2328 numerus
1299 2302 1370 2329 solet
1387 2302 1417 2328 in
1435 2301 1579 2336 scripturis
1598 2301 1634 2328 ad
1652 2301 1792 2335 quandam
1806 2309 1869 2335 per-

212 2354 361 2381 fectionem
386 2354 521 2388 mysticus
547 2363 694 2388 apparere,
719 2354 748 2380 in
773 2354 858 2380 tertia
880 2354 1055 2380 hebdomada
1078 2353 1161 2380 lunae
1183 2354 1287 2394 pascha
1309 2353 1465 2381 celebratur
1482 2353 1501 2380 i.
1520 2361 1543 2380 e.
1567 2353 1616 2387 qui
1641 2353 1700 2380 dies
1717 2351 1870 2379 occurrerit

213 2414 230 2431 a,
248 2407 348 2438 quarta
367 2405 476 2432 decima
495 2406 525 2432 in
543 2406 704 2432 vicesimam
723 2406 850 2440 primam.
888 2406 940 2432 Sed
960 2407 989 2432 ct
1006 2414 1062 2432 non
1081 2406 1170 2432 solum
1188 2407 1302 2440 propter
1318 2407 1429 2440 tempus
1447 2405 1573 2437 tertium,
1598 2405 1666 2439 quia
1683 2404 1749 2431 inde
1767 2403 1869 2438 incipit

213 2457 387 2483 hebdomada.
411 2458 509 2490 tertia,
536 2458 585 2484 sed
608 2458 694 2484 etiam
718 2459 833 2492 propter
855 2457 945 2491 ipsam
970 2457 1176 2484 conversionem
1198 2457 1290 2484 lunae.
1326 2457 1406 2484 Tunc
1423 2457 1497 2484 enim
1515 2457 1565 2483 illa
1583 2456 1619 2483 ab
1637 2455 1815 2483 inferioribus
1832 2454 1869 2481 ad

214 2508 358 2542 superiora
376 2509 551 2536 convertitur
569 2511 598 2536 et
617 2510 686 2537 haee
704 2510 784 2537 nobis
803 2510 838 2536 de
852 2510 920 2536 luna
932 2509 1087 2536 similitudo
1099 2509 1251 2536 assumitur
1263 2510 1295 2542 (v.
1307 2510 1359 2536 343
1370 2511 1434 2543 sqq.)
1447 2509 1482 2536 de
1494 2508 1653 2536 visibilibus
1665 2509 1701 2536 ad
1714 2508 1869 2535 invisibilia

214 2562 244 2586 et
268 2559 302 2586 de
325 2561 516 2594 corporalibus
540 2562 576 2588 ad
600 2562 760 2596 spiritualia
784 2563 958 2589 sacramenta
976 2561 1109 2593 transire,
1133 2563 1165 2588 ut
1182 2561 1272 2595 magis
1291 2561 1436 2595 magisque
1454 2561 1519 2587 huic
1537 2561 1648 2588 saeculo
1670 2560 1822 2588 moriamur
1839 2561 1869 2586 et

213 2611 274 2637 vita.
298 2613 391 2638 nostra
419 2612 605 2639 abscondatur
627 2622 688 2640 cum
708 2614 817 2640 Christo
837 2621 1003 2647 omnemque
1021 2613 1112 2639 lucem
1130 2613 1216 2640 studii
1234 2613 1337 2643 nostri.
1363 2621 1435 2646 quae
1454 2613 1490 2639 ad
1508 2612 1641 2639 interiora
1658 2611 1807 2646 vergebat,
1831 2611 1868 2638 ad

215 2663 358 2697 superiora
377 2665 577 2691 convertamus.
615 2665 799 2692 Comme-tiara
815 2665 878 2691 haec
895 2665 926 2690 in
944 2665 1074 2699 etymolog.
1090 2664 1130 2690 V1
1146 2665 1186 2697 17,
1205 2664 1347 2698 compilata
1363 2673 1381 2690 a
1395 2664 1528 2691 Hrabano
1540 2663 1571 2690 de
1581 2664 1693 2691 clericor.
1705 2663 1767 2690 inst.
1780 2663 1820 2696 Π,
1834 2663 1868 2689 39

215 2714 252 2741 ed.
271 2714 364 2748 Miyne
383 2714 471 2748 GVH,
490 2715 549 2742 350.
653 2717 702 2743 341
721 2725 758 2750 ες.
778 2717 827 2749 cfr.
846 2717 880 2744 85
898 2725 936 2751 sq.
1041 2717 1093 2747 343
1110 2716 1199 2744 Sedul.
1219 2717 1258 2750 II,
1277 2717 1328 2743 262
1351 2716 1450 2743 Altera
1471 2725 1536 2757 pars
1555 2716 1659 2743 etenim
1677 2715 1748 2746 caeli
1766 2723 1869 2747 sumus,

215 2767 305 2795 altera
323 2768 421 2797 terrae.
527 2768 577 2794 346
595 2776 630 2801 sq.
651 2769 698 2801 cfr.
717 2769 750 2795 87
766 2777 802 2802 851.

1866 2819 1888 2841 ἢ.
