2060 3074
841 162 933 189 PARS
952 162 1004 190 VII
1022 163 1068 189 ΕΤ
1088 163 1161 191 VIII.
1763 167 1825 199 549

953 282 1047 315 vm.

991 349 1011 370 Ι.

538 395 666 438 Kyrrie,
690 397 878 439 caeligenae
901 398 951 430 cui
974 399 1077 441 pollet
1097 399 1202 441 gratia
1226 400 1360 441 formae,

538 446 658 479 Astrea
680 447 859 480 Caesareos
882 450 933 481 cui
956 450 1087 492 cingunt
1110 453 1284 483 stemmata
1306 453 1422 493 vultus,

537 498 666 541 Regum
689 500 871 542 progenies,
896 511 976 543 quos
999 502 1089 533 auxit
1111 502 1249 534 Francia
1271 503 1360 544 felix,
1384 523 1386 525 >

539 549 635 582 Orbis
659 553 816 583 terrarum
841 562 920 594 quos
944 553 1011 584 alta
1033 563 1113 585 voce
1136 554 1264 595 salutat,

481 613 494 632 s
537 601 704 633 Laudibus
726 602 900 645 amplificat
922 607 1095 636 veneratur
1118 604 1199 637 ditat
1220 605 1359 638 honorat

537 652 703 696 (Undique
727 664 920 687 concurrens
942 658 1076 698 pontum
1100 660 1199 697 secat,
1225 657 1346 689 eminet
1368 660 1473 700 arva):

537 704 646 745 Salve,
670 704 895 738 Christicolum
918 710 1043 748 vertex,
1067 708 1248 750 gratissime
1272 719 1395 751 regum.

537 756 612 789 Rex
634 757 699 800 pie,
723 757 833 790 devoti
855 769 896 791 ne
920 769 1055 802 spernas
1077 759 1198 792 donula
1220 761 1320 793 servi:

536 808 700 851 Exiguum
722 820 847 851 munus,
870 811 962 853 largo
985 811 1044 843 sed
1066 811 1156 843 fonte
1180 815 1358 855 receptum,

466 873 492 892 ιο
535 859 769 902 Ohristiferum,
793 866 921 904 patrum
944 863 1100 905 mysteria
1122 864 1261 906 plurima
1283 867 1433 896 tractans.

536 912 610 944 Hoc
633 923 714 955 opus
736 914 768 945 in
792 913 918 946 Graeco
942 916 1120 947 construxit
1142 915 1303 947 Maximus
1326 916 1422 957 abba,

536 963 698 1007 Egregius
719 969 838 1008 pastor,
864 966 1028 1009 scripturis
1051 967 1177 998 inclitus
1200 970 1322 1007 auctor,

537 1015 648 1058 Magni
670 1015 820 1058 Gregorii
842 1018 1037 1060 perplanans
1061 1018 1147 1050 dicta
1169 1022 1304 1059 remota,

537 1066 692 1099 Sensibus
714 1067 861 1100 humanis
883 1069 1089 1101 theoremata
1111 1073 1220 1102 mente
1244 1071 1424 1102 revolvens.

466 1131 489 1150 1³
532 1118 602 1151 Nec
624 1129 688 1151 non
710 1120 742 1152 in
765 1121 872 1152 multis
894 1120 1069 1164 Dionysius
1092 1121 1222 1154 additur
1244 1122 1314 1165 ipse

535 1170 755 1215 Ariopagites‚
779 1176 872 1204 ornat
895 1183 993 1215 quem
1016 1173 1166 1205 laudibus
1190 1174 1315 1216 amplis,

536 1221 700 1265 Explanat
722 1226 906 1266 testemque
929 1227 1024 1256 vocat
1047 1228 1238 1268 patremque
1262 1225 1395 1257 beatum

536 1273 689 1316 Tangens
712 1275 906 1318 symbolicas
928 1276 1097 1318 praeclaro
1119 1276 1240 1308 lumine
1262 1276 1390 1319 byblos,

535 1325 624 1363 Quas
646 1336 709 1358 nos
727 1326 886 1359 edidimus
909 1327 1001 1360 vobis
1022 1328 1230 1371 poscentibus
1253 1329 1340 1360 olim.

463 1390 489 1410 ιο
531 1377 605 1410 Hac
628 1388 756 1421 quoque
779 1378 820 1411 de
845 1389 942 1411 causa
964 1379 1131 1422 praefatus
1154 1379 1316 1412 Maximus
1338 1380 1424 1412 abba

533 1429 648 1462 Editus
671 1433 720 1462 est
742 1440 846 1474 nuper
866 1434 976 1463 nostro
999 1431 1136 1463 sudante
1159 1431 1282 1471 labore,

533 1480 725 1524 Effectuque
749 1482 802 1524 pio
826 1485 968 1514 vestrum
991 1483 1045 1525 pia
1067 1483 1154 1514 iussa
1176 1485 1350 1525 sequentes

534 1532 660 1564 Cursim
683 1534 912 1574 transtulimus,
937 1544 1020 1576 quae
1043 1535 1144 1566 multo
1168 1537 1316 1576 tempore
1342 1538 1502 1576 quaerunt

533 1584 577 1616 Et
599 1583 714 1616 doctos
737 1595 849 1616 sensus
875 1588 909 1617 et
931 1595 1031 1628 purae
1054 1585 1172 1631 mentis
1195 1595 1341 1618 acumen.
1392 1586 1394 1588 ’

977 1690 1010 1712 n.

533 1739 684 1783 Quisquis
707 1740 868 1772 rhetorico
892 1740 1065 1772 verborum
1088 1743 1229 1783 syrmate
1252 1740 1385 1783 gaudet,

577 1791 721 1827 Quaerat
742 1791 972 1834 grandiloquos
995 1791 1101 1823 Tullia
1124 1795 1230 1823 castra
1251 1794 1382 1834 petens3

532 1842 594 1875 Ast
615 1843 692 1875 mihi
715 1846 766 1875 sat
788 1843 894 1884 fuerit,
918 1843 944 1875 si
968 1843 1082 1886 planos
1103 1853 1238 1886 carpere
1262 1854 1373 1875 sensus

574 1894 711 1926 Possem
733 1894 908 1927 tardilocus
930 1897 1100 1937 pragmata
1122 1895 1192 1926 sola
1214 1905 1363 1938 sequens.

483 1958 495 1977 ³
538 1945 676 1977 Interior
698 1946 796 1977 vii-ms
819 1955 1004 1978 sermonum
1027 1945 1088 1977 rite
1111 1945 1265 1977 tenenda:

577 1994 759 2029 Verborum
782 1997 893 2029 bombi
917 1997 1030 2029 fallere
1054 2007 1154 2039 saepe
1178 1997 1295 2030 solent.

531 2048 566 2080 Si
589 2049 659 2092 quis
681 2049 714 2081 in
736 2049 895 2081 ambobus
918 2049 1025 2081 divino
1048 2059 1182 2081 munere
1206 2049 1318 2091 pollet,

574 2100 638 2133 Hic
661 2101 798 2144 primum
821 2100 922 2133 debet
945 2101 1013 2132 iure
1037 2103 1149 2132 tenere
1172 2100 1314 2132 modum.

271 2229 364 2264 [VEL]
382 2230 480 2264 [1-111.]
499 2231 717 2263 anmatan'i
735 2231 852 2256 Parieini
871 2231 952 2257 codex
970 2233 1019 2257 237
1035 2231 1096 2256 olim
1115 2230 1144 2256 S.
1155 2230 1266 2255 Marcius*
1283 2240 1301 2255 ιι
1320 2230 1435 2263 Campis)
1446 2231 1500 2263 fol.
1514 2230 1537 2264 7,
1558 2230 1597 2263 7⁰,
1615 2231 1644 2263 8;
1668 2231 1816 2263 M(a2arim'

167 2273 248 2299 coda
264 2276 310 2299 5⁶1
331 2274 393 2300 olim
412 2274 570 2307 Gorvieruis)
584 2275 637 2308 sol.
650 2274 675 2307 6,
690 2274 728 2306 6⁶,
741 2274 756 2299 7
838 2274 849 2299 l
875 2275 988 2308 celigiuQ
1008 2274 1031 2298 A
1055 2274 1168 2307 cellgine
1187 2273 1220 2304 (et
1237 2273 1273 2298 sic
1290 2282 1304 2299 e
1322 2282 1374 2306 pro
1392 2281 1437 2299 ae:
1459 2283 1535 2306 greco
1554 2274 1612 2306 111,
1637 2275 1752 2308 preclaro
1773 2274 1814 2307 18,

167 2317 282 2349 prot-tus
298 2315 341 2349 m,
366 2321 479 2350 querunt
496 2317 538 2350 23,
561 2318 676 2351 preclara
693 2316 774 2348 11115)
794 2317 827 2342 Μ
915 2316 932 2342 2
953 2311 1070 2343 cesar-sos
1094 2315 1128 2349 (et
1146 2317 1182 2341 sic
1199 2325 1214 2342 e
1237 2325 1286 2348 pro
1304 2325 1346 2342 ae:
1368 2325 1444 2349 greco
1469 2315 1527 2349 111,
1553 2318 1668 2350 preclaro
1689 2317 1729 2350 18,
1752 2326 1813 2351 sepe

168 2358 212 2385 116
229 2363 253 2386 a
269 2359 332 2392 1115)
352 2360 375 2386 Δ
465 2360 498 2386 15
514 2361 648 2394 dyonisius
666 2360 691 2385 A
710 2361 835 2386 dionisius
852 2360 886 2385 M

271 2401 318 2437 [ιι]
337 2403 355 2429 3
372 2404 408 2429 At
425 2403 458 2428 Μ
541 2403 559 2429 4
577 2404 739 2437 tardiloquus
756 2403 790 2428 M

271 2483 366 2518 [vum
391 2483 491 2519 [1-111.]
519 2483 649 2510 camina
667 2483 757 2517 posim
779 2483 811 2510 in
835 2483 925 2516 fronte
943 2482 1132 2516 Ambianorum
1153 2482 1270 2508 Maoeimi
1293 2482 1453 2514 confessoris]
1473 2491 1491 2508 a
1510 2482 1632 2509 Iohanne
1650 2483 1735 2516 paulo
1753 2485 1815 2516 post

168 2534 332 2570 Dionysium
350 2534 452 2562 Latine
474 2540 574 2562 versum
599 2535 799 2562 oranskztorum.
888 2536 920 2561 15
947 2534 1097 2568 Dionysius
1121 2534 1149 2560 in
1176 2533 1272 2560 multis
1296 2533 1411 2560 additur
1435 2533 1500 2567 (pro
1518 2533 1651 2567 Dionysio
1670 2534 1698 2560 in
1718 2535 1814 2561 multis

167 2585 249 2613 rebus
271 2586 396 2621 additur)
420 2587 437 2613 i.
457 2589 531 2614 reeta
553 2587 611 2614 eius
631 2587 814 2621 interpretatio
836 2587 950 2614 mullum
974 2586 1037 2613 inde
1059 2587 1190 2619 lucratur,
1214 2585 1250 2619 cf.
1269 2585 1388 2612 Maximi
1406 2585 1538 2619 Ambiyua
1562 2594 1580 2612 α
1600 2585 1655 2612 Ioh.
1680 2587 1814 2613 translata

167 2637 219 2671 (od.
237 2637 322 2665 Floss
343 2646 407 2673 paq.
421 2639 514 2673 1195).·
539 2638 664 2666 fortassis
692 2640 786 2666 autem
815 2647 870 2665 non
899 2639 957 2665 tam
981 2637 1080 2664 densas
1102 2636 1234 2669 subierim
1263 2635 1412 2670 caligines,
1440 2636 1495 2663 nisi
1520 2636 1642 2663 viderem
1660 2637 1812 2664 Maximum

167 2689 328 2724 saepissime
353 2689 384 2717 in
406 2698 535 2724 processu
562 2690 605 2717 sui
630 2690 722 2725 operis
745 2690 953 2717 obscurissimas
975 2688 1103 2723 Dionysii
1128 2688 1316 2722 Areopagitae
1343 2688 1513 2721 sententias,
1540 2688 1620 2716 cuius
1647 2689 1813 2723 symbolicos

167 2741 393 2778 theologicosque
423 2751 519 2770 sensus
548 2751 638 2778 nuper
663 2742 742 2770 vobis
771 2743 902 2770 similiter
931 2742 1094 2769 iubentibus
1124 2741 1270 2773 transtuli,
1303 2741 1491 2767 introduxisse
1522 2739 1700 2774 mirabilique
1730 2741 1812 2768 modo

167 2793 341 2822 dilucidasse.

270 2845 375 2872 Pon-ru:
393 2853 477 2872 unm
495 2853 555 2873 srvi
573 2846 697 2873 Csnoum
716 2845 764 2878 111,
781 2846 808 2873 2.
1575 2843 1609 2870 70
