2060 3074
219 212 282 241 502

881 204 1018 231 HEIRICI
1037 203 1212 230 CARMINA.

759 388 934 425 INCIPIT
960 387 1102 423 LIBER
1127 387 1322 423 SEXTVS.

628 464 767 496 Praevia
790 464 876 495 fama
899 473 996 494 ruens
1020 462 1150 493 Latium
1175 462 1361 493 conciverat
1384 461 1494 493 orbem
1617 464 1647 488 Vt
1666 464 1804 490 Ravennae
1828 465 1871 489 de-

585 516 777 558 Digressum
802 515 915 558 patriis
939 514 1138 546 Germanum
1163 524 1268 556 nuper
1291 513 1331 544 ab
1355 514 1420 545 oris
1611 508 1872 541 aideratusexoeptue-

586 569 776 600 Ravennam
800 570 890 599 certa
913 566 1054 598 celerem
1078 566 1204 597 ratione
1228 565 1348 597 subire.
1693 561 1739 584 que
1756 553 1794 576 εἰτ’

587 620 795 663 Compertum
818 618 850 650 id
873 618 983 660 populi
1006 618 1095 649 vario
1121 627 1269 649 sermone
1293 617 1457 649 ferebant:

537 685 548 704 5
587 672 730 703 Urbibus
754 675 787 702 et
812 671 899 709 vicis,
923 680 982 712 per
1006 670 1147 712 compita
1169 679 1291 711 perque
1316 669 1444 711 plateas

524 944 549 963 10

526 1465 552 1483 20

530 2245 554 2263 35

531 2503 557 2522 40

587 724 659 755 Hoc
683 724 740 760 vir,
766 723 826 754 hoc
851 723 977 761 mulier,
1001 722 1062 753 hoc
1086 725 1162 753 tunc
1185 721 1358 763 infansque
1383 732 1561 763 senexque,

587 776 660 807 Hoc
681 775 818 814 iuvenis,
841 774 983 806 medium
1006 777 1038 805 et
1059 774 1085 805 si
1107 773 1182 816 quid
1204 774 1419 816 iuvenemque
1435 783 1614 814 senemque

588 827 764 869 Dispescit.
810 826 949 858 Validae
974 825 1166 868 quatiebant
1190 826 1299 857 omnia
1323 836 1431 866 voces,

587 879 705 911 Omnia
727 879 906 917 fervebant,
931 878 1100 909 instabant
1124 878 1232 909 omnia
1255 878 1351 909 votis.

586 930 784 962 Germanum
808 930 911 967 dives,
937 929 1137 961 Germanum
1161 929 1302 972 denique
1326 940 1455 972 pauper

588 983 771 1014 Venturum
796 992 911 1014 resono
936 983 1059 1024 passim
1084 982 1226 1013 clamore
1250 981 1445 1013 fremebant.

588 1036 713 1068 Tantus
736 1046 826 1067 amor
850 1038 971 1074 sancto⁷
996 1038 1088 1066 tanta
1111 1037 1161 1066 est
1184 1035 1339 1066 instantia
1362 1034 1461 1075 vulgo

589 1088 706 1120 Visere
730 1087 916 1130 pontificem
940 1090 1127 1128 certamque
1152 1086 1276 1118 referre
1302 1086 1451 1117 salutem.

590 1139 632 1171 Et
656 1150 840 1182 quanquam
865 1139 985 1181 sumpti
1008 1141 1160 1180 respectu
1182 1138 1280 1180 plane
1303 1138 1426 1169 laboris

540 1205 550 1221 ν»
588 1192 766 1235 Impatiens
790 1194 923 1233 urgeret
946 1191 1018 1230 iter,
1043 1189 1101 1221 sed
1124 1190 1282 1232 plurimus
1306 1189 1406 1221 ardor

591 1243 768 1275 Obstantes
793 1253 891 1284 aegre
916 1252 1087 1284 nexusque
1110 1252 1284 1284 morasque
1308 1241 1435 1273 ferebat

590 1295 794 1338 Increpitans
819 1305 954 1338 segnem
978 1294 1121 1326 mordaci
1144 1297 1276 1336 pectore
1300 1304 1461 1335 gressum.

592 1347 646 1379 Sic
670 1347 844 1379 desideriis
869 1356 999 1388 semper
1022 1345 1135 1377 dilatio
1159 1346 1263 1377 fertur

591 1399 809 1432 Accumulat-e
834 1398 931 1430 sitim.
978 1397 1071 1434 Quae
1096 1397 1123 1429 si
1146 1397 1246 1429 dilata
1270 1397 1427 1433 residunt,

588 1452 662 1483 Non
685 1451 858 1491 desideria,
882 1453 970 1483 certe
994 1460 1059 1482 non
1082 1450 1139 1482 illa
1161 1450 1302 1481 fuerunt.

592 1503 739 1536 Tandem
764 1503 949 1545 susciperis,
973 1501 1093 1534 mundo
1116 1501 1303 1543 gratissime
1326 1501 1471 1544 praesul.

594 1556 776 1599 Expectate
800 1555 866 1594 diu,
890 1564 1075 1597 quanquam
1098 1563 1163 1585 non
1187 1556 1275 1585 sorte
1300 1553 1419 1596 cupita,

593 1608 684 1640 More
709 1606 839 1650 quidem
864 1606 960 1638 solito
986 1609 1144 1637 nocturna
1168 1605 1300 1637 silentia
1323 1608 1471 1648 captans.

592 1660 664 1692 Non
688 1662 799 1691 tamen
823 1658 978 1690 excubias
1002 1657 1067 1689 illic
1092 1657 1194 1688 vitare
1219 1667 1356 1699 sagaces

542 1731 551 1742 η
589 1712 693 1744 Posse
716 1711 778 1742 fuit
800 1721 861 1742 nec
884 1710 974 1742 fraus
998 1708 1133 1752 cupidos
1158 1711 1316 1751 concepta
1339 1707 1466 1747 fefellit,

593 1763 678 1800 Quin
702 1766 735 1795 et
759 1762 989 1804 conspicerent
1012 1764 1045 1793 et
1069 1763 1243 1803 conspecto
1269 1760 1464 1792 fruerentur.

593 1815 753 1857 Principis
778 1813 939 1846 ccclesiae
964 1813 1147 1855 meritoque
1172 1814 1205 1844 et
1228 1812 1361 1844 nomine
1384 1811 1512 1854 pollens

593 1867 711 1899 Petrus
735 1865 948 1908 apostolicum
973 1865 1060 1897 dicta
1085 1864 1239 1896 servabat
1262 1865 1295 1896 in
1319 1864 1400 1896 urbe

593 1920 692 1951 Forte
715 1929 860 1961 gregem,
885 1918 934 1950 vir
957 1917 1126 1960 praecelso
1150 1916 1333 1959 splendoris
1357 1916 1434 1948 aviti

591 1972 772 2004 stemmate
797 1970 1004 2012 conspicuus,
1028 1969 1131 2001 multa
1154 1972 1187 2000 et
1210 1968 1373 2011 probitate
1398 1978 1564 2000 coruscus.

637 2024 721 2055 Tum
744 2033 872 2065 quoque
895 2022 959 2053 iam
982 2021 1110 2053 iuvenis
1134 2031 1207 2052 cum
1231 2023 1334 2052 matre
1351 2020 1603 2051 Valentinianus
1626 2027 1657 2051 Ut
1685 2026 1880 2052 Valentinianus

595 2075 736 2107 Romula
758 2077 887 2116 sceptra
910 2083 1028 2115 gerens
1052 2082 1161 2104 rerum
1183 2071 1337 2104 flectebat
1360 2070 1509 2103 habenas
1620 2069 1880 2096 cummaaeretnnca'm-

594 2127 759 2160 Maximus
784 2126 930 2168 imperio,
954 2125 1050 2157 factis
1075 2127 1108 2157 et
1131 2124 1261 2156 nomine
1284 2133 1432 2165 magnus.
1618 2114 1719 2163 perurit·
1741 2118 1765 2138 εἴ
1786 2113 1818 2138 ‘¹⁶
1839 2121 1880 2138 ’ω’

596 2179 785 2211 Catholicae
808 2178 884 2210 fidei
907 2177 1049 2220 genitrix
1072 2175 1221 2208 Placidia
1244 2176 1334 2207 cultu
1655 2161 1766 2190 ceptume
1783 2165 1845 2182 Μ’·

591 2231 759 2274 Insignem
784 2233 897 2262 tenero
921 2240 1058 2272 puerum
1081 2228 1238 2260 formarat
1261 2227 1302 2259 ab
1326 2226 1427 2268 ungui

595 2284 775 2315 Stemmatc
800 2281 994 2323 condignum
1019 2280 1181 2323 quondam
1206 2279 1408 2322 sceptrisque
1430 2277 1583 2320 paternis.

596 2335 742 2377 Cumque
766 2333 940 2377 potestatis
964 2333 1183 2375 praecelleret
1205 2331 1317 2363 ordine
1342 2333 1476 2362 cunctos

596 2387 725 2429 Quippe
750 2389 842 2428 pater
865 2385 1000 2428 patriae,
1024 2384 1134 2426 magni
1158 2383 1344 2415 moderator
1367 2385 1400 2414 et
1425 2381 1523 2419 orbis,

595 2439 786 2481 Relligionis
810 2448 901 2469 amor
924 2437 1102 2479 complerat
1125 2439 1261 2478 pectora
1284 2437 1403 2473 tantus,

594 2491 639 2522 Ut
663 2490 784 2522 Christi
808 2490 938 2521 famulis
963 2489 1091 2521 diversa
1114 2488 1148 2519 in
1171 2490 1264 2530 parte
1288 2486 1402 2518 locatis

598 2542 680 2574 Cum
703 2542 858 2585 genitrice
882 2542 936 2584 pia
959 2541 1092 2584 plenum
1116 2539 1260 2571 deferret
1283 2537 1416 2570 honoris

597 2593 768 2636 Officiiquc
793 2593 934 2625 modum.
979 2592 1082 2624 Patrii
1106 2591 1152 2623 sic
1176 2593 1306 2632 sceptra
1330 2588 1454 2621 decoris

599 2645 746 2678 Ornabat
770 2645 899 2677 sobriae
922 2645 986 2676 iam
1010 2647 1079 2675 tum
1103 2642 1230 2674 virtutis
1254 2644 1388 2672 amator.

338 2742 443 2765 Scholia
468 2757 490 2759 —
513 2742 547 2767 ‘22
565 2751 615 2767 uon
628 2747 695 2767 sorte
708 2740 807 2775 cupita]
827 2741 889 2774 quia
903 2741 1008 2774 ignarus
1025 2740 1141 2772 (ignotus
1154 2737 1279 2763 Bacchius
1296 2738 1318 2762 ‘e
1332 2737 1388 2762 Noe.
1404 2736 1485 2765 Msxff)
1501 2736 1599 2768 ingredi
1613 2736 1729 2760 voluerat
1743 2735 1882 2763 (maluerat

236 2784 360 2808 Bonrhiun
379 2785 444 2811 item)
550 2785 583 2810 39
602 2787 679 2810 Deest
698 2784 800 2810 ‘tamen'

338 2861 354 2887 4
372 2863 490 2887 serebant
511 2862 633 2886 Bar-thius
736 2860 770 2887 26
787 2865 926 2894 conspectu
947 2863 963 2886 2
980 2869 1013 2886 m.
1034 2861 1059 2885 P
1164 2858 1197 2884 35
1217 2857 1348 2891 formarat]
1367 2867 1379 2882 r
1398 2858 1423 2882 1³11
1443 2858 1459 2882 Ι.
1479 2867 1501 2882 r.
1523 2857 1546 2882 P
