2060 3074
273 190 334 219 410
905 184 1088 211 HINCMARI
1107 183 1275 211 CARMINA

636 271 733 304 Hunc
757 271 851 303 Remi
876 271 997 313 populo
1022 273 1146 313 martyr
1168 270 1347 312 Dionysius
1370 270 1475 301 almus

679 323 848 354 Pastorem
873 323 1004 364 vigilem
1029 322 1117 353 misit
1141 325 1174 353 et
1196 332 1268 353 esse
1293 324 1429 363 patrem.

589 388 599 406 ε,
638 374 742 411 Quem
766 385 906 417 pascens
930 372 1148 416 quadragenis
1173 377 1224 405 ast
1246 373 1386 415 amplius
1410 373 1513 411 annis,

679 426 782 458 Veste
807 426 986 458 senectutis
1011 425 1213 468 despoliatus
1236 424 1313 461 abit,

637 477 778 514 Quartas
803 488 875 509 cum
899 477 1011 509 Nonas
1036 478 1158 509 mensis
1181 476 1374 520 September
1397 476 1543 515 haberet,

681 529 810 561 Mortua
834 529 963 572 quando
987 529 1050 563 fuit
1073 539 1171 567 mors,
1196 528 1258 560 sibi
1281 529 1348 560 vita
1372 531 1490 560 manet.

638 581 680 612 Et
703 582 855 623 quoniam
880 581 972 612 locus
997 584 1094 621 atque
1117 580 1238 622 gradus
1262 579 1319 611 hos
1343 580 1503 618 iunxerat,
1527 579 1685 611 Hincmar

572 646 596 664 ιο
678 632 764 664 Huic
786 632 866 664 fecit
890 631 1059 670 tumulum,
1085 632 1265 674 composuit
1287 631 1427 662 titulum.
1518 632 1520 634 ’

1073 839 1118 872 ΙΙ.

636 909 744 948 Hunc,
769 908 911 950 genitrix
936 908 1066 947 domini,
1090 919 1224 950 parvum
1249 908 1318 947 tibi,
1343 919 1471 950 magna,
1495 908 1640 941 libellum

678 959 876 991 Hincmarus
902 960 1044 1002 praesul,
1068 960 1160 1002 virgo
1183 960 1296 1000 Maria,
1321 960 1407 992 dedi.

637 1011 700 1047 Qui
725 1014 782 1043 tua
803 1014 898 1053 gesta
921 1015 1011 1043 tenet
1035 1012 1170 1044 caelesti
1194 1012 1347 1054 dogmate
1371 1012 1466 1051 dicta,

678 1063 771 1100 Quae
797 1065 884 1095 clare
909 1067 1091 1095 monstrant
1114 1068 1145 1096 te
1170 1065 1322 1106 genuisse
1347 1064 1454 1104 deum,

589 1129 600 1147 5
638 1115 710 1152 Qua
734 1116 824 1148 verbi
849 1116 1032 1158 carnisque,
1056 1117 1184 1149 animae
1209 1120 1242 1149 et
1266 1117 1449 1149 substantia
1473 1128 1559 1158 vcra,

679 1167 758 1199 Mox
781 1171 939 1210 concepta
963 1168 1058 1199 simul
1081 1168 1166 1200 filius
1190 1169 1304 1200 unicus
1329 1172 1389 1208 est,

635 1220 707 1251 Non
731 1220 869 1251 hominis
893 1223 994 1259 tactu,
1019 1220 1078 1253 sed
1102 1220 1146 1252 dii
1161 1221 1308 1252 flaminis
1331 1223 1405 1253 actu

676 1271 864 1304 Procedens
888 1272 1042 1311 thalamo,
1066 1275 1192 1312 ventre,
1213 1272 1321 1311 beata,
1346 1276 1413 1304 tuo.

637 1324 794 1366 Virgineo
818 1324 892 1355 alvo
916 1324 1041 1356 nullum
1065 1335 1149 1367 quae
1172 1335 1273 1367 passa
1295 1325 1447 1363 dolorem,

572 1390 596 1408 ιο
678 1376 741 1408 Ast
763 1379 859 1408 utero
884 1376 994 1408 clauso
1020 1387 1054 1409 es
1077 1377 1169 1419 virgo
1191 1387 1310 1419 parens
1334 1377 1463 1420 pariter.

635 1428 700 1460 Per
723 1439 852 1460 carnem
877 1428 968 1460 verbi
991 1431 1096 1461 mater
1119 1429 1307 1461 veneranda
1329 1430 1483 1472 refulges⁷

680 1479 810 1512 Ancilla
834 1483 867 1512 et
890 1480 1031 1512 hominis
1055 1491 1114 1523 pro
1139 1480 1260 1513 deitate
1285 1492 1409 1514 manes.

637 1531 698 1564 Est
721 1532 817 1563 homo
841 1533 960 1575 quippe
985 1532 1075 1571 deus,
1101 1533 1181 1565 deus
1205 1537 1255 1571 est
1277 1533 1372 1565 homo
1396 1533 1545 1566 Christus
1569 1534 1673 1567 Iesus.

679 1584 772 1616 Unus
796 1587 979 1627 utrumque,
1003 1584 1082 1616 deus
1107 1595 1203 1617 verus
1227 1588 1260 1617 et
1283 1589 1405 1625 auctor,
1430 1596 1521 1628 opus.

571 1651 595 1670 ιε,
634 1637 709 1669 Una
733 1639 783 1668 est
805 1647 946 1679 persona
969 1640 1002 1669 et
1026 1636 1148 1680 duplex
1171 1637 1356 1669 substantia
1379 1637 1510 1675 Christi,

680 1688 787 1725 Quem
810 1691 867 1720 tua
889 1688 1060 1731 virginitas
1084 1689 1185 1721 edidit
1207 1689 1293 1722 alma
1316 1689 1422 1728 deum,

634 1741 786 1773 Ecclesia
808 1744 844 1772 ut
867 1741 972 1783 gignit
995 1745 1090 1774 natos
1115 1753 1157 1773 ex
1182 1744 1294 1774 ventre
1317 1742 1439 1774 lavacri

678 1793 826 1825 Flamine
850 1792 890 1824 de
916 1796 1029 1825 sancto
1053 1793 1238 1836 virginitate
1264 1804 1332 1839 sua.

636 1845 696 1877 Ille
720 1844 801 1876 dcus
824 1845 972 1887 proprIus
998 1848 1117 1878 natura
1140 1848 1190 1878 cst
1212 1845 1298 1877 filius
1322 1857 1365 1878 cx
1388 1847 1431 1885 te,

570 1909 595 1928 20
675 1896 742 1928 Nos
766 1900 802 1928 ut
825 1896 969 1939 adoptivi
993 1908 1128 1930 munere
1152 1898 1328 1940 congeniti.

637 1949 699 1986 Qui
724 1959 855 1991 semper
878 1949 976 1991 tingit
997 1949 1168 1992 baptizans
1193 1950 1352 1992 sanguine
1377 1953 1501 1983 sancto,

681 2001 836 2043 Quisquis
861 2001 1007 2043 baptizat
1030 2002 1120 2034 fonte
1145 2013 1238 2033 sacro
1260 2002 1399 2044 genitos.

635 2052 720 2084 Nam
745 2055 874 2084 constat
898 2063 961 2084 non
986 2064 1060 2085 csse
1084 2056 1191 2085 ratum
1215 2053 1286 2085 sine
1309 2053 1438 2086 nomine
1462 2053 1546 2085 trino

681 2104 885 2147 Baptismum
911 2104 1038 2137 Christo
1062 2116 1141 2137 voce
1167 2105 1304 2138 docente
1329 2116 1398 2138 sua.

569 2169 594 2187 25
633 2156 767 2188 Caelica
790 2167 893 2198 regna
917 2167 974 2188 suo
998 2156 1104 2199 pascit
1127 2157 1181 2199 qui
1205 2167 1340 2199 corpore
1365 2160 1490 2195 sancto,

678 2208 781 2241 Lacte
805 2211 862 2240 tuo
886 2211 938 2241 est
960 2212 1075 2251 pastus
1099 2209 1168 2241 vita
1191 2209 1346 2252 cibusque
1371 2209 1470 2241 salus.

268 2357 384 2390 lapide);
409 2356 606 2382 :S'avmmrtlmni
626 2357 696 2383 Gall.
717 2356 855 2382 Christian.
876 2356 923 2381 IX
932 2355 966 2382 32
984 2357 1128 2382 Marlotum
1146 2361 1170 2383 et
1188 2357 1354 2382 Mabilionem
1373 2358 1548 2383 contaminant
1652 2358 1669 2383 3
1687 2358 1776 2384 martir
1794 2355 1918 2382 dionisius

269 2401 441 2427 [flodoardus
545 2399 561 2424 ἴ)
579 2404 619 2425 ast
637 2400 810 2426 Flodoardus
828 2398 947 2432 Mabicio]
968 2403 1008 2425 est
1025 2400 1179 2426 Flodoardi
1197 2401 1294 2436 aliquot
1313 2402 1388 2427 codcl.
1406 2402 1549 2427 Marlotus:
1567 2411 1603 2427 an
1620 2401 1710 2435 *postss

373 2451 426 2485 [ΙΙ.]
458 2453 557 2478 VERSI
570 2472 576 2478 .
590 2453 689 2477 MARlI
704 2471 709 2477 .
723 2453 876 2478 El’ISCOPI
889 2471 895 2477 .
910 2453 945 2477 IN
968 2453 1100 2478 SANCTE
1122 2454 1232 2478 MARIE
1256 2454 1279 2479 G
1284 2454 1291 2468 ¹
1401 2453 1417 2479 2
1441 2455 1598 2480 huncmarus
1621 2453 1675 2479 ΜΟ
1694 2454 1754 2478 hinc
1776 2460 1879 2478 marcus
1898 2451 1922 2476 V

268 2496 284 2521 3
303 2505 351 2522 sua
370 2496 394 2520 V
489 2495 506 2521 4
525 2500 650 2521 monstrat
668 2496 711 2521 via
729 2499 754 2521 te
774 2495 806 2520 V:
829 2496 916 2528 ylo-ssa
934 2504 999 2528 quae
1018 2500 1054 2521 est
1071 2497 1115 2522 via
1133 2496 1170 2521 ad
1187 2505 1239 2529 qua
1256 2506 1278 2522 v.
1298 2496 1314 2522 5
1332 2498 1472 2531 referenda
1568 2497 1585 2523 5
1602 2498 1669 2530 Quia
1687 2497 1721 2522 M
1735 2498 1802 2522 Nam
1821 2496 1845 2521 A
1891 2498 1918 2524 ot

268 2549 316 2565 om.
336 2539 356 2564 V
460 2539 475 2564 7
495 2541 559 2565 Nam
579 2539 603 2563 V
651 2538 710 2564 *sed
729 2538 773 2571 dii]
801 2540 844 2564 sed
864 2540 904 2564 dei
924 2539 978 2564 Mo
1000 2540 1044 2564 sed
1067 2540 1149 2566 sancti
1169 2539 1193 2564 V
1210 2541 1314 2574 genitus
1339 2541 1382 2567 sed
1396 2541 1419 2565 A
1525 2542 1541 2567 9
1565 2542 1687 2574 Virgineo
1710 2539 1780 2573 alvo]
1803 2538 1918 2572 virginis

268 2583 328 2608 aluo
348 2582 371 2606 V
385 2583 452 2608 Aluo
476 2583 594 2616 uirgineo
614 2582 635 2606 A
691 2591 741 2615 que
765 2582 866 2607 nullum
886 2582 910 2606 A
983 2581 1016 2607 10
1038 2581 1094 2615 Ast]
1114 2583 1200 2615 Atque
1224 2583 1247 2608 A
1301 2583 1339 2617 es]
1363 2588 1388 2610 et
1407 2584 1431 2608 V
1531 2584 1562 2610 11
1588 2585 1698 2611 uerbum
1715 2583 1774 2614 (om.
1793 2582 1883 2612 matur)
1897 2582 1920 2607 0

269 2626 352 2658 fulges
373 2626 395 2650 (J
498 2625 529 2650 13
552 2626 627 2651 homo
646 2624 749 2659 quippe]
775 2626 824 2650 hoc
848 2634 950 2658 quoque
970 2625 994 2649 V
1043 2626 1152 2651 alterum
1175 2627 1239 2652 deus
1261 2636 1308 2652 om.
1328 2627 1353 2652 A
1408 2626 1492 2661 homo]
1516 2628 1565 2653 hoc
1588 2628 1612 2652 V
1711 2626 1745 2653 15
1769 2630 1807 2652 est
1829 2635 1877 2651 om.
1897 2626 1920 2651 G

268 2668 304 2702 et]
328 2669 371 2694 sed
397 2669 441 2694 CA
549 2668 580 2694 16
599 2669 669 2694 alma
687 2669 756 2694 dedit
774 2669 906 2694 dominum
926 2669 950 2693 A
1057 2668 1087 2694 17
1112 2670 1198 2703 gignis
1217 2670 1240 2694 V
1343 2670 1374 2696 18
1392 2671 1511 2696 Flumina
1530 2671 1553 2695 0
1655 2669 1686 2696 19
1705 2670 1753 2696 ma
1771 2669 1796 2694 V
1843 2668 1916 2702 deus]

270 2721 317 2737 mn.
338 2712 359 2735 (2¹
376 2712 457 2737 diuini
479 2710 504 2736 V
518 2715 579 2737 nate
600 2711 622 2736 V
723 2711 757 2738 20
778 2716 808 2737 ut
829 2721 878 2737 om.
897 2711 954 2744 (qui
970 2712 999 2737 ‘in
1017 2712 1063 2737 hoc
1080 2720 1154 2738 versu
1172 2713 1276 2746 desinit)
1295 2714 1319 2738 V
1419 2713 1453 2740 22
1471 2714 1574 2748 genitus
1591 2713 1646 2739 MC
1745 2712 1780 2738 23
1803 2710 1916 2746 nomine]

269 2763 361 2781 nomen
381 2761 395 2791 ς
415 2755 448 2779 ll!
549 2753 583 2780 24
600 2756 759 2781 Babtismum
778 2755 812 2781 M
861 2755 950 2781 chn‘sti
968 2755 1024 2781 MC
1072 2756 1184 2782 docendo
1202 2765 1249 2782 suo
1270 2758 1292 2783 G
1393 2756 1426 2782 26
1445 2758 1546 2790 cibique
1564 2757 1589 2782 A
1608 2761 1632 2783 et
1648 2765 1680 2782 ex
1695 2757 1736 2782 eil.
1754 2756 1789 2781 M

371 2839 425 2874 [IL]
445 2839 557 2874 Scripsit
575 2839 743 2868 Hincmarus
762 2840 970 2874 arcltiqoisoopus
987 2840 1080 2873 sactus
1099 2850 1120 2869 c.
1139 2851 1165 2869 a.
1184 2842 1251 2875 845;
1270 2850 1354 2876 supra
1368 2850 1432 2877 pay.
1451 2842 1510 2869 402.
1602 2843 1636 2869 23
1645 2850 1682 2876 sq.
1703 2840 1800 2868 Mamu.
1817 2841 1860 2872 28,
1875 2842 1928 2892 1933
