2060 3074
247 141 309 170 584

527 648 565 667 2³0

527 907 565 926 235

526 1166 565 1185 240

527 1442 564 1461 24⁵

527 1701 566 1720 250

527 1959 565 1978 255

529 2217 567 2235 260

529 2474 567 2493 265

899 135 1051 162 MILONIS
1070 135 1246 162 CARMINA.

612 222 744 254 Lividus
768 225 818 252 ast
839 221 940 252 hostis
963 231 1027 252 non
1050 231 1173 263 passus,
1197 224 1233 252 ut
1255 221 1310 252 illa
1332 224 1500 252 manerent

611 274 772 304 Laetitiae
796 274 851 315 pia
874 276 949 304 vota
972 273 1057 313 viris,
1081 273 1211 304 turbare
1236 272 1367 305 tridenti

610 325 811 367 Aggreditur
834 325 970 366 pelagus
994 324 1159 366 fundoque
1183 325 1320 356 revolvit
1343 325 1384 356 ab
1408 325 1481 356 imo.

555 391 566 408 5
611 377 804 418 Tempestas
828 377 960 419 inopina
982 376 1045 407 ruit
1067 386 1268 418 magnusque
1292 377 1447 408 tumultus

610 430 743 471 Ingruit,
769 433 940 471 assurgunt
962 429 1069 460 undae
1093 429 1298 471 quatiturque
1322 430 1439 461 carina.

609 481 717 512 Nauta
739 482 827 513 volat
850 492 986 521 sursum,
1010 481 1107 512 fluctu
1131 484 1278 523 portatur
1299 481 1341 512 ad
1363 484 1460 521 astra⁷

610 533 691 564 Inde
717 533 878 575 profunda
900 533 984 575 petit
1006 533 1199 575 bibulasque
1224 533 1363 565 resulcat
1386 533 1533 564 harenas.

610 584 738 616 Gaudia
762 585 891 616 tristitia
914 587 1040 616 mutant
1061 585 1215 626 loetoque
1239 585 1410 627 propinqui

610 636 726 668 Omnia
749 636 948 679 dispergunt,
971 636 1093 667 iactant
1116 636 1271 678 aplustria
1294 627 1394 676 navis,

612 688 758 730 Corpora
781 689 926 720 nituntur
949 689 1065 719 saltem
1089 688 1269 720 subducere
1292 689 1399 721 morti.

613 739 783 772 Servatum
807 743 917 772 sancto
941 740 1000 771 sed
1022 741 1084 772 hoc
1106 751 1163 782 pro
1186 751 1320 772 munere
1343 740 1462 772 donum
1486 743 1544 778 est,

611 791 701 822 Illius
724 795 760 823 ut
782 792 882 823 virtus
905 792 1120 834 meritumque
1143 792 1317 824 nitesceret
1340 793 1492 834 amplum.

610 842 653 874 Et
676 854 860 886 quanquam
883 843 999 875 validis
1022 843 1192 875 turbentur
1214 843 1352 875 molibus
1376 854 1488 875 omnes

609 894 659 926 Ac
682 898 814 938 proreta
837 896 902 927 suis
926 899 959 927 et
982 906 1119 938 quassae
1142 895 1331 938 impendere
1355 895 1492 927 cumbae

610 946 778 978 Auxilium
800 950 952 989 nequeat,
976 958 1041 979 non
1063 947 1204 990 perdunt
1227 947 1369 979 funditus
1393 958 1487 979 omne

610 998 796 1039 Consilium,
821 1004 965 1031 sanctum
990 999 1048 1031 sed
1073 999 1158 1031 enim
1181 999 1362 1031 celeranter
1383 998 1568 1031 Amandum

610 1050 787 1082 Unanimes
811 1050 932 1082 adeunt
955 1054 988 1082 et
1011 1061 1108 1093 opem
1131 1051 1192 1082 sibi
1215 1051 1300 1082 ferre
1325 1054 1505 1094 precantur.

609 1101 744 1133 Famine
769 1103 823 1144 qui
847 1102 932 1134 dulci
955 1102 1092 1144 pavidos
1115 1103 1258 1134 animare
1282 1106 1394 1139 suetus

609 1153 738 1185 Solatur
761 1157 876 1186 nautas
899 1154 1090 1197 promittens
1115 1154 1349 1196 experiendum

611 1205 812 1237 Clementem
838 1205 1012 1246 dominum,
1036 1205 1224 1248 pellendum
1247 1215 1328 1248 pace
1352 1206 1516 1248 periclum.

608 1257 737 1289 Lassati
760 1257 892 1289 tandem
915 1267 1027 1289 somno
1053 1260 1238 1288 sternuntur
1260 1257 1364 1298 inerti,

609 1309 685 1351 Ipse
710 1309 809 1341 etiam
831 1302 933 1341 iustus
957 1308 1103 1341 residens
1126 1309 1159 1340 in
1182 1319 1292 1351 puppe
1316 1309 1462 1351 quiescit.

653 1378 712 1410 IX.
736 1379 787 1410 Ne
811 1381 922 1410 tamen
941 1378 1095 1410 inmensis
1115 1377 1301 1410 submersus
1321 1378 1354 1409 in
1374 1378 1524 1420 aequoris
1547 1378 1640 1410 undis

609 1430 708 1462 Forte
731 1431 836 1462 minor
858 1430 980 1461 meritis
1005 1439 1162 1471 carusque
1186 1430 1304 1461 lateret
1325 1430 1358 1461 in
1381 1431 1484 1471 astris,

610 1482 743 1513 Inclitus
766 1482 942 1514 aethereae
965 1492 1044 1513 mox
1066 1481 1183 1513 Petrus
1207 1481 1349 1523 claviger
1372 1482 1466 1513 aulae

610 1533 653 1565 Se
677 1534 745 1565 sine
769 1544 834 1565 11011
857 1543 971 1576 passus
994 1534 1110 1565 fluctus
1133 1533 1293 1575 portarier
1314 1533 1387 1565 illos

610 1585 649 1616 In
671 1586 774 1628 puppi
796 1585 951 1617 recubum
976 1585 1119 1616 fraterna
1141 1594 1221 1616 voce
1245 1585 1387 1616 salutans

609 1637 713 1668 Affujt
735 1637 768 1668 in
791 1639 881 1668 tanto
906 1636 1048 1668 securior
1070 1635 1147 1667 inde
1170 1636 1303 1678 periclo,

610 1688 788 1730 Naufragio
814 1688 910 1719 simili
934 1687 1021 1730 quod
1044 1690 1159 1727 tactum
1182 1687 1229 1718 ita
1252 1697 1343 1719 orsus
1365 1687 1484 1719 amico:

611 1739 736 1772 ‘Frater
759 1739 921 1779 Amando,
945 1742 1000 1771 tuo
1025 1739 1095 1781 regi
1117 1749 1177 1781 per
1200 1739 1331 1770 saecula
1354 1749 1441 1779 care,

610 1791 661 1823 Ne
685 1792 810 1828 timeas,
836 1791 910 1833 quia
934 1794 1027 1832 turpe
1052 1790 1111 1822 tibi
1135 1793 1185 1822 est
1208 1790 1352 1822 timuisse
1375 1790 1501 1822 timore.

609 1843 694 1874 Nam
717 1853 902 1885 quanquam
925 1841 1041 1874 tumidi
1064 1842 1218 1873 tollantur
1240 1841 1283 1873 ad
1306 1841 1440 1873 aethera
1462 1842 1587 1882 fluctus,

610 1895 684 1926 Non
706 1898 739 1926 te
763 1894 974 1936 submergent
997 1903 1057 1925 nec
1080 1903 1175 1934 nunc,
1198 1893 1278 1924 mihi
1301 1893 1409 1933 crede,
1433 1893 1554 1935 peribis

610 1946 660 1977 Tu
681 1956 788 1988 neque
811 1949 911 1977 nauta
933 1948 1017 1985 tuus,
1041 1945 1095 1987 qui
1117 1954 1273 1987 praesens
1295 1945 1427 1986 navigat
1449 1955 1587 1987 aequor;

611 1998 759 2030 Dextera
782 1997 851 2036 sed,
875 1997 1037 2040 quondam
1062 2007 1146 2039 quae
1169 2006 1233 2035 me,
1255 2006 1296 2028 ne
1319 2006 1487 2039 mergerer
1508 1996 1612 2037 undis,

611 2049 748 2092 Eripuit,
773 2052 806 2081 te
830 2059 914 2081 nunc
936 2049 999 2080 isto
1024 2048 1206 2080 discrimine
1231 2047 1356 2080 salvat?

611 2101 689 2133 Mox
714 2111 842 2144 quoque
866 2103 982 2133 ventus
1006 2100 1083 2140 abit,
1107 2103 1286 2142 tempestas
1309 2100 1441 2142 pellitur
1464 2100 1566 2132 omnis

612 2153 827 2195 Placaturque
851 2152 954 2183 salum
977 2151 1040 2183 cito
1063 2151 1162 2182 missa
1184 2161 1266 2193 pace
1289 2161 1349 2193 per
1371 2161 1494 2194 aequor

611 2204 781 2247 Laetaque
806 2207 881 2236 tunc
904 2203 1052 2243 redeunt,
1077 2213 1150 2234 cum
1172 2213 1239 2234 nox
1263 2202 1437 2235 tenebrosa
1459 2203 1592 2235 recedit.

610 2256 794 2288 Incolumes
817 2255 899 2287 udas
921 2258 1041 2287 nautae
1066 2254 1247 2286 celeranter
1269 2254 1408 2286 harenas

610 2307 810 2350 Impressere
834 2307 899 2338 suis
922 2306 1040 2349 plantis
1047 2317 1054 2343 ;
1080 2306 1226 2338 celeuma
1249 2309 1402 2337 canentes

610 2358 702 2391 Voce
726 2359 788 2391 deo
812 2358 970 2401 plaudunt
993 2358 1170 2400 famulique
1193 2358 1226 2389 in
1248 2357 1397 2390 laudibus
1420 2358 1496 2390 almi

611 2410 820 2452 Magnificant
843 2410 943 2451 illum,
969 2420 1031 2452 quo
1055 2409 1277 2452 praecipiente
1300 2410 1463 2452 procellae

613 2461 788 2494 Cesserunt
811 2462 950 2501 validae,
972 2464 1090 2504 pontus
1115 2461 1213 2501 stetit,
1236 2460 1323 2492 unda
1346 2461 1476 2503 quievit.

612 2513 700 2550 Quos
724 2514 751 2545 si
773 2514 914 2545 caerulei
936 2513 1110 2556 perterruit
1131 2512 1218 2544 unda
1240 2512 1400 2555 profundi,

611 2565 743 2598 Sorbuit
767 2576 810 2597 ex
832 2566 895 2597 illis
920 2575 1104 2608 quenquam
1126 2575 1191 2596 non
1214 2564 1306 2596 fauce
1330 2565 1447 2597 voraci.

349 2729 399 2755 229
419 2731 532 2755 Grandia
549 2740 616 2756 corr.
630 2731 655 2756 Β
723 2730 775 2756 230
792 2732 935 2764 aplaustria
953 2740 1019 2757 corr.
1033 2731 1058 2756 A
1129 2729 1181 2756 235
1199 2734 1315 2764 proretra
1327 2730 1352 2755 A
1409 2731 1518 2764 cymbae
1536 2730 1562 2755 V
1574 2731 1672 2756 cimbae
1686 2730 1710 2754 B

573 2773 622 2799 247
643 2775 709 2799 ullos
722 2775 746 2799 A
835 2774 887 2800 250
904 2779 1002 2800 tractus
1020 2783 1088 2800 corr.
1103 2774 1127 2798 Δ
1215 2772 1267 2799 254
1286 2783 1333 2800 nec
1351 2783 1402 2800 non
1422 2774 1446 2799 V
1528 2772 1580 2799 259
1597 2773 1681 2798 solum
1694 2773 1719 2796 A

245 2774 312 2799 enim
331 2778 447 2798 sanctum
462 2774 485 2798 A

1777 2728 1828 2755 237
1853 2730 1898 2755 sed
