2040 2996
217 72 275 102 186
774 69 916 97 SEDULII
935 69 1064 97 SCOTTI
1083 69 1251 96 CARMINA
1268 69 1303 96 11.

580 156 625 187 Ut
650 156 728 187 mihi
752 157 836 188 velle
861 159 950 188 tuum
976 167 1056 198 puro
1081 155 1121 187 de
1146 155 1243 187 corde
1268 159 1423 193 creatum,

627 208 776 240 Pectoris
801 209 834 240 in
857 208 949 240 fibris
974 209 1019 239 sic
1044 208 1103 239 tibi
1127 208 1212 240 velle
1236 218 1355 240 meum.

504 267 527 285 ¹⁵
581 259 699 291 Frater
721 270 780 302 pro
805 260 898 291 vobis
923 270 1020 291 orans
1045 259 1145 291 orabo
1170 262 1353 291 tonantem:

630 311 685 343 Sic
711 315 747 343 tu
770 322 828 354 pro
852 311 957 349 nobis,
982 322 1050 350 oro,
1074 314 1225 353 precator
1249 322 1334 343 eum.

580 363 623 394 Et
648 364 975 406 lacrimae-prosunt:
1000 363 1142 395 lacrimis
1167 362 1361 394 mundemur
1383 364 1513 395 amicis:

629 415 723 451 Quod
748 415 816 454 tibi,
842 415 904 447 hoc
927 415 1086 454 mihimet,
1110 415 1196 456 quod
1221 414 1310 453 mihi,
1334 414 1454 457 adopto
1479 415 1547 446 tibi.

580 466 665 498 ‘Rex
689 466 771 498 deus
795 466 958 499 aeternus'
984 470 1117 499 resonat
1141 477 1200 498 ceu
1225 470 1335 498 vestra
1359 466 1504 498 Camena

499 525 524 544 2⁰
629 519 797 561 ‘Protegat
819 520 852 551 in
877 522 963 551 terra
986 530 1044 551 nos
1069 522 1257 562 statuatque
1282 518 1383 562 polo':

581 570 675 607 Quod
697 571 782 603 bene
807 571 850 603 sit
872 572 1039 614 placitum,
1063 571 1148 614 quod
1172 572 1303 612 iustum,
1327 571 1412 614 quod
1438 572 1480 603 sit
1503 571 1695 607 honestum

629 622 801 655 concedas
824 623 967 664 famulis,
991 624 1104 656 inclite
1130 623 1269 665 Christe,
1293 625 1368 657 tuis.

1015 755 1067 776 XX.

571 809 686 841 IDEM
710 809 772 841 AD
796 809 1135 841 ERMINGARDEM
1159 809 1517 843 IMPERATRICEM.

580 870 818 912 Francigenum
843 870 974 909 rectrix,
999 871 1070 902 laus
1095 871 1195 910 orbis,
1218 871 1324 913 gloria
1346 871 1480 911 Romae,
2039 905 2040 908 Ἴ

627 922 795 953 Nobilium
819 921 950 954 soboles
973 922 1099 964 flosque
1123 922 1289 965 decusque
1312 927 1452 965 patrum,
2036 929 2040 964 ξ

580 974 762 1016 Relligiosa
785 984 915 1016 parens,
939 974 1044 1016 patuli
1068 975 1126 1006 lux
1149 985 1250 1007 aurea
1274 974 1396 1012 mundi,
2038 975 2040 978 ’

627 1025 710 1064 Hos,
734 1025 971 1068 Ermingardis,
995 1037 1098 1066 sume,
1122 1027 1231 1066 beata,
1255 1027 1379 1060 modos.
2037 1061 2040 1063 .

515 1091 525 1105 ι»
579 1077 756 1109 Praedicat
779 1077 812 1108 in
835 1078 966 1120 populis
989 1081 1021 1108 te
1046 1078 1185 1110 candida
1209 1078 1297 1110 fama
1320 1089 1380 1120 per
1405 1079 1527 1117 orbem,
2035 1100 2040 1115 .

628 1128 801 1171 Spargitur
824 1129 866 1160 ad
889 1129 1019 1172 Thylen
1042 1140 1161 1162 nomen
1187 1130 1354 1172 honosque
1379 1133 1468 1162 tuus:
2034 1138 2040 1178 g

579 1180 740 1212 Personat
763 1181 926 1220 Hebreus,
951 1180 1098 1213 Graecus
1124 1181 1320 1224 Scottusque
1345 1182 1502 1221 celebrat,
2032 1183 2040 1227 ξ

628 1231 809 1264 Laetantur
831 1232 996 1275 dominam
1020 1243 1078 1264 vos
1103 1237 1136 1265 et
1159 1233 1281 1265 habere
1305 1245 1408 1274 suam,
2035 1269 2040 1291 Ι

581 1283 701 1315 Grates
725 1287 824 1326 atque
848 1283 910 1316 deo
935 1283 1127 1323 referentes,
1153 1286 1207 1327 qui
1230 1288 1315 1317 rotat
1337 1289 1437 1325 astra,

500 1343 523 1361 10
629 1336 692 1367 Pro
717 1336 810 1368 vobis
837 1337 956 1368 tollunt
979 1348 1083 1379 usque
1107 1338 1264 1380 polosque
1287 1349 1414 1380 preces,
2030 1300 2040 1388 i

581 1387 611 1419 A
635 1387 765 1420 domino
790 1388 892 1420 latum
916 1389 1013 1420 terris
1037 1389 1070 1420 in
1094 1389 1216 1431 gaudia
1238 1400 1355 1422 munus

627 1441 836 1483 cognoscunt
859 1442 972 1484 populi
996 1453 1053 1474 vos
1078 1443 1238 1475 meruisse
1263 1454 1366 1476 suum.

581 1492 666 1526 Nam
689 1493 784 1525 modo
809 1494 1031 1536 Francigenas
1056 1495 1158 1526 vestri
1183 1495 1407 1537 supereminet
1429 1504 1541 1526 omnes

626 1545 747 1577 Forma
770 1546 902 1585 decens,
926 1557 1043 1586 mores,
1068 1546 1155 1578 fama
1178 1557 1347 1589 genusque
1372 1549 1506 1589 potens,

502 1604 525 1622 15
580 1597 708 1629 Emicat
730 1598 763 1629 in
789 1601 895 1630 vestro
919 1609 994 1630 nam
1018 1599 1110 1630 vultu
1134 1599 1273 1641 pulchra
1297 1602 1463 1635 venustas,
2029 1546 2040 1659 Ι

625 1649 747 1682 Fronte
773 1650 943 1681 serenifica
967 1650 1072 1692 gratia
1095 1650 1216 1682 blanda
1240 1651 1336 1687 nitct;

579 1700 772 1743 Despicitur
796 1701 941 1733 citharae
967 1702 1197 1734 modulaminis
1222 1702 1284 1734 oda
1308 1713 1457 1740 sonorae,

626 1752 738 1785 Aurea
763 1753 790 1784 si
814 1754 913 1785 vestri
936 1754 1048 1796 lingua
1070 1753 1171 1786 beata
1195 1757 1302 1792 sonet3

580 1804 698 1836 Inclita
722 1805 914 1847 simplicitas
938 1805 971 1837 in
994 1808 1104 1837 vestro
1129 1809 1261 1848 pectore
1285 1806 1390 1845 floret,

497 1863 522 1881 20
627 1856 747 1888 Mentis
771 1857 804 1888 in
828 1868 903 1889 arce
928 1858 1018 1900 viget
1041 1857 1150 1900 palma
1173 1857 1365 1900 pudicitiae;

578 1908 617 1939 In
641 1908 725 1940 facie
749 1909 880 1941 niveum
904 1909 1068 1951 quoddam
1092 1920 1287 1951 roseumque
1311 1909 1466 1948 rubescit,

627 1960 720 1997 Quae
745 1964 880 2003 superat
902 1961 1072 2004 Nymphas
1096 1961 1308 2004 Luciferique
1333 1961 1453 1994 decus:

578 2011 729 2054 Cingitur
753 2013 926 2044 auricomis
949 2013 1054 2045 flavus
1078 2017 1258 2055 vertexque
1284 2014 1422 2056 capillis,

626 2063 769 2096 Crisoliti
793 2065 960 2107 specimen
986 2065 1124 2097 circulat
1147 2076 1243 2098 omne
1269 2068 1383 2108 caput:

499 2123 524 2142 ‘2⁵
578 2117 688 2148 Instar
712 2117 846 2149 clarifici
869 2118 999 2160 fulgens
1024 2118 1199 2160 splendore
1222 2118 1377 2155 iacincthi

627 2168 762 2200 Visibus
787 2169 921 2201 irradiat
943 2170 1052 2212 gratia
1075 2181 1194 2212 magna
1217 2171 1298 2207 tuis;

579 2221 703 2253 Lactea
726 2221 869 2253 formoso
893 2221 1088 2253 decorantur
1111 2222 1195 2254 colla
1218 2222 1335 2258 nitore,

622 2272 709 2304 Lilia
732 2283 792 2305 ceu
816 2273 989 2316 splendent
1012 2277 1069 2305 aut
1091 2274 1242 2306 elefantis
1265 2274 1366 2310 ebur;

578 2324 617 2356 In
640 2325 792 2357 manibus
815 2325 920 2357 niveis
945 2326 992 2357 sic
1017 2326 1124 2367 gratia
1146 2326 1238 2367 larga
1262 2325 1433 2362 redundat,

495 2383 520 2402 ³0
626 2376 698 2413 Quo
723 2380 879 2420 spargant
902 2378 1009 2417 terris,
1035 2377 1123 2420 quod
1148 2387 1247 2419 super
1270 2380 1357 2409 astra
1381 2379 1517 2408 metunt.

315 2504 346 2530 17
365 2506 483 2531 lacrimes
495 2515 561 2531 corr.
577 2506 599 2532 0
711 2505 775 2540 [xx.]
789 2507 827 2532 ed.
842 2507 991 2532 Duemmler
1005 2507 1107 2533 Sedula·
1118 2508 1238 2533 carmina
1250 2516 1277 2540 p.
1292 2505 1326 2532 14
1337 2515 1372 2539 eq.
1419 2506 1650 2532 ERMiGARDEM
1665 2505 1686 2531 C
1763 2505 1796 2531 15
1808 2514 1868 2531 nam

210 2557 264 2580 emp.
285 2549 329 2573 lin,
349 2549 410 2573 add.
426 2549 449 2574 C
532 2548 567 2574 20
584 2550 650 2582 regit
663 2550 683 2575 C
702 2558 761 2574 corr
779 2549 873 2582 Haupt
959 2549 994 2576 25
1012 2550 1133 2575 iacinchti
1147 2550 1170 2576 Ο

314 2624 380 2658 [xx.]
400 2625 584 2659 Immbnyardae
596 2625 725 2652 Hlothari
746 2626 765 2652 1.
778 2626 861 2653 uxori
879 2626 1039 2660 (821—851)
1058 2627 1119 2652 ante
1131 2625 1296 2651 Ludom'cum
1315 2628 1411 2651 natum
1428 2625 1530 2658 obtulit,
1548 2625 1596 2658 qui
1612 2624 1721 2658 quando
1738 2626 1821 2650 natum
1833 2624 1868 2650 sit

209 2675 325 2701 nescitum
349 2676 408 2708 (cfr.
432 2676 769 2704 Boelmaer-Muehlbadwr
783 2685 811 2712 p.
827 2678 899 2711 436).
989 2678 1021 2704 13
1038 2677 1106 2704 Aen.
1120 2677 1150 2711 I,
1176 2677 1225 2704 501
1245 2676 1311 2703 deas
1329 2677 1518 2712 supereminet
1536 2677 1633 2704 omnis.
1721 2677 1754 2703 27
1776 2675 1867 2702 Sednd.

210 2727 230 2753 I
250 2731 295 2752 νιι
318 2727 332 2753 7
346 2735 375 2762 p.
396 2728 451 2755 157.
