<?xml version="1.0" encoding="UTF-8"?>
<!DOCTYPE html PUBLIC "-//W3C//DTD XHTML 1.0 Transitional//EN"
    "http://www.w3.org/TR/xhtml1/DTD/xhtml1-transitional.dtd">
<html xmlns="http://www.w3.org/1999/xhtml" xml:lang="en" lang="en">
 <head>
  <title>
</title>
<meta http-equiv="Content-Type" content="text/html;charset=utf-8" />
  <meta name='ocr-system' content='tesseract 3.04.00' />
  <meta name='ocr-capabilities' content='ocr_page ocr_carea ocr_par ocr_line ocrx_word'/>
</head>
<body>
  <div class='ocr_page' id='page_1' title='image "./monumentagerma03geseuoft/monumentagerma03geseuoft_0086.png"; bbox 0 0 2040 2996; ppageno 0'>
   <div class='ocr_carea' id='block_1_1' title="bbox 279 189 1355 229">
    <p class='ocr_par' dir='ltr' id='par_1_1' title="bbox 279 189 1355 229">
     <span class='ocr_line' id='line_1_1' title="bbox 279 189 1355 229; baseline -0.005 -5"><span class='ocrx_word' id='word_1_1' title='bbox 279 196 318 229; x_wconf 87' lang='lat'><em>&#39;70</em></span> <span class='ocrx_word' id='word_1_2' title='bbox 851 190 1015 221; x_wconf 80' lang='lat' dir='ltr'>AUDRADI</span> <span class='ocrx_word' id='word_1_3' title='bbox 1033 189 1160 220; x_wconf 86' lang='lat' dir='ltr'><em>MODICI</em></span> <span class='ocrx_word' id='word_1_4' title='bbox 1179 189 1355 219; x_wconf 75' lang='lat' dir='ltr'><em>CARMINA.</em></span> 
     </span>
    </p>
   </div>
   <div class='ocr_carea' id='block_1_2' title="bbox 266 278 1928 1461">
    <p class='ocr_par' dir='ltr' id='par_1_2' title="bbox 276 278 1926 376">
     <span class='ocr_line' id='line_1_2' title="bbox 276 278 1926 325; baseline 0.001 -10"><span class='ocrx_word' id='word_1_5' title='bbox 276 284 502 325; x_wconf 84' lang='lat' dir='ltr'>‘Recognosce</span> <span class='ocrx_word' id='word_1_6' title='bbox 533 281 690 325; x_wconf 82' lang='lat' dir='ltr'><strong>scyphum</strong></span> <span class='ocrx_word' id='word_1_7' title='bbox 720 281 833 313; x_wconf 77' lang='lat' dir='ltr'><em>istum:</em></span> <span class='ocrx_word' id='word_1_8' title='bbox 873 281 914 313; x_wconf 84' lang='lat' dir='ltr'><em>de</em></span> <span class='ocrx_word' id='word_1_9' title='bbox 944 291 983 313; x_wconf 88' lang='lat' dir='ltr'><em>eo</em></span> <span class='ocrx_word' id='word_1_10' title='bbox 1013 280 1145 323; x_wconf 83' lang='lat' dir='ltr'><em>quidem</em></span> <span class='ocrx_word' id='word_1_11' title='bbox 1176 279 1318 312; x_wconf 78' lang='lat' dir='ltr'><em>carmina</em></span> <span class='ocrx_word' id='word_1_12' title='bbox 1347 279 1434 311; x_wconf 75' lang='lat' dir='ltr'><em>clara</em></span> <span class='ocrx_word' id='word_1_13' title='bbox 1464 278 1496 310; x_wconf 87' lang='lat' dir='ltr'><em>in</em></span> <span class='ocrx_word' id='word_1_14' title='bbox 1524 283 1704 312; x_wconf 85' lang='lat' dir='ltr'><em>memorato</em></span> <span class='ocrx_word' id='word_1_15' title='bbox 1734 279 1816 315; x_wconf 86' lang='lat' dir='ltr'><em>libro</em></span> <span class='ocrx_word' id='word_1_16' title='bbox 1839 281 1926 316; x_wconf 82' lang='lat' dir='ltr'><em>vitae</em></span> 
     </span>
     <span class='ocr_line' id='line_1_3' title="bbox 276 333 628 376; baseline -0.003 -10"><span class='ocrx_word' id='word_1_17' title='bbox 276 336 374 367; x_wconf 83' lang='lat' dir='ltr'><em>fontis</em></span> <span class='ocrx_word' id='word_1_18' title='bbox 397 333 628 376; x_wconf 59' lang='lat' dir='ltr'><em>composuisti?</em></span> 
     </span>
    </p>

    <p class='ocr_par' dir='ltr' id='par_1_3' title="bbox 266 382 1928 1357">
     <span class='ocr_line' id='line_1_4' title="bbox 383 382 1927 425; baseline 0.002 -8"><span class='ocrx_word' id='word_1_19' title='bbox 383 386 518 418; x_wconf 88' lang='lat' dir='ltr'><em>Carmen</em></span> <span class='ocrx_word' id='word_1_20' title='bbox 544 386 582 417; x_wconf 89' lang='lat' dir='ltr'><em>de</em></span> <span class='ocrx_word' id='word_1_21' title='bbox 603 385 688 425; x_wconf 80' lang='lat' dir='ltr'><em>fonte</em></span> <span class='ocrx_word' id='word_1_22' title='bbox 714 386 798 416; x_wconf 82' lang='lat' dir='ltr'><em>vitae</em></span> <span class='ocrx_word' id='word_1_23' title='bbox 818 387 987 425; x_wconf 84' lang='lat' dir='ltr'><em>poetarum</em></span> <span class='ocrx_word' id='word_1_24' title='bbox 1014 383 1275 416; x_wconf 85' lang='lat' dir='ltr'><em>Christianorum</em></span> <span class='ocrx_word' id='word_1_25' title='bbox 1297 383 1432 423; x_wconf 81' lang='lat' dir='ltr'><em>corpori,</em></span> <span class='ocrx_word' id='word_1_26' title='bbox 1461 382 1545 423; x_wconf 77' lang='lat' dir='ltr'><em>quod</em></span> <span class='ocrx_word' id='word_1_27' title='bbox 1566 382 1763 424; x_wconf 87' lang='lat' dir='ltr'><em>moliebatur,</em></span> <span class='ocrx_word' id='word_1_28' title='bbox 1791 386 1927 420; x_wconf 86' lang='lat' dir='ltr'><em>inserere</em></span> 
     </span>
     <span class='ocr_line' id='line_1_5' title="bbox 274 435 1928 478; baseline -0.001 -8"><span class='ocrx_word' id='word_1_29' title='bbox 274 438 428 470; x_wconf 75' lang='lat' dir='ltr'><strong><em>habuerat</em></strong></span> <span class='ocrx_word' id='word_1_30' title='bbox 455 439 491 470; x_wconf 88' lang='lat' dir='ltr'><em>in</em></span> <span class='ocrx_word' id='word_1_31' title='bbox 520 438 626 469; x_wconf 86' lang='lat' dir='ltr'><em>animo</em></span> <span class='ocrx_word' id='word_1_32' title='bbox 649 437 821 477; x_wconf 85' lang='lat' dir='ltr'><em>Philippus</em></span> <span class='ocrx_word' id='word_1_33' title='bbox 843 437 988 468; x_wconf 85' lang='lat' dir='ltr'><em>Labbeus</em></span> <span class='ocrx_word' id='word_1_34' title='bbox 1009 436 1091 478; x_wconf 87' lang='lat' dir='ltr'><em>(nov.</em></span> <span class='ocrx_word' id='word_1_35' title='bbox 1115 436 1184 468; x_wconf 82' lang='lat' dir='ltr'><em>bibl.</em></span> <span class='ocrx_word' id='word_1_36' title='bbox 1207 446 1279 467; x_wconf 92' lang='lat' dir='ltr'><em>mss.</em></span> <span class='ocrx_word' id='word_1_37' title='bbox 1303 435 1373 467; x_wconf 89' lang='lat' dir='ltr'><em>libr.</em></span> <span class='ocrx_word' id='word_1_38' title='bbox 1397 435 1496 467; x_wconf 87' lang='lat' dir='ltr'><em>Paris</em></span> <span class='ocrx_word' id='word_1_39' title='bbox 1518 435 1603 466; x_wconf 85' lang='grc'><em>1653</em></span> <span class='ocrx_word' id='word_1_40' title='bbox 1618 446 1654 476; x_wconf 82' lang='lat' dir='ltr'><em>p.</em></span> <span class='ocrx_word' id='word_1_41' title='bbox 1671 437 1744 478; x_wconf 87' lang='lat'><em>57);</em></span> <span class='ocrx_word' id='word_1_42' title='bbox 1772 439 1928 478; x_wconf 66' lang='lat' dir='ltr'><em>expedivit</em></span> 
     </span>
     <span class='ocr_line' id='line_1_6' title="bbox 275 486 1927 530; baseline 0 -8"><span class='ocrx_word' id='word_1_43' title='bbox 275 491 401 522; x_wconf 91' lang='lat' dir='ltr'><em>tandem</em></span> <span class='ocrx_word' id='word_1_44' title='bbox 429 490 595 522; x_wconf 78' lang='lat' dir='ltr'><em>editionem</em></span> <span class='ocrx_word' id='word_1_45' title='bbox 621 488 799 521; x_wconf 86' lang='lat' dir='ltr'><em>Casimirus</em></span> <span class='ocrx_word' id='word_1_46' title='bbox 825 488 952 520; x_wconf 84' lang='lat' dir='ltr'><em>Oudin¹</em></span> <span class='ocrx_word' id='word_1_47' title='bbox 985 489 1021 520; x_wconf 92' lang='lat' dir='ltr'><em>in</em></span> <span class='ocrx_word' id='word_1_48' title='bbox 1055 491 1201 520; x_wconf 82' lang='lat' dir='ltr'><em>‘veterum</em></span> <span class='ocrx_word' id='word_1_49' title='bbox 1234 487 1355 527; x_wconf 78' lang='lat' dir='ltr'><em>aliquot</em></span> <span class='ocrx_word' id='word_1_50' title='bbox 1383 486 1512 519; x_wconf 79' lang='lat' dir='ltr'><em>Galliae</em></span> <span class='ocrx_word' id='word_1_51' title='bbox 1545 489 1574 518; x_wconf 89' lang='lat' dir='ltr'><em>et</em></span> <span class='ocrx_word' id='word_1_52' title='bbox 1599 487 1706 528; x_wconf 73' lang='lat' dir='ltr'><em>Belyii</em></span> <span class='ocrx_word' id='word_1_53' title='bbox 1737 490 1927 530; x_wconf 69' lang='lat' dir='ltr'><em>scriptorum</em></span> 
     </span>
     <span class='ocr_line' id='line_1_7' title="bbox 275 538 1928 581; baseline 0.001 -8"><span class='ocrx_word' id='word_1_54' title='bbox 275 542 449 581; x_wconf 85' lang='lat' dir='ltr'><em>opusculor.</em></span> <span class='ocrx_word' id='word_1_55' title='bbox 472 542 563 573; x_wconf 86' lang='lat' dir='ltr'><em>sacr.&#39;</em></span> <span class='ocrx_word' id='word_1_56' title='bbox 582 540 735 581; x_wconf 81' lang='lat' dir='ltr'><em>fasciculo</em></span> <span class='ocrx_word' id='word_1_57' title='bbox 751 540 859 580; x_wconf 87' lang='lat' dir='ltr'><em>primo</em></span> <span class='ocrx_word' id='word_1_58' title='bbox 875 541 914 571; x_wconf 92' lang='lat' dir='ltr'><em>L.</em></span> <span class='ocrx_word' id='word_1_59' title='bbox 926 540 968 572; x_wconf 92' lang='lat' dir='ltr'><em>B.</em></span> <span class='ocrx_word' id='word_1_60' title='bbox 986 541 1071 572; x_wconf 78' lang='lat'><strong><em>1692</em></strong></span> <span class='ocrx_word' id='word_1_61' title='bbox 1093 543 1141 571; x_wconf 77' lang='lat' dir='ltr'><em>‘ex</em></span> <span class='ocrx_word' id='word_1_62' title='bbox 1156 539 1205 571; x_wconf 88' lang='lat' dir='ltr'><em>M.</em></span> <span class='ocrx_word' id='word_1_63' title='bbox 1218 539 1250 571; x_wconf 81' lang='lat' dir='ltr'><em>S.</em></span> <span class='ocrx_word' id='word_1_64' title='bbox 1268 539 1386 571; x_wconf 87' lang='lat' dir='ltr'><em>Codice&#39;</em></span> <span class='ocrx_word' id='word_1_65' title='bbox 1409 541 1446 570; x_wconf 87' lang='lat' dir='ltr'><em>ut</em></span> <span class='ocrx_word' id='word_1_66' title='bbox 1467 538 1559 570; x_wconf 88' lang='lat' dir='ltr'><em>titulo</em></span> <span class='ocrx_word' id='word_1_67' title='bbox 1581 539 1745 572; x_wconf 85' lang='lat' dir='ltr'><em>indicatur</em></span> <span class='ocrx_word' id='word_1_68' title='bbox 1760 541 1928 575; x_wconf 81' lang='lat' dir='ltr'><em>‘Abbatiae</em></span> 
     </span>
     <span class='ocr_line' id='line_1_8' title="bbox 274 590 1926 633; baseline 0.002 -9"><span class='ocrx_word' id='word_1_69' title='bbox 274 593 496 633; x_wconf 75' lang='lat' dir='ltr'><em>Floreffiensis</em></span> <span class='ocrx_word' id='word_1_70' title='bbox 537 593 573 624; x_wconf 92' lang='lat' dir='ltr'><em>in</em></span> <span class='ocrx_word' id='word_1_71' title='bbox 609 593 728 624; x_wconf 76' lang='lat' dir='ltr'><em>Tracta</em></span> <span class='ocrx_word' id='word_1_72' title='bbox 761 592 991 623; x_wconf 81' lang='lat' dir='ltr'><em>Namurcensi’.</em></span> <span class='ocrx_word' id='word_1_73' title='bbox 1051 591 1119 632; x_wconf 73' lang='lat' dir='ltr'><em>Eyo</em></span> <span class='ocrx_word' id='word_1_74' title='bbox 1152 594 1281 631; x_wconf 88' lang='lat' dir='ltr'><em>practer</em></span> <span class='ocrx_word' id='word_1_75' title='bbox 1318 590 1493 623; x_wconf 86' lang='lat' dir='ltr'><em>Oudinium</em></span> <span class='ocrx_word' id='word_1_76' title='bbox 1530 590 1664 622; x_wconf 80' lang='lat' dir='ltr'><em>adhibui</em></span> <span class='ocrx_word' id='word_1_77' title='bbox 1701 591 1815 625; x_wconf 87' lang='lat' dir='ltr'><em>librum</em></span> <span class='ocrx_word' id='word_1_78' title='bbox 1851 595 1926 627; x_wconf 85' lang='lat' dir='ltr'><em>olim</em></span> 
     </span>
     <span class='ocr_line' id='line_1_9' title="bbox 274 642 1927 686; baseline 0.001 -10"><span class='ocrx_word' id='word_1_79' title='bbox 274 645 312 676; x_wconf 91' lang='lat' dir='ltr'><em>P.</em></span> <span class='ocrx_word' id='word_1_80' title='bbox 330 645 478 676; x_wconf 75' lang='lat' dir='ltr'><em>Danielis</em></span> <span class='ocrx_word' id='word_1_81' title='bbox 499 655 586 676; x_wconf 86' lang='lat' dir='ltr'><em>nunc</em></span> <span class='ocrx_word' id='word_1_82' title='bbox 604 644 984 684; x_wconf 80' lang='lat' dir='ltr'><em>Vaticano-Reyinensem</em></span> <span class='ocrx_word' id='word_1_83' title='bbox 999 645 1092 682; x_wconf 78' lang='lat'><strong><em>1424,</em></strong></span> <span class='ocrx_word' id='word_1_84' title='bbox 1114 654 1205 683; x_wconf 81' lang='lat' dir='ltr'><em>quem</em></span> <span class='ocrx_word' id='word_1_85' title='bbox 1219 643 1449 675; x_wconf 87' lang='lat' dir='ltr'><em>Ferdinandus</em></span> <span class='ocrx_word' id='word_1_86' title='bbox 1464 642 1646 674; x_wconf 77' lang='lat' dir='ltr'><em>Ducmmler</em></span> <span class='ocrx_word' id='word_1_87' title='bbox 1663 644 1743 675; x_wconf 88' lang='lat' dir='ltr'><em>mihi</em></span> <span class='ocrx_word' id='word_1_88' title='bbox 1762 645 1927 686; x_wconf 74' lang='lat' dir='ltr'><em>descripsit</em></span> 
     </span>
     <span class='ocr_line' id='line_1_10' title="bbox 274 691 1925 736; baseline 0.001 -9"><span class='ocrx_word' id='word_1_89' title='bbox 274 697 340 736; x_wconf 86' lang='lat' dir='ltr'><em>ipsc</em></span> <span class='ocrx_word' id='word_1_90' title='bbox 361 699 474 735; x_wconf 88' lang='lat' dir='ltr'><em>postea</em></span> <span class='ocrx_word' id='word_1_91' title='bbox 500 696 628 727; x_wconf 89' lang='lat' dir='ltr'><em>contuli.</em></span> <span class='ocrx_word' id='word_1_92' title='bbox 673 696 716 727; x_wconf 92' lang='lat' dir='ltr'><em>In</em></span> <span class='ocrx_word' id='word_1_93' title='bbox 741 706 802 735; x_wconf 80' lang='lat' dir='ltr'><em>quo</em></span> <span class='ocrx_word' id='word_1_94' title='bbox 824 698 898 735; x_wconf 88' lang='lat' dir='ltr'><em>post</em></span> <span class='ocrx_word' id='word_1_95' title='bbox 921 691 1103 736; x_wconf 70' lang='lat' dir='ltr'><em>Hieronym.</em></span> <span class='ocrx_word' id='word_1_96' title='bbox 1133 695 1170 726; x_wconf 90' lang='lat' dir='ltr'><em>dc</em></span> <span class='ocrx_word' id='word_1_97' title='bbox 1196 695 1254 726; x_wconf 82' lang='lat' dir='ltr'><em>vir.</em></span> <span class='ocrx_word' id='word_1_98' title='bbox 1278 694 1321 726; x_wconf 89' lang='lat' dir='ltr'><em>ill.</em></span> <span class='ocrx_word' id='word_1_99' title='bbox 1339 694 1419 726; x_wconf 87' lang='lat' dir='ltr'><em>XII</em></span> <span class='ocrx_word' id='word_1_100' title='bbox 1436 694 1570 726; x_wconf 75' lang='lat' dir='ltr'><strong><em>Senecae</em></strong></span> <span class='ocrx_word' id='word_1_101' title='bbox 1595 697 1625 726; x_wconf 90' lang='lat' dir='ltr'><em>et</em></span> <span class='ocrx_word' id='word_1_102' title='bbox 1647 695 1747 727; x_wconf 85' lang='lat' dir='ltr'><em>Pauli</em></span> <span class='ocrx_word' id='word_1_103' title='bbox 1767 697 1925 736; x_wconf 80' lang='lat' dir='ltr'><em>epistolar.</em></span> 
     </span>
     <span class='ocr_line' id='line_1_11' title="bbox 273 746 1928 790; baseline 0.002 -11"><span class='ocrx_word' id='word_1_104' title='bbox 273 749 404 780; x_wconf 88' lang='lat' dir='ltr'><em>initium</em></span> <span class='ocrx_word' id='word_1_105' title='bbox 425 748 482 790; x_wconf 89' lang='lat'><em>(—</em></span> <span class='ocrx_word' id='word_1_106' title='bbox 506 759 550 788; x_wconf 87' lang='lat' dir='ltr'><em>ep.</em></span> <span class='ocrx_word' id='word_1_107' title='bbox 567 748 631 779; x_wconf 90' lang='lat' dir='ltr'><em>III</em></span> <span class='ocrx_word' id='word_1_108' title='bbox 648 748 693 779; x_wconf 87' lang='lat' dir='ltr'><em>ed.</em></span> <span class='ocrx_word' id='word_1_109' title='bbox 713 747 756 780; x_wconf 87' lang='lat' dir='ltr'><em>H.</em></span> <span class='ocrx_word' id='word_1_110' title='bbox 773 758 808 787; x_wconf 87' lang='lat' dir='ltr'><em>p.</em></span> <span class='ocrx_word' id='word_1_111' title='bbox 825 750 890 779; x_wconf 79' lang='lat'><em>477</em></span> <span class='ocrx_word' id='word_1_112' title='bbox 913 751 1032 780; x_wconf 80' lang='lat' dir='ltr'><em>statum</em></span> <span class='ocrx_word' id='word_1_113' title='bbox 1058 748 1105 780; x_wconf 84' lang='lat' dir='ltr'><em>eis</em></span> <span class='ocrx_word' id='word_1_114' title='bbox 1130 748 1186 786; x_wconf 85' lang='lat' dir='ltr'><em>de)</em></span> <span class='ocrx_word' id='word_1_115' title='bbox 1201 757 1311 787; x_wconf 87' lang='lat' dir='ltr'><em>pauca</em></span> <span class='ocrx_word' id='word_1_116' title='bbox 1333 747 1370 778; x_wconf 88' lang='lat' dir='ltr'><em>de</em></span> <span class='ocrx_word' id='word_1_117' title='bbox 1392 746 1466 777; x_wconf 86' lang='lat' dir='ltr'><em>inst.</em></span> <span class='ocrx_word' id='word_1_118' title='bbox 1490 756 1569 777; x_wconf 77' lang='lat' dir='ltr'><em>muS.</em></span> <span class='ocrx_word' id='word_1_119' title='bbox 1592 749 1672 788; x_wconf 84' lang='lat' dir='ltr'><em>(non</em></span> <span class='ocrx_word' id='word_1_120' title='bbox 1686 747 1816 790; x_wconf 77' lang='lat' dir='ltr'><em>Boethi)</em></span> <span class='ocrx_word' id='word_1_121' title='bbox 1837 752 1867 781; x_wconf 85' lang='lat' dir='ltr'><em>et</em></span> <span class='ocrx_word' id='word_1_122' title='bbox 1889 750 1928 782; x_wconf 86' lang='lat' dir='ltr'><em>dc</em></span> 
     </span>
     <span class='ocr_line' id='line_1_12' title="bbox 266 797 1928 840; baseline 0.002 -9"><span class='ocrx_word' id='word_1_123' title='bbox 266 810 411 839; x_wconf 88' lang='lat' dir='ltr'><em>pronom.</em></span> <span class='ocrx_word' id='word_1_124' title='bbox 436 799 510 831; x_wconf 88' lang='lat' dir='ltr'><em>decl.</em></span> <span class='ocrx_word' id='word_1_125' title='bbox 534 800 742 839; x_wconf 77' lang='lat' dir='ltr'><em>antiphonam</em></span> <span class='ocrx_word' id='word_1_126' title='bbox 763 799 887 830; x_wconf 87' lang='lat' dir='ltr'><em>neumis</em></span> <span class='ocrx_word' id='word_1_127' title='bbox 909 800 1100 831; x_wconf 79' lang='lat' dir='ltr'><em>instructam</em></span> <span class='ocrx_word' id='word_1_128' title='bbox 1121 799 1292 831; x_wconf 84' lang='lat' dir='ltr'><em>sententias</em></span> <span class='ocrx_word' id='word_1_129' title='bbox 1307 798 1442 830; x_wconf 78' lang='lat' dir='ltr'><em>Senecae</em></span> <span class='ocrx_word' id='word_1_130' title='bbox 1463 797 1550 837; x_wconf 85' lang='lat' dir='ltr'><em>(Sen.</em></span> <span class='ocrx_word' id='word_1_131' title='bbox 1570 799 1678 830; x_wconf 86' lang='lat' dir='ltr'><em>monit.</em></span> <span class='ocrx_word' id='word_1_132' title='bbox 1698 799 1744 832; x_wconf 88' lang='lat' dir='ltr'><em>ed.</em></span> <span class='ocrx_word' id='word_1_133' title='bbox 1763 799 1928 840; x_wconf 84' lang='lat' dir='ltr'><em>Woelfflin</em></span> 
     </span>
     <span class='ocr_line' id='line_1_13' title="bbox 267 850 1925 892; baseline 0.002 -10"><span class='ocrx_word' id='word_1_134' title='bbox 267 862 302 890; x_wconf 89' lang='lat' dir='ltr'><em>p.</em></span> <span class='ocrx_word' id='word_1_135' title='bbox 319 853 369 890; x_wconf 83' lang='lat'><em>18,</em></span> <span class='ocrx_word' id='word_1_136' title='bbox 394 852 509 890; x_wconf 77' lang='lat'><strong><em>1—25,</em></strong></span> <span class='ocrx_word' id='word_1_137' title='bbox 529 850 732 892; x_wconf 73' lang='lat' dir='ltr'><em>38)&#39;Catonis</em></span> <span class='ocrx_word' id='word_1_138' title='bbox 754 851 891 882; x_wconf 83' lang='lat' dir='ltr'><em>disticha</em></span> <span class='ocrx_word' id='word_1_139' title='bbox 913 851 974 892; x_wconf 89' lang='lat' dir='ltr'><em>(ed.</em></span> <span class='ocrx_word' id='word_1_140' title='bbox 990 851 1156 883; x_wconf 77' lang='lat' dir='ltr'><em>Baehrens</em></span> <span class='ocrx_word' id='word_1_141' title='bbox 1170 862 1206 890; x_wconf 92' lang='lat' dir='ltr'><em>p.</em></span> <span class='ocrx_word' id='word_1_142' title='bbox 1223 850 1243 882; x_wconf 89' lang='lat' dir='ltr'><em>l.</em></span> <span class='ocrx_word' id='word_1_143' title='bbox 1259 861 1298 882; x_wconf 89' lang='lat' dir='ltr'><em>m.</em></span> <span class='ocrx_word' id='word_1_144' title='bbox 1315 850 1382 888; x_wconf 91' lang='lat' dir='ltr'><em>III,</em></span> <span class='ocrx_word' id='word_1_145' title='bbox 1397 850 1586 890; x_wconf 75' lang='lat'><em>214—235)</em></span> <span class='ocrx_word' id='word_1_146' title='bbox 1607 853 1786 890; x_wconf 78' lang='lat' dir='ltr'><em>excerptum</em></span> <span class='ocrx_word' id='word_1_147' title='bbox 1807 863 1846 884; x_wconf 76' lang='lat' dir='ltr'><em>ex</em></span> <span class='ocrx_word' id='word_1_148' title='bbox 1861 852 1925 885; x_wconf 85' lang='lat' dir='ltr'><em>Cic.</em></span> 
     </span>
     <span class='ocr_line' id='line_1_14' title="bbox 278 901 1927 943; baseline 0.001 -9"><span class='ocrx_word' id='word_1_149' title='bbox 278 902 394 935; x_wconf 87' lang='lat' dir='ltr'><em>Catone</em></span> <span class='ocrx_word' id='word_1_150' title='bbox 424 905 453 934; x_wconf 83' lang='lat' dir='ltr'><em>et</em></span> <span class='ocrx_word' id='word_1_151' title='bbox 480 905 554 934; x_wconf 86' lang='lat' dir='ltr'><em>ante</em></span> <span class='ocrx_word' id='word_1_152' title='bbox 576 902 698 934; x_wconf 81' lang='lat' dir='ltr'><em>Aviani</em></span> <span class='ocrx_word' id='word_1_153' title='bbox 718 902 847 942; x_wconf 80' lang='lat' dir='ltr'><em>fabulas</em></span> <span class='ocrx_word' id='word_1_154' title='bbox 874 903 948 943; x_wconf 85' lang='lat' dir='ltr'><em>(cfr.</em></span> <span class='ocrx_word' id='word_1_155' title='bbox 971 903 1029 934; x_wconf 89' lang='lat' dir='ltr'><em>Bs.</em></span> <span class='ocrx_word' id='word_1_156' title='bbox 1053 902 1073 935; x_wconf 88' lang='lat' dir='ltr'><em>l.</em></span> <span class='ocrx_word' id='word_1_157' title='bbox 1097 914 1121 934; x_wconf 86' lang='lat' dir='ltr'><em>c.</em></span> <span class='ocrx_word' id='word_1_158' title='bbox 1143 903 1178 941; x_wconf 86' lang='lat' dir='ltr'><em>V,</em></span> <span class='ocrx_word' id='word_1_159' title='bbox 1201 903 1244 934; x_wconf 81' lang='lat'><em>32</em></span> <span class='ocrx_word' id='word_1_160' title='bbox 1266 905 1295 933; x_wconf 85' lang='lat' dir='ltr'><em>ct</em></span> <span class='ocrx_word' id='word_1_161' title='bbox 1316 903 1396 942; x_wconf 86' lang='lat'><em>315)</em></span> <span class='ocrx_word' id='word_1_162' title='bbox 1418 901 1620 933; x_wconf 66' lang='lat' dir='ltr'><em>Maximiani</em></span> <span class='ocrx_word' id='word_1_163' title='bbox 1645 902 1716 943; x_wconf 73' lang='lat' dir='ltr'><em>eley.</em></span> <span class='ocrx_word' id='word_1_164' title='bbox 1740 903 1774 942; x_wconf 88' lang='lat' dir='ltr'><em>I,</em></span> <span class='ocrx_word' id='word_1_165' title='bbox 1798 906 1927 937; x_wconf 84' lang='lat'><em>1-120</em></span> 
     </span>
     <span class='ocr_line' id='line_1_15' title="bbox 272 954 1928 996; baseline 0.002 -10"><span class='ocrx_word' id='word_1_166' title='bbox 272 955 345 996; x_wconf 82' lang='lat' dir='ltr'><em>(Rs.</em></span> <span class='ocrx_word' id='word_1_167' title='bbox 370 955 388 986; x_wconf 86' lang='lat' dir='ltr'><em>l.</em></span> <span class='ocrx_word' id='word_1_168' title='bbox 413 966 439 987; x_wconf 88' lang='lat' dir='ltr'><em>c.</em></span> <span class='ocrx_word' id='word_1_169' title='bbox 461 966 496 994; x_wconf 87' lang='lat' dir='ltr'><em>p.</em></span> <span class='ocrx_word' id='word_1_170' title='bbox 518 955 597 996; x_wconf 83' lang='grc'><em>315)</em></span> <span class='ocrx_word' id='word_1_171' title='bbox 620 954 908 986; x_wconf 80' lang='lat' dir='ltr'><em>commentariolum</em></span> <span class='ocrx_word' id='word_1_172' title='bbox 935 955 971 986; x_wconf 88' lang='lat' dir='ltr'><em>in</em></span> <span class='ocrx_word' id='word_1_173' title='bbox 993 954 1100 986; x_wconf 85' lang='lat' dir='ltr'><em>Persii</em></span> <span class='ocrx_word' id='word_1_174' title='bbox 1114 954 1235 994; x_wconf 75' lang='lat' dir='ltr'><em>proloy.</em></span> <span class='ocrx_word' id='word_1_175' title='bbox 1259 954 1320 994; x_wconf 85' lang='lat' dir='ltr'><em>(ed.</em></span> <span class='ocrx_word' id='word_1_176' title='bbox 1345 954 1430 985; x_wconf 83' lang='lat' dir='ltr'><em>Jahn</em></span> <span class='ocrx_word' id='word_1_177' title='bbox 1451 964 1487 993; x_wconf 88' lang='lat' dir='ltr'><em>p.</em></span> <span class='ocrx_word' id='word_1_178' title='bbox 1508 954 1572 984; x_wconf 79' lang='lat'><em>241</em></span> <span class='ocrx_word' id='word_1_179' title='bbox 1594 955 1656 994; x_wconf 82' lang='lat' dir='ltr'><em>sq.)</em></span> <span class='ocrx_word' id='word_1_180' title='bbox 1680 954 1786 987; x_wconf 75' lang='lat' dir='ltr'><em>Persii</em></span> <span class='ocrx_word' id='word_1_181' title='bbox 1807 957 1928 989; x_wconf 83' lang='lat' dir='ltr'><em>satiras</em></span> 
     </span>
     <span class='ocr_line' id='line_1_16' title="bbox 272 1006 1928 1048; baseline 0.002 -10"><span class='ocrx_word' id='word_1_182' title='bbox 272 1007 370 1038; x_wconf 82' lang='lat' dir='ltr'><em>Probi</em></span> <span class='ocrx_word' id='word_1_183' title='bbox 391 1007 488 1038; x_wconf 77' lang='lat' dir='ltr'><em>vitam</em></span> <span class='ocrx_word' id='word_1_184' title='bbox 504 1006 620 1038; x_wconf 83' lang='lat' dir='ltr'><em>Boethi</em></span> <span class='ocrx_word' id='word_1_185' title='bbox 642 1006 679 1037; x_wconf 88' lang='lat' dir='ltr'><em>de</em></span> <span class='ocrx_word' id='word_1_186' title='bbox 701 1017 783 1038; x_wconf 91' lang='lat' dir='ltr'><em>cons.</em></span> <span class='ocrx_word' id='word_1_187' title='bbox 800 1006 882 1046; x_wconf 88' lang='lat' dir='ltr'><em>phil.</em></span> <span class='ocrx_word' id='word_1_188' title='bbox 906 1007 967 1047; x_wconf 86' lang='lat' dir='ltr'><em>(ed.</em></span> <span class='ocrx_word' id='word_1_189' title='bbox 985 1006 1099 1046; x_wconf 88' lang='lat' dir='ltr'><em>Peiper</em></span> <span class='ocrx_word' id='word_1_190' title='bbox 1114 1017 1149 1046; x_wconf 89' lang='lat' dir='ltr'><em>p.</em></span> <span class='ocrx_word' id='word_1_191' title='bbox 1166 1006 1281 1044; x_wconf 86' lang='lat'><strong><em>1-55,</em></strong></span> <span class='ocrx_word' id='word_1_192' title='bbox 1297 1006 1355 1047; x_wconf 86' lang='lat'><em>37)</em></span> <span class='ocrx_word' id='word_1_193' title='bbox 1376 1016 1502 1038; x_wconf 84' lang='lat' dir='ltr'><em>carmen</em></span> <span class='ocrx_word' id='word_1_194' title='bbox 1524 1007 1562 1038; x_wconf 90' lang='lat' dir='ltr'><em>de</em></span> <span class='ocrx_word' id='word_1_195' title='bbox 1577 1006 1740 1045; x_wconf 76' lang='lat' dir='ltr'><em>ponderib.</em></span> <span class='ocrx_word' id='word_1_196' title='bbox 1757 1008 1819 1048; x_wconf 84' lang='lat' dir='ltr'><em>(ed.</em></span> <span class='ocrx_word' id='word_1_197' title='bbox 1833 1008 1928 1041; x_wconf 80' lang='lat' dir='ltr'><em>R&#39;wse</em></span> 
     </span>
     <span class='ocr_line' id='line_1_17' title="bbox 272 1058 1928 1099; baseline 0.002 -10"><span class='ocrx_word' id='word_1_198' title='bbox 272 1059 359 1090; x_wconf 87' lang='lat' dir='ltr'><em>anth.</em></span> <span class='ocrx_word' id='word_1_199' title='bbox 384 1058 403 1089; x_wconf 90' lang='lat' dir='ltr'><em>l.</em></span> <span class='ocrx_word' id='word_1_200' title='bbox 426 1060 490 1089; x_wconf 80' lang='lat'><em>486</em></span> <span class='ocrx_word' id='word_1_201' title='bbox 514 1076 553 1080; x_wconf 90' lang='lat'>—</span> <span class='ocrx_word' id='word_1_202' title='bbox 576 1068 604 1089; x_wconf 84' lang='lat' dir='ltr'><em>v.</em></span> <span class='ocrx_word' id='word_1_203' title='bbox 621 1059 684 1088; x_wconf 87' lang='grc'><em>163</em></span> <span class='ocrx_word' id='word_1_204' title='bbox 705 1058 763 1097; x_wconf 79' lang='lat' dir='ltr'><em>cfr.</em></span> <span class='ocrx_word' id='word_1_205' title='bbox 780 1058 867 1089; x_wconf 83' lang='lat' dir='ltr'><em>codd.</em></span> <span class='ocrx_word' id='word_1_206' title='bbox 885 1058 963 1099; x_wconf 87' lang='lat' dir='ltr'><em>PB)</em></span> <span class='ocrx_word' id='word_1_207' title='bbox 983 1058 1155 1098; x_wconf 85' lang='lat' dir='ltr'><em>formatam</em></span> <span class='ocrx_word' id='word_1_208' title='bbox 1169 1058 1332 1098; x_wconf 76' lang='lat' dir='ltr'><em>quandam</em></span> <span class='ocrx_word' id='word_1_209' title='bbox 1347 1058 1515 1098; x_wconf 75' lang='lat' dir='ltr'><em>episcopor.</em></span> <span class='ocrx_word' id='word_1_210' title='bbox 1532 1061 1737 1090; x_wconf 86' lang='lat' dir='ltr'><em>commentum</em></span> <span class='ocrx_word' id='word_1_211' title='bbox 1759 1059 1796 1091; x_wconf 79' lang='lat' dir='ltr'><em>in</em></span> <span class='ocrx_word' id='word_1_212' title='bbox 1812 1060 1928 1092; x_wconf 81' lang='lat' dir='ltr'><em>Boethi</em></span> 
     </span>
     <span class='ocr_line' id='line_1_18' title="bbox 272 1109 1927 1153; baseline 0.001 -12"><span class='ocrx_word' id='word_1_213' title='bbox 272 1111 309 1141; x_wconf 88' lang='lat' dir='ltr'><em>de</em></span> <span class='ocrx_word' id='word_1_214' title='bbox 338 1110 464 1141; x_wconf 85' lang='lat' dir='ltr'><em>arithm.</em></span> <span class='ocrx_word' id='word_1_215' title='bbox 490 1109 708 1149; x_wconf 85' lang='lat' dir='ltr'><em>Schepssianis</em></span> <span class='ocrx_word' id='word_1_216' title='bbox 735 1109 836 1141; x_wconf 87' lang='lat' dir='ltr'><em>simile</em></span> <span class='ocrx_word' id='word_1_217' title='bbox 858 1128 900 1132; x_wconf 93' lang='lat'><em>—-</em></span> <span class='ocrx_word' id='word_1_218' title='bbox 927 1120 1009 1149; x_wconf 79' lang='lat' dir='ltr'><em>qaae</em></span> <span class='ocrx_word' id='word_1_219' title='bbox 1037 1110 1143 1142; x_wconf 89' lang='lat' dir='ltr'><em>omnia</em></span> <span class='ocrx_word' id='word_1_220' title='bbox 1169 1121 1194 1141; x_wconf 89' lang='lat' dir='ltr'><em>s.</em></span> <span class='ocrx_word' id='word_1_221' title='bbox 1218 1110 1259 1141; x_wconf 93' lang='lat' dir='ltr'><em>X.</em></span> <span class='ocrx_word' id='word_1_222' title='bbox 1289 1110 1353 1141; x_wconf 82' lang='lat' dir='ltr'><em>sive</em></span> <span class='ocrx_word' id='word_1_223' title='bbox 1379 1120 1403 1141; x_wconf 90' lang='lat' dir='ltr'><em>s.</em></span> <span class='ocrx_word' id='word_1_224' title='bbox 1428 1110 1547 1150; x_wconf 76' lang='lat' dir='ltr'><em>X.JXI.</em></span> <span class='ocrx_word' id='word_1_225' title='bbox 1576 1111 1698 1150; x_wconf 85' lang='lat' dir='ltr'><em>scripta</em></span> <span class='ocrx_word' id='word_1_226' title='bbox 1724 1114 1802 1143; x_wconf 77' lang='lat' dir='ltr'><em>stmt</em></span> <span class='ocrx_word' id='word_1_227' title='bbox 1827 1123 1927 1153; x_wconf 80' lang='lat' dir='ltr'><em>neque</em></span> 
     </span>
     <span class='ocr_line' id='line_1_19' title="bbox 273 1161 1927 1203; baseline 0.003 -10"><span class='ocrx_word' id='word_1_228' title='bbox 273 1165 378 1193; x_wconf 87' lang='lat' dir='ltr'><em>tamen</em></span> <span class='ocrx_word' id='word_1_229' title='bbox 403 1161 585 1201; x_wconf 80' lang='lat' dir='ltr'><em>antiquitus</em></span> <span class='ocrx_word' id='word_1_230' title='bbox 613 1161 818 1192; x_wconf 77' lang='lat' dir='ltr'><em>cohaerebant</em></span> <span class='ocrx_word' id='word_1_231' title='bbox 847 1179 885 1184; x_wconf 91' lang='lat'>—</span> <span class='ocrx_word' id='word_1_232' title='bbox 916 1162 1069 1193; x_wconf 87' lang='lat' dir='ltr'><em>Audradi</em></span> <span class='ocrx_word' id='word_1_233' title='bbox 1095 1162 1133 1192; x_wconf 88' lang='lat' dir='ltr'><em>de</em></span> <span class='ocrx_word' id='word_1_234' title='bbox 1157 1161 1244 1201; x_wconf 81' lang='lat' dir='ltr'><em>fonte</em></span> <span class='ocrx_word' id='word_1_235' title='bbox 1270 1161 1353 1192; x_wconf 86' lang='lat' dir='ltr'><em>vitae</em></span> <span class='ocrx_word' id='word_1_236' title='bbox 1380 1172 1401 1192; x_wconf 90' lang='lat' dir='ltr'><em>a</em></span> <span class='ocrx_word' id='word_1_237' title='bbox 1426 1161 1450 1201; x_wconf 66' lang='grc' dir='ltr'><em>Γ.</em></span> <span class='ocrx_word' id='word_1_238' title='bbox 1471 1163 1514 1193; x_wconf 81' lang='lat'><em>20</em></span> <span class='ocrx_word' id='word_1_239' title='bbox 1540 1162 1585 1193; x_wconf 88' lang='lat' dir='ltr'><em>ad</em></span> <span class='ocrx_word' id='word_1_240' title='bbox 1605 1164 1658 1193; x_wconf 78' lang='lat'><em>34¹</em></span> <span class='ocrx_word' id='word_1_241' title='bbox 1686 1162 1800 1203; x_wconf 72' lang='lat' dir='ltr'><em>leyitur</em></span> <span class='ocrx_word' id='word_1_242' title='bbox 1827 1175 1927 1198; x_wconf 80' lang='lat' dir='ltr'><em>manu</em></span> 
     </span>
     <span class='ocr_line' id='line_1_20' title="bbox 271 1212 1928 1256; baseline 0.003 -12"><span class='ocrx_word' id='word_1_243' title='bbox 271 1224 296 1245; x_wconf 90' lang='lat' dir='ltr'><em>s.</em></span> <span class='ocrx_word' id='word_1_244' title='bbox 320 1213 439 1251; x_wconf 74' lang='lat' dir='ltr'><em>X.(XI.</em></span> <span class='ocrx_word' id='word_1_245' title='bbox 463 1215 645 1251; x_wconf 78' lang='lat' dir='ltr'><em>exaratum,</em></span> <span class='ocrx_word' id='word_1_246' title='bbox 675 1213 715 1244; x_wconf 90' lang='lat' dir='ltr'><em>ab</em></span> <span class='ocrx_word' id='word_1_247' title='bbox 743 1212 818 1244; x_wconf 87' lang='lat' dir='ltr'><em>aliis</em></span> <span class='ocrx_word' id='word_1_248' title='bbox 840 1213 952 1252; x_wconf 85' lang='lat' dir='ltr'><em>paullo</em></span> <span class='ocrx_word' id='word_1_249' title='bbox 977 1216 1088 1252; x_wconf 86' lang='lat' dir='ltr'><em>postea</em></span> <span class='ocrx_word' id='word_1_250' title='bbox 1103 1213 1262 1252; x_wconf 77' lang='lat' dir='ltr'><em>perversis</em></span> <span class='ocrx_word' id='word_1_251' title='bbox 1283 1212 1410 1244; x_wconf 80' lang='lat' dir='ltr'><em>scholiis</em></span> <span class='ocrx_word' id='word_1_252' title='bbox 1432 1213 1587 1245; x_wconf 86' lang='lat' dir='ltr'><em>obrutum.</em></span> <span class='ocrx_word' id='word_1_253' title='bbox 1636 1214 1727 1254; x_wconf 73' lang='lat' dir='ltr'><em>Quod</em></span> <span class='ocrx_word' id='word_1_254' title='bbox 1751 1217 1866 1256; x_wconf 81' lang='lat' dir='ltr'><em>totum,</em></span> <span class='ocrx_word' id='word_1_255' title='bbox 1889 1219 1928 1249; x_wconf 83' lang='lat' dir='ltr'><em>ut</em></span> 
     </span>
     <span class='ocr_line' id='line_1_21' title="bbox 272 1264 1928 1309; baseline 0.002 -13"><span class='ocrx_word' id='word_1_256' title='bbox 272 1268 342 1296; x_wconf 81' lang='lat' dir='ltr'><em>erat</em></span> <span class='ocrx_word' id='word_1_257' title='bbox 363 1264 543 1296; x_wconf 78' lang='lat' dir='ltr'><em>intellectu²</em></span> <span class='ocrx_word' id='word_1_258' title='bbox 566 1265 706 1304; x_wconf 73' lang='lat' dir='ltr'><em>difficile,</em></span> <span class='ocrx_word' id='word_1_259' title='bbox 730 1265 796 1296; x_wconf 90' lang='lat' dir='ltr'><em>iam</em></span> <span class='ocrx_word' id='word_1_260' title='bbox 818 1265 854 1296; x_wconf 92' lang='lat' dir='ltr'><em>in</em></span> <span class='ocrx_word' id='word_1_261' title='bbox 876 1265 1034 1296; x_wconf 87' lang='lat' dir='ltr'><em>communi</em></span> <span class='ocrx_word' id='word_1_262' title='bbox 1055 1265 1112 1304; x_wconf 79' lang='lat' dir='ltr'><em>qui</em></span> <span class='ocrx_word' id='word_1_263' title='bbox 1134 1267 1202 1296; x_wconf 90' lang='lat' dir='ltr'><em>erat</em></span> <span class='ocrx_word' id='word_1_264' title='bbox 1224 1275 1326 1296; x_wconf 87' lang='lat' dir='ltr'><em>meum</em></span> <span class='ocrx_word' id='word_1_265' title='bbox 1347 1265 1432 1296; x_wconf 85' lang='lat' dir='ltr'><em>inter</em></span> <span class='ocrx_word' id='word_1_266' title='bbox 1452 1264 1516 1306; x_wconf 88' lang='lat' dir='ltr'><em>(R)</em></span> <span class='ocrx_word' id='word_1_267' title='bbox 1538 1267 1567 1296; x_wconf 86' lang='lat' dir='ltr'><em>et</em></span> <span class='ocrx_word' id='word_1_268' title='bbox 1588 1264 1709 1297; x_wconf 81' lang='lat' dir='ltr'><em>Oudini</em></span> <span class='ocrx_word' id='word_1_269' title='bbox 1730 1265 1844 1300; x_wconf 83' lang='lat' dir='ltr'><em>librum</em></span> <span class='ocrx_word' id='word_1_270' title='bbox 1867 1268 1928 1309; x_wconf 90' lang='grc' dir='ltr'><em>(Ο)</em></span> 
     </span>
     <span class='ocr_line' id='line_1_22' title="bbox 272 1316 1093 1357; baseline -0.001 -9"><span class='ocrx_word' id='word_1_271' title='bbox 272 1318 437 1357; x_wconf 72' lang='lat' dir='ltr'><em>archetypo</em></span> <span class='ocrx_word' id='word_1_272' title='bbox 459 1317 548 1348; x_wconf 88' lang='lat' dir='ltr'><em>haud</em></span> <span class='ocrx_word' id='word_1_273' title='bbox 570 1316 628 1348; x_wconf 84' lang='lat' dir='ltr'><em>levi</em></span> <span class='ocrx_word' id='word_1_274' title='bbox 650 1317 828 1356; x_wconf 80' lang='lat' dir='ltr'><em>corruptela</em></span> <span class='ocrx_word' id='word_1_275' title='bbox 850 1316 999 1355; x_wconf 81' lang='lat' dir='ltr'><em>affectam</em></span> <span class='ocrx_word' id='word_1_276' title='bbox 1021 1317 1093 1348; x_wconf 80' lang='lat' dir='ltr'><em>est.³</em></span> 
     </span>
    </p>

    <p class='ocr_par' dir='ltr' id='par_1_4' title="bbox 271 1368 1928 1461">
     <span class='ocr_line' id='line_1_23' title="bbox 374 1368 1927 1412; baseline 0.001 -12"><span class='ocrx_word' id='word_1_277' title='bbox 374 1369 519 1400; x_wconf 81' lang='lat' dir='ltr'><em>Alterius</em></span> <span class='ocrx_word' id='word_1_278' title='bbox 541 1368 695 1400; x_wconf 82' lang='lat' dir='ltr'><em>Audradi</em></span> <span class='ocrx_word' id='word_1_279' title='bbox 715 1368 753 1399; x_wconf 92' lang='lat' dir='ltr'><em>de</em></span> <span class='ocrx_word' id='word_1_280' title='bbox 774 1368 850 1400; x_wconf 84' lang='lat' dir='ltr'><em>RB.</em></span> <span class='ocrx_word' id='word_1_281' title='bbox 874 1369 1001 1400; x_wconf 86' lang='lat' dir='ltr'><em>Iuliani</em></span> <span class='ocrx_word' id='word_1_282' title='bbox 1022 1369 1151 1408; x_wconf 81' lang='lat' dir='ltr'><em>eiusque</em></span> <span class='ocrx_word' id='word_1_283' title='bbox 1173 1369 1329 1400; x_wconf 82' lang='lat' dir='ltr'><em>sociorum</em></span> <span class='ocrx_word' id='word_1_284' title='bbox 1345 1369 1554 1408; x_wconf 82' lang='lat' dir='ltr'><em>passionibus</em></span> <span class='ocrx_word' id='word_1_285' title='bbox 1570 1370 1739 1408; x_wconf 85' lang='lat' dir='ltr'><em>poematis,</em></span> <span class='ocrx_word' id='word_1_286' title='bbox 1768 1371 1853 1410; x_wconf 78' lang='lat' dir='ltr'><em>quod</em></span> <span class='ocrx_word' id='word_1_287' title='bbox 1866 1382 1927 1412; x_wconf 83' lang='lat' dir='ltr'><em>po-</em></span> 
     </span>
     <span class='ocr_line' id='line_1_24' title="bbox 271 1420 1928 1461; baseline 0.002 -9"><span class='ocrx_word' id='word_1_288' title='bbox 271 1421 397 1453; x_wconf 83' lang='lat' dir='ltr'><em>steriori</em></span> <span class='ocrx_word' id='word_1_289' title='bbox 423 1431 519 1461; x_wconf 79' lang='lat' dir='ltr'><em>quam</em></span> <span class='ocrx_word' id='word_1_290' title='bbox 540 1421 685 1460; x_wconf 84' lang='lat' dir='ltr'><em>primum</em></span> <span class='ocrx_word' id='word_1_291' title='bbox 707 1421 838 1460; x_wconf 88' lang='lat' dir='ltr'><em>tempori</em></span> <span class='ocrx_word' id='word_1_292' title='bbox 859 1431 924 1452; x_wconf 86' lang='lat' dir='ltr'><em>csse</em></span> <span class='ocrx_word' id='word_1_293' title='bbox 945 1420 1146 1460; x_wconf 83' lang='lat' dir='ltr'><em>referendum</em></span> <span class='ocrx_word' id='word_1_294' title='bbox 1171 1431 1236 1452; x_wconf 91' lang='lat' dir='ltr'><em>non</em></span> <span class='ocrx_word' id='word_1_295' title='bbox 1257 1421 1326 1453; x_wconf 81' lang='lat' dir='ltr'><em>sinc</em></span> <span class='ocrx_word' id='word_1_296' title='bbox 1348 1431 1447 1452; x_wconf 87' lang='lat' dir='ltr'><em>causa</em></span> <span class='ocrx_word' id='word_1_297' title='bbox 1469 1421 1614 1453; x_wconf 73' lang='lat' dir='ltr'><em>existimo</em></span> <span class='ocrx_word' id='word_1_298' title='bbox 1622 1422 1644 1460; x_wconf 76' lang='lat'><em>⁴,</em></span> <span class='ocrx_word' id='word_1_299' title='bbox 1673 1421 1750 1453; x_wconf 88' lang='lat' dir='ltr'><em>haec</em></span> <span class='ocrx_word' id='word_1_300' title='bbox 1771 1422 1867 1454; x_wconf 83' lang='lat' dir='ltr'><em>editio</em></span> <span class='ocrx_word' id='word_1_301' title='bbox 1888 1434 1928 1455; x_wconf 74' lang='lat' dir='ltr'><em>ea·</em></span> 
     </span>
    </p>
   </div>
   <div class='ocr_carea' id='block_1_3' title="bbox 383 1494 1775 1506">
    <p class='ocr_par' dir='ltr' id='par_1_5' title="bbox 383 1494 1775 1506">
     <span class='ocr_line' id='line_1_25' title="bbox 383 1494 1775 1506; baseline 0 0"><span class='ocrx_word' id='word_1_302' title='bbox 383 1494 1775 1506; x_wconf 95' lang='lat' dir='ltr'><em> </em></span> 
     </span>
    </p>
   </div>
   <div class='ocr_carea' id='block_1_4' title="bbox 266 1549 1954 2878">
    <p class='ocr_par' dir='ltr' id='par_1_6' title="bbox 266 1549 1954 2878">
     <span class='ocr_line' id='line_1_26' title="bbox 375 1549 1928 1584; baseline 0.002 -8"><span class='ocrx_word' id='word_1_303' title='bbox 375 1551 401 1584; x_wconf 94' lang='lat'><em>1)</em></span> <span class='ocrx_word' id='word_1_304' title='bbox 422 1550 524 1583; x_wconf 78' lang='lat' dir='ltr'><em>Septem</em></span> <span class='ocrx_word' id='word_1_305' title='bbox 545 1549 647 1575; x_wconf 79' lang='lat' dir='ltr'><em>Oudini</em></span> <span class='ocrx_word' id='word_1_306' title='bbox 670 1549 731 1575; x_wconf 74' lang='lat' dir='ltr'><em>libri</em></span> <span class='ocrx_word' id='word_1_307' title='bbox 749 1549 884 1582; x_wconf 79' lang='lat' dir='ltr'><em>fasciculis</em></span> <span class='ocrx_word' id='word_1_308' title='bbox 907 1549 937 1575; x_wconf 88' lang='lat' dir='ltr'><em>in</em></span> <span class='ocrx_word' id='word_1_309' title='bbox 957 1549 1079 1583; x_wconf 68' lang='lat' dir='ltr'><em>exemplis</em></span> <span class='ocrx_word' id='word_1_310' title='bbox 1098 1549 1268 1583; x_wconf 79' lang='lat' dir='ltr'><em>praepositus</em></span> <span class='ocrx_word' id='word_1_311' title='bbox 1291 1557 1344 1576; x_wconf 81' lang='lat' dir='ltr'><em>esse</em></span> <span class='ocrx_word' id='word_1_312' title='bbox 1366 1549 1436 1575; x_wconf 85' lang='lat' dir='ltr'><em>debet</em></span> <span class='ocrx_word' id='word_1_313' title='bbox 1458 1549 1554 1576; x_wconf 77' lang='lat' dir='ltr'><em>titulus</em></span> <span class='ocrx_word' id='word_1_314' title='bbox 1574 1549 1706 1583; x_wconf 76' lang='lat' dir='ltr'><em>yeneralis</em></span> <span class='ocrx_word' id='word_1_315' title='bbox 1726 1558 1788 1577; x_wconf 76' lang='lat' dir='ltr'><em>cum</em></span> <span class='ocrx_word' id='word_1_316' title='bbox 1810 1551 1928 1579; x_wconf 60' lang='lat' dir='ltr'><em>auctoris</em></span> 
     </span>
     <span class='ocr_line' id='line_1_27' title="bbox 270 1600 1928 1636; baseline 0.001 -7"><span class='ocrx_word' id='word_1_317' title='bbox 270 1603 383 1629; x_wconf 78' lang='lat' dir='ltr'><em>nomine.</em></span> <span class='ocrx_word' id='word_1_318' title='bbox 488 1602 515 1636; x_wconf 81' lang='lat'><em>2)</em></span> <span class='ocrx_word' id='word_1_319' title='bbox 534 1601 695 1628; x_wconf 80' lang='lat' dir='ltr'><em>Notissimae</em></span> <span class='ocrx_word' id='word_1_320' title='bbox 716 1604 781 1628; x_wconf 84' lang='lat' dir='ltr'><em>sunt</em></span> <span class='ocrx_word' id='word_1_321' title='bbox 801 1600 1017 1627; x_wconf 77' lang='lat' dir='ltr'><em>Christianorum</em></span> <span class='ocrx_word' id='word_1_322' title='bbox 1041 1601 1075 1627; x_wconf 80' lang='lat' dir='ltr'><em>de</em></span> <span class='ocrx_word' id='word_1_323' title='bbox 1098 1601 1175 1628; x_wconf 76' lang='lat' dir='ltr'><em>fonte</em></span> <span class='ocrx_word' id='word_1_324' title='bbox 1194 1601 1270 1628; x_wconf 76' lang='lat' dir='ltr'><em>vitae</em></span> <span class='ocrx_word' id='word_1_325' title='bbox 1292 1601 1444 1635; x_wconf 50' lang='lat' dir='ltr'><em>opinumeae</em></span> <span class='ocrx_word' id='word_1_326' title='bbox 1466 1601 1513 1634; x_wconf 77' lang='lat' dir='ltr'><em>qui</em></span> <span class='ocrx_word' id='word_1_327' title='bbox 1533 1601 1606 1635; x_wconf 78' lang='lat' dir='ltr'><em>quod</em></span> <span class='ocrx_word' id='word_1_328' title='bbox 1626 1602 1660 1627; x_wconf 87' lang='lat' dir='ltr'><em>ab</em></span> <span class='ocrx_word' id='word_1_329' title='bbox 1678 1601 1812 1629; x_wconf 78' lang='lat' dir='ltr'><em>Audrado</em></span> <span class='ocrx_word' id='word_1_330' title='bbox 1829 1602 1928 1630; x_wconf 65' lang='lat' dir='ltr'><em>dicam</em></span> 
     </span>
     <span class='ocr_line' id='line_1_28' title="bbox 271 1652 1928 1688; baseline 0.001 -7"><span class='ocrx_word' id='word_1_331' title='bbox 271 1655 351 1681; x_wconf 81' lang='lat' dir='ltr'><em>vivus</em></span> <span class='ocrx_word' id='word_1_332' title='bbox 369 1655 416 1687; x_wconf 88' lang='lat'><em>(39</em></span> <span class='ocrx_word' id='word_1_333' title='bbox 434 1657 480 1680; x_wconf 87' lang='grc'><em>128</em></span> <span class='ocrx_word' id='word_1_334' title='bbox 498 1655 557 1687; x_wconf 87' lang='grc'><em>198)</em></span> <span class='ocrx_word' id='word_1_335' title='bbox 577 1653 682 1686; x_wconf 77' lang='lat' dir='ltr'><em>confero</em></span> <span class='ocrx_word' id='word_1_336' title='bbox 695 1655 803 1686; x_wconf 85' lang='lat' dir='ltr'><em>praeter</em></span> <span class='ocrx_word' id='word_1_337' title='bbox 818 1652 946 1686; x_wconf 74' lang='lat' dir='ltr'><em>Vulyatae</em></span> <span class='ocrx_word' id='word_1_338' title='bbox 964 1652 1070 1679; x_wconf 71' lang='lat' dir='ltr'><em>fontem</em></span> <span class='ocrx_word' id='word_1_339' title='bbox 1088 1661 1178 1687; x_wconf 79' lang='lat' dir='ltr'><em>aquae</em></span> <span class='ocrx_word' id='word_1_340' title='bbox 1197 1653 1278 1680; x_wconf 73' lang='lat' dir='ltr'><em>vivae</em></span> <span class='ocrx_word' id='word_1_341' title='bbox 1296 1661 1316 1680; x_wconf 88' lang='lat' dir='ltr'><em>e.</em></span> <span class='ocrx_word' id='word_1_342' title='bbox 1332 1661 1356 1687; x_wconf 74' lang='lat' dir='ltr'><em>q.</em></span> <span class='ocrx_word' id='word_1_343' title='bbox 1376 1661 1397 1680; x_wconf 65' lang='lat' dir='ltr'><em>ir.</em></span> <span class='ocrx_word' id='word_1_344' title='bbox 1411 1656 1442 1680; x_wconf 84' lang='grc'><em>25</em></span> <span class='ocrx_word' id='word_1_345' title='bbox 1458 1652 1601 1680; x_wconf 82' lang='lat' dir='ltr'><em>Phoenicis</em></span> <span class='ocrx_word' id='word_1_346' title='bbox 1617 1661 1693 1687; x_wconf 81' lang='lat' dir='ltr'><em>quem</em></span> <span class='ocrx_word' id='word_1_347' title='bbox 1709 1654 1778 1687; x_wconf 77' lang='lat' dir='ltr'><em>quin</em></span> <span class='ocrx_word' id='word_1_348' title='bbox 1793 1654 1928 1688; x_wconf 54' lang='lat' dir='ltr'><em>ser-ipsein</em></span> 
     </span>
     <span class='ocr_line' id='line_1_29' title="bbox 271 1704 1926 1739; baseline 0.001 -7"><span class='ocrx_word' id='word_1_349' title='bbox 271 1706 433 1732; x_wconf 83' lang='lat' dir='ltr'><em>Lactantius</em></span> <span class='ocrx_word' id='word_1_350' title='bbox 450 1705 559 1731; x_wconf 89' lang='lat' dir='ltr'><em>omnino</em></span> <span class='ocrx_word' id='word_1_351' title='bbox 577 1713 632 1731; x_wconf 79' lang='lat' dir='ltr'><em>non</em></span> <span class='ocrx_word' id='word_1_352' title='bbox 650 1707 707 1731; x_wconf 87' lang='lat' dir='ltr'><em>erat</em></span> <span class='ocrx_word' id='word_1_353' title='bbox 724 1704 915 1737; x_wconf 71' lang='lat' dir='ltr'><em>dubitandum;</em></span> <span class='ocrx_word' id='word_1_354' title='bbox 938 1704 1007 1738; x_wconf 77' lang='lat' dir='ltr'><em>quod</em></span> <span class='ocrx_word' id='word_1_355' title='bbox 1025 1704 1127 1731; x_wconf 77' lang='lat' dir='ltr'><em>saliens</em></span> <span class='ocrx_word' id='word_1_356' title='bbox 1145 1705 1188 1737; x_wconf 88' lang='lat'><em>(16</em></span> <span class='ocrx_word' id='word_1_357' title='bbox 1206 1708 1256 1732; x_wconf 83' lang='lat'><em>128</em></span> <span class='ocrx_word' id='word_1_358' title='bbox 1274 1706 1344 1739; x_wconf 86' lang='lat'><em>199),</em></span> <span class='ocrx_word' id='word_1_359' title='bbox 1367 1713 1401 1731; x_wconf 78' lang='lat' dir='ltr'><em>ne</em></span> <span class='ocrx_word' id='word_1_360' title='bbox 1417 1705 1554 1738; x_wconf 80' lang='lat' dir='ltr'><em>respiciam</em></span> <span class='ocrx_word' id='word_1_361' title='bbox 1570 1705 1636 1738; x_wconf 75' lang='lat' dir='ltr'><em>quid</em></span> <span class='ocrx_word' id='word_1_362' title='bbox 1653 1706 1800 1739; x_wconf 79' lang='lat' dir='ltr'><em>provectius</em></span> <span class='ocrx_word' id='word_1_363' title='bbox 1814 1706 1926 1739; x_wconf 60' lang='lat' dir='ltr'><em>finxerit</em></span> 
     </span>
     <span class='ocr_line' id='line_1_30' title="bbox 270 1756 1923 1793; baseline 0.001 -9"><span class='ocrx_word' id='word_1_364' title='bbox 270 1758 386 1784; x_wconf 90' lang='lat' dir='ltr'><em>medium</em></span> <span class='ocrx_word' id='word_1_365' title='bbox 409 1765 513 1788; x_wconf 87' lang='lat' dir='ltr'><em>aevum,</em></span> <span class='ocrx_word' id='word_1_366' title='bbox 540 1756 679 1783; x_wconf 86' lang='lat' dir='ltr'><em>declarant</em></span> <span class='ocrx_word' id='word_1_367' title='bbox 698 1756 824 1789; x_wconf 87' lang='lat' dir='ltr'><em>picturae</em></span> <span class='ocrx_word' id='word_1_368' title='bbox 849 1756 929 1782; x_wconf 73' lang='lat' dir='ltr'><em>veluti</em></span> <span class='ocrx_word' id='word_1_369' title='bbox 951 1756 1115 1790; x_wconf 66' lang='lat' dir='ltr'><em>euanqeliari</em></span> <span class='ocrx_word' id='word_1_370' title='bbox 1134 1756 1332 1783; x_wconf 78' lang='lat' dir='ltr'><em>Suessionensis</em></span> <span class='ocrx_word' id='word_1_371' title='bbox 1349 1765 1367 1782; x_wconf 91' lang='lat' dir='ltr'><em>a</em></span> <span class='ocrx_word' id='word_1_372' title='bbox 1386 1756 1533 1783; x_wconf 76' lang='lat' dir='ltr'><em>Louamlre</em></span> <span class='ocrx_word' id='word_1_373' title='bbox 1554 1765 1675 1791; x_wconf 71' lang='lat' dir='ltr'><em>expressa</em></span> <span class='ocrx_word' id='word_1_374' title='bbox 1696 1757 1732 1784; x_wconf 79' lang='lat' dir='ltr'><em>les</em></span> <span class='ocrx_word' id='word_1_375' title='bbox 1752 1760 1815 1793; x_wconf 63' lang='lat' dir='ltr'><em>arte</em></span> <span class='ocrx_word' id='word_1_376' title='bbox 1833 1760 1923 1792; x_wconf 69' lang='lat' dir='ltr'><em>sumpt.</em></span> 
     </span>
     <span class='ocr_line' id='line_1_31' title="bbox 269 1799 1924 1845; baseline 0 -9"><span class='ocrx_word' id='word_1_377' title='bbox 269 1810 319 1836; x_wconf 83' lang='lat' dir='ltr'><em>tab.</em></span> <span class='ocrx_word' id='word_1_378' title='bbox 336 1809 415 1836; x_wconf 89' lang='lat' dir='ltr'><em>VIII.</em></span> <span class='ocrx_word' id='word_1_379' title='bbox 434 1809 492 1842; x_wconf 81' lang='lat' dir='ltr'><em>(cfr.</em></span> <span class='ocrx_word' id='word_1_380' title='bbox 505 1809 586 1842; x_wconf 80' lang='lat' dir='ltr'><em>Piper</em></span> <span class='ocrx_word' id='word_1_381' title='bbox 598 1808 684 1834; x_wconf 86' lang='lat' dir='ltr'><em>Karls</em></span> <span class='ocrx_word' id='word_1_382' title='bbox 695 1807 721 1834; x_wconf 90' lang='lat' dir='ltr'><em>d.</em></span> <span class='ocrx_word' id='word_1_383' title='bbox 734 1807 767 1835; x_wconf 57' lang='lat' dir='ltr'><em>Gn</em></span> <span class='ocrx_word' id='word_1_384' title='bbox 780 1808 928 1834; x_wconf 77' lang='lat' dir='ltr'><em>Kalendarr.</em></span> <span class='ocrx_word' id='word_1_385' title='bbox 942 1808 1030 1835; x_wconf 87' lang='lat' dir='ltr'><em>Berol.</em></span> <span class='ocrx_word' id='word_1_386' title='bbox 1044 1812 1110 1835; x_wconf 81' lang='lat'><strong><em>1858</em></strong></span> <span class='ocrx_word' id='word_1_387' title='bbox 1123 1816 1152 1842; x_wconf 85' lang='lat' dir='ltr'><em>p.</em></span> <span class='ocrx_word' id='word_1_388' title='bbox 1167 1810 1214 1842; x_wconf 89' lang='lat'><em>11).</em></span> <span class='ocrx_word' id='word_1_389' title='bbox 1228 1823 1261 1827; x_wconf 91' lang='lat'><strong>—</strong></span> <span class='ocrx_word' id='word_1_390' title='bbox 1273 1808 1316 1834; x_wconf 90' lang='lat' dir='ltr'><em>De</em></span> <span class='ocrx_word' id='word_1_391' title='bbox 1327 1807 1464 1842; x_wconf 82' lang='lat' dir='ltr'><em>paschatis</em></span> <span class='ocrx_word' id='word_1_392' title='bbox 1476 1810 1499 1834; x_wconf 85' lang='lat' dir='ltr'><em>et</em></span> <span class='ocrx_word' id='word_1_393' title='bbox 1512 1809 1592 1835; x_wconf 85' lang='lat' dir='ltr'><em>lunae</em></span> <span class='ocrx_word' id='word_1_394' title='bbox 1602 1811 1708 1845; x_wconf 80' lang='lat' dir='ltr'><em>praeter</em></span> <span class='ocrx_word' id='word_1_395' title='bbox 1719 1799 1924 1836; x_wconf 53' lang='lat' dir='ltr'><em>astronomicum</em></span> 
     </span>
     <span class='ocr_line' id='line_1_32' title="bbox 269 1859 1924 1896; baseline 0.001 -9"><span class='ocrx_word' id='word_1_396' title='bbox 269 1861 376 1896; x_wconf 71' lang='lat' dir='ltr'><em>mystico</em></span> <span class='ocrx_word' id='word_1_397' title='bbox 402 1868 504 1888; x_wconf 70' lang='lat' dir='ltr'><em>cone-‘ca</em></span> <span class='ocrx_word' id='word_1_398' title='bbox 527 1860 619 1893; x_wconf 85' lang='lat' dir='ltr'><em>plures</em></span> <span class='ocrx_word' id='word_1_399' title='bbox 643 1859 740 1893; x_wconf 62' lang='lat' dir='ltr'><em>diacre,</em></span> <span class='ocrx_word' id='word_1_400' title='bbox 769 1859 920 1886; x_wconf 83' lang='lat' dir='ltr'><em>Audradus</em></span> <span class='ocrx_word' id='word_1_401' title='bbox 945 1860 1036 1886; x_wconf 78' lang='lat' dir='ltr'><em>hausit</em></span> <span class='ocrx_word' id='word_1_402' title='bbox 1060 1862 1110 1886; x_wconf 88' lang='lat' dir='ltr'><em>aut</em></span> <span class='ocrx_word' id='word_1_403' title='bbox 1134 1868 1167 1886; x_wconf 69' lang='lat' dir='ltr'><em>ea:</em></span> <span class='ocrx_word' id='word_1_404' title='bbox 1185 1859 1290 1886; x_wconf 82' lang='lat' dir='ltr'><em>Isidoro</em></span> <span class='ocrx_word' id='word_1_405' title='bbox 1312 1862 1362 1886; x_wconf 80' lang='lat' dir='ltr'><em>aut</em></span> <span class='ocrx_word' id='word_1_406' title='bbox 1387 1867 1419 1886; x_wconf 69' lang='lat' dir='ltr'><em>ea:</em></span> <span class='ocrx_word' id='word_1_407' title='bbox 1441 1859 1542 1886; x_wconf 76' lang='lat' dir='ltr'><em>Isidori</em></span> <span class='ocrx_word' id='word_1_408' title='bbox 1564 1861 1730 1894; x_wconf 77' lang='lat' dir='ltr'><em>compilatore</em></span> <span class='ocrx_word' id='word_1_409' title='bbox 1752 1861 1838 1888; x_wconf 78' lang='lat' dir='ltr'><em>nescio</em></span> <span class='ocrx_word' id='word_1_410' title='bbox 1861 1870 1924 1895; x_wconf 70' lang='lat' dir='ltr'><em>quo.</em></span> 
     </span>
     <span class='ocr_line' id='line_1_33' title="bbox 272 1911 1924 1947; baseline 0 -8"><span class='ocrx_word' id='word_1_411' title='bbox 272 1914 361 1940; x_wconf 84' lang='lat' dir='ltr'><em>Suum</em></span> <span class='ocrx_word' id='word_1_412' title='bbox 378 1912 484 1939; x_wconf 74' lang='lat' dir='ltr'><em>ridetur</em></span> <span class='ocrx_word' id='word_1_413' title='bbox 502 1920 554 1938; x_wconf 85' lang='lat' dir='ltr'><em>esse</em></span> <span class='ocrx_word' id='word_1_414' title='bbox 572 1920 624 1945; x_wconf 83' lang='lat' dir='ltr'><em>quo</em></span> <span class='ocrx_word' id='word_1_415' title='bbox 641 1911 716 1938; x_wconf 81' lang='lat' dir='ltr'><em>modo</em></span> <span class='ocrx_word' id='word_1_416' title='bbox 731 1919 782 1945; x_wconf 87' lang='lat' dir='ltr'><em>per</em></span> <span class='ocrx_word' id='word_1_417' title='bbox 799 1911 922 1946; x_wconf 56' lang='lat' dir='ltr'><em>aenigma</em></span> <span class='ocrx_word' id='word_1_418' title='bbox 938 1911 1108 1938; x_wconf 66' lang='lat' dir='ltr'><em>coniunaeerit</em></span> <span class='ocrx_word' id='word_1_419' title='bbox 1124 1911 1222 1944; x_wconf 79' lang='lat' dir='ltr'><em>fontem</em></span> <span class='ocrx_word' id='word_1_420' title='bbox 1239 1919 1298 1938; x_wconf 84' lang='lat' dir='ltr'><em>cum</em></span> <span class='ocrx_word' id='word_1_421' title='bbox 1316 1912 1383 1938; x_wconf 82' lang='lat' dir='ltr'><em>luna</em></span> <span class='ocrx_word' id='word_1_422' title='bbox 1396 1911 1578 1945; x_wconf 76' lang='lat' dir='ltr'><em>paschateqae.</em></span> <span class='ocrx_word' id='word_1_423' title='bbox 1612 1911 1689 1938; x_wconf 78' lang='lat' dir='ltr'><em>Fons</em></span> <span class='ocrx_word' id='word_1_424' title='bbox 1706 1913 1841 1946; x_wconf 77' lang='lat' dir='ltr'><em>utrimque</em></span> <span class='ocrx_word' id='word_1_425' title='bbox 1856 1921 1924 1947; x_wconf 67' lang='lat' dir='ltr'><em>nepe</em></span> 
     </span>
     <span class='ocr_line' id='line_1_34' title="bbox 269 1963 1923 1999; baseline 0.001 -8"><span class='ocrx_word' id='word_1_426' title='bbox 269 1968 388 1999; x_wconf 88' lang='lat' dir='ltr'><em>septenas</em></span> <span class='ocrx_word' id='word_1_427' title='bbox 405 1965 488 1990; x_wconf 88' lang='lat' dir='ltr'><em>ulnas</em></span> <span class='ocrx_word' id='word_1_428' title='bbox 506 1964 563 1990; x_wconf 87' lang='lat' dir='ltr'><em>alta</em></span> <span class='ocrx_word' id='word_1_429' title='bbox 580 1964 696 1998; x_wconf 68' lang='lat' dir='ltr'><em>cinyitur</em></span> <span class='ocrx_word' id='word_1_430' title='bbox 713 1964 773 1996; x_wconf 81' lang='lat' dir='ltr'><em>(cfr.</em></span> <span class='ocrx_word' id='word_1_431' title='bbox 787 1963 911 1990; x_wconf 80' lang='lat' dir='ltr'><em>Phoenic.</em></span> <span class='ocrx_word' id='word_1_432' title='bbox 930 1971 951 1989; x_wconf 79' lang='lat' dir='ltr'><em>v.</em></span> <span class='ocrx_word' id='word_1_433' title='bbox 966 1964 1003 1997; x_wconf 87' lang='grc'><em>8),</em></span> <span class='ocrx_word' id='word_1_434' title='bbox 1020 1963 1074 1996; x_wconf 82' lang='lat' dir='ltr'><em>ipse</em></span> <span class='ocrx_word' id='word_1_435' title='bbox 1091 1965 1127 1989; x_wconf 80' lang='lat' dir='ltr'><em>est</em></span> <span class='ocrx_word' id='word_1_436' title='bbox 1145 1963 1202 1989; x_wconf 91' lang='lat' dir='ltr'><em>VII</em></span> <span class='ocrx_word' id='word_1_437' title='bbox 1219 1964 1349 1990; x_wconf 77' lang='lat' dir='ltr'><em>ulnarum</em></span> <span class='ocrx_word' id='word_1_438' title='bbox 1365 1963 1417 1990; x_wconf 72' lang='lat' dir='ltr'><em>sire</em></span> <span class='ocrx_word' id='word_1_439' title='bbox 1435 1963 1500 1997; x_wconf 82' lang='lat' dir='ltr'><em>quia</em></span> <span class='ocrx_word' id='word_1_440' title='bbox 1517 1966 1553 1990; x_wconf 89' lang='lat' dir='ltr'><em>tot</em></span> <span class='ocrx_word' id='word_1_441' title='bbox 1571 1963 1634 1990; x_wconf 77' lang='lat' dir='ltr'><em>salit</em></span> <span class='ocrx_word' id='word_1_442' title='bbox 1651 1963 1681 1990; x_wconf 85' lang='lat' dir='ltr'><em>in</em></span> <span class='ocrx_word' id='word_1_443' title='bbox 1698 1973 1784 1991; x_wconf 80' lang='lat' dir='ltr'><em>auras</em></span> <span class='ocrx_word' id='word_1_444' title='bbox 1794 1965 1847 1991; x_wconf 71' lang='lat' dir='ltr'><em>sive</em></span> <span class='ocrx_word' id='word_1_445' title='bbox 1856 1965 1923 1999; x_wconf 70' lang='lat' dir='ltr'><em>quia</em></span> 
     </span>
     <span class='ocr_line' id='line_1_35' title="bbox 269 2014 1954 2051; baseline 0.001 -8"><span class='ocrx_word' id='word_1_446' title='bbox 269 2017 389 2043; x_wconf 71' lang='lat' dir='ltr'><em>emoriens</em></span> <span class='ocrx_word' id='word_1_447' title='bbox 412 2018 516 2042; x_wconf 86' lang='lat' dir='ltr'><em>tantam</em></span> <span class='ocrx_word' id='word_1_448' title='bbox 534 2015 609 2041; x_wconf 76' lang='lat' dir='ltr'><em>babet</em></span> <span class='ocrx_word' id='word_1_449' title='bbox 627 2015 827 2049; x_wconf 75' lang='lat' dir='ltr'><em>laryitudinem,</em></span> <span class='ocrx_word' id='word_1_450' title='bbox 849 2022 934 2048; x_wconf 84' lang='lat' dir='ltr'><em>supra</em></span> <span class='ocrx_word' id='word_1_451' title='bbox 956 2023 1015 2041; x_wconf 88' lang='lat' dir='ltr'><em>eum</em></span> <span class='ocrx_word' id='word_1_452' title='bbox 1034 2015 1135 2048; x_wconf 88' lang='lat' dir='ltr'><em>‘septem</em></span> <span class='ocrx_word' id='word_1_453' title='bbox 1157 2015 1238 2041; x_wconf 83' lang='lat' dir='ltr'><em>ulnae</em></span> <span class='ocrx_word' id='word_1_454' title='bbox 1255 2014 1364 2041; x_wconf 63' lang='lat' dir='ltr'><em>tenelwis</em></span> <span class='ocrx_word' id='word_1_455' title='bbox 1381 2015 1493 2042; x_wconf 69' lang='lat' dir='ltr'><em>mioctae’.</em></span> <span class='ocrx_word' id='word_1_456' title='bbox 1532 2016 1639 2049; x_wconf 63' lang='lat' dir='ltr'><em>fflplex</em></span> <span class='ocrx_word' id='word_1_457' title='bbox 1655 2016 1740 2050; x_wconf 62' lang='lat' dir='ltr'><em>{qitza-</em></span> <span class='ocrx_word' id='word_1_458' title='bbox 1755 2019 1793 2043; x_wconf 62' lang='grc' dir='ltr'><em>σα</em></span> <span class='ocrx_word' id='word_1_459' title='bbox 1810 2016 1924 2051; x_wconf 57' lang='lat' dir='ltr'><em>satyratis</em></span> <span class='ocrx_word' id='word_1_460' title='bbox 1949 2038 1954 2045; x_wconf 89' lang='lat'><em>.</em></span> 
     </span>
     <span class='ocr_line' id='line_1_36' title="bbox 268 2066 1924 2102; baseline 0.001 -8"><span class='ocrx_word' id='word_1_461' title='bbox 268 2068 391 2101; x_wconf 79' lang='lat' dir='ltr'><em>partibas</em></span> <span class='ocrx_word' id='word_1_462' title='bbox 416 2067 596 2101; x_wconf 75' lang='lat' dir='ltr'><em>sepoenariam</em></span> <span class='ocrx_word' id='word_1_463' title='bbox 622 2074 763 2093; x_wconf 85' lang='lat' dir='ltr'><em>numerum</em></span> <span class='ocrx_word' id='word_1_464' title='bbox 789 2066 991 2093; x_wconf 80' lang='lat' dir='ltr'><em>continentibus.</em></span> <span class='ocrx_word' id='word_1_465' title='bbox 1027 2067 1117 2100; x_wconf 78' lang='lat' dir='ltr'><em>Atque</em></span> <span class='ocrx_word' id='word_1_466' title='bbox 1143 2075 1223 2101; x_wconf 82' lang='lat' dir='ltr'><em>rupes</em></span> <span class='ocrx_word' id='word_1_467' title='bbox 1248 2067 1352 2101; x_wconf 76' lang='lat' dir='ltr'><em>quidem</em></span> <span class='ocrx_word' id='word_1_468' title='bbox 1378 2067 1530 2101; x_wconf 61' lang='lat' dir='ltr'><em>significant</em></span> <span class='ocrx_word' id='word_1_469' title='bbox 1552 2067 1692 2094; x_wconf 63' lang='lat' dir='ltr'><em>ter-»ninum</em></span> <span class='ocrx_word' id='word_1_470' title='bbox 1711 2068 1864 2102; x_wconf 71' lang='lat' dir='ltr'><em>paschalem</em></span> <span class='ocrx_word' id='word_1_471' title='bbox 1885 2069 1924 2096; x_wconf 75' lang='lat' dir='ltr'><em>vel</em></span> 
     </span>
     <span class='ocr_line' id='line_1_37' title="bbox 269 2118 1921 2155; baseline 0.001 -9"><span class='ocrx_word' id='word_1_472' title='bbox 269 2121 363 2146; x_wconf 86' lang='lat' dir='ltr'><em>lunam</em></span> <span class='ocrx_word' id='word_1_473' title='bbox 380 2122 504 2153; x_wconf 77' lang='lat' dir='ltr'><em>quartam</em></span> <span class='ocrx_word' id='word_1_474' title='bbox 521 2118 658 2151; x_wconf 81' lang='lat' dir='ltr'><em>decimam,</em></span> <span class='ocrx_word' id='word_1_475' title='bbox 675 2119 738 2151; x_wconf 80' lang='lat' dir='ltr'><em>s&#39;ons</em></span> <span class='ocrx_word' id='word_1_476' title='bbox 755 2119 928 2152; x_wconf 75' lang='lat' dir='ltr'><em>septimanam</em></span> <span class='ocrx_word' id='word_1_477' title='bbox 942 2119 1078 2152; x_wconf 82' lang='lat' dir='ltr'><em>paschatis</em></span> <span class='ocrx_word' id='word_1_478' title='bbox 1095 2119 1133 2145; x_wconf 71' lang='lat' dir='ltr'><em>rel</em></span> <span class='ocrx_word' id='word_1_479' title='bbox 1150 2119 1245 2145; x_wconf 88' lang='lat' dir='ltr'><em>lunam</em></span> <span class='ocrx_word' id='word_1_480' title='bbox 1263 2128 1280 2144; x_wconf 91' lang='lat' dir='ltr'><em>a</em></span> <span class='ocrx_word' id='word_1_481' title='bbox 1299 2118 1466 2153; x_wconf 61' lang='lat' dir='ltr'><em>quindecima</em></span> <span class='ocrx_word' id='word_1_482' title='bbox 1483 2127 1566 2152; x_wconf 78' lang='lat' dir='ltr'><em>usque</em></span> <span class='ocrx_word' id='word_1_483' title='bbox 1582 2119 1620 2145; x_wconf 87' lang='lat' dir='ltr'><em>ad</em></span> <span class='ocrx_word' id='word_1_484' title='bbox 1636 2119 1783 2146; x_wconf 77' lang='lat' dir='ltr'><em>vicesimam</em></span> <span class='ocrx_word' id='word_1_485' title='bbox 1795 2120 1921 2155; x_wconf 63' lang='lat' dir='ltr'><em>primm,</em></span> 
     </span>
     <span class='ocr_line' id='line_1_38' title="bbox 269 2170 1922 2206; baseline 0.001 -9"><span class='ocrx_word' id='word_1_486' title='bbox 269 2173 371 2205; x_wconf 83' lang='lat' dir='ltr'><em>‘septem</em></span> <span class='ocrx_word' id='word_1_487' title='bbox 396 2171 478 2197; x_wconf 83' lang='lat' dir='ltr'><em>ulnae</em></span> <span class='ocrx_word' id='word_1_488' title='bbox 505 2170 616 2197; x_wconf 79' lang='lat' dir='ltr'><em>tenebris</em></span> <span class='ocrx_word' id='word_1_489' title='bbox 643 2170 748 2196; x_wconf 70' lang='lat' dir='ltr'><em>mioetae&#39;</em></span> <span class='ocrx_word' id='word_1_490' title='bbox 775 2170 843 2197; x_wconf 88' lang='lat' dir='ltr'><em>idem</em></span> <span class='ocrx_word' id='word_1_491' title='bbox 870 2170 914 2196; x_wconf 83' lang='lat' dir='ltr'><em>sed</em></span> <span class='ocrx_word' id='word_1_492' title='bbox 938 2173 968 2197; x_wconf 89' lang='lat' dir='ltr'><em>ut</em></span> <span class='ocrx_word' id='word_1_493' title='bbox 990 2170 1127 2204; x_wconf 86' lang='lat' dir='ltr'><em>paschatis</em></span> <span class='ocrx_word' id='word_1_494' title='bbox 1149 2170 1217 2197; x_wconf 59' lang='lat' dir='ltr'><em>diem</em></span> <span class='ocrx_word' id='word_1_495' title='bbox 1240 2170 1403 2197; x_wconf 77' lang='lat' dir='ltr'><em>dominicum</em></span> <span class='ocrx_word' id='word_1_496' title='bbox 1426 2171 1500 2197; x_wconf 88' lang='lat' dir='ltr'><em>intra</em></span> <span class='ocrx_word' id='word_1_497' title='bbox 1524 2171 1606 2197; x_wconf 87' lang='lat' dir='ltr'><em>lunae</em></span> <span class='ocrx_word' id='word_1_498' title='bbox 1629 2170 1798 2198; x_wconf 59' lang='lat' dir='ltr'><em>decrescentis</em></span> <span class='ocrx_word' id='word_1_499' title='bbox 1820 2174 1922 2206; x_wconf 75' lang='lat' dir='ltr'><em>tempus</em></span> 
     </span>
     <span class='ocr_line' id='line_1_39' title="bbox 267 2222 1922 2257; baseline 0 -8"><span class='ocrx_word' id='word_1_500' title='bbox 267 2223 449 2257; x_wconf 79' lang='lat' dir='ltr'><em>quaerendum</em></span> <span class='ocrx_word' id='word_1_501' title='bbox 472 2230 524 2249; x_wconf 86' lang='lat' dir='ltr'><em>esse</em></span> <span class='ocrx_word' id='word_1_502' title='bbox 546 2222 685 2256; x_wconf 75' lang='lat' dir='ltr'><em>adpareat.</em></span> <span class='ocrx_word' id='word_1_503' title='bbox 704 2238 736 2241; x_wconf 98' lang='lat'><strong>—</strong></span> <span class='ocrx_word' id='word_1_504' title='bbox 756 2222 805 2248; x_wconf 72' lang='lat' dir='ltr'><em>Em</em></span> <span class='ocrx_word' id='word_1_505' title='bbox 826 2222 898 2255; x_wconf 79' lang='lat' dir='ltr'><em>sonte</em></span> <span class='ocrx_word' id='word_1_506' title='bbox 921 2222 946 2248; x_wconf 79' lang='lat' dir='ltr'><em>si</em></span> <span class='ocrx_word' id='word_1_507' title='bbox 968 2223 1034 2249; x_wconf 79' lang='lat' dir='ltr'><em>voles</em></span> <span class='ocrx_word' id='word_1_508' title='bbox 1055 2222 1148 2256; x_wconf 83' lang='lat' dir='ltr'><em>bibere,</em></span> <span class='ocrx_word' id='word_1_509' title='bbox 1173 2223 1216 2249; x_wconf 83' lang='lat' dir='ltr'><em>uti</em></span> <span class='ocrx_word' id='word_1_510' title='bbox 1238 2222 1337 2249; x_wconf 78' lang='lat' dir='ltr'><em>debebis</em></span> <span class='ocrx_word' id='word_1_511' title='bbox 1357 2222 1453 2257; x_wconf 77' lang='lat' dir='ltr'><em>scypho</em></span> <span class='ocrx_word' id='word_1_512' title='bbox 1474 2225 1498 2249; x_wconf 87' lang='lat' dir='ltr'><em>et</em></span> <span class='ocrx_word' id='word_1_513' title='bbox 1520 2223 1578 2256; x_wconf 82' lang='lat' dir='ltr'><em>ipso</em></span> <span class='ocrx_word' id='word_1_514' title='bbox 1601 2223 1699 2256; x_wconf 78' lang='lat' dir='ltr'><em>triplici</em></span> <span class='ocrx_word' id='word_1_515' title='bbox 1715 2223 1922 2257; x_wconf 73' lang='lat' dir='ltr'><em>septempliciquc</em></span> 
     </span>
     <span class='ocr_line' id='line_1_40' title="bbox 266 2273 1922 2310; baseline 0.001 -8"><span class='ocrx_word' id='word_1_516' title='bbox 266 2276 368 2308; x_wconf 79' lang='lat' dir='ltr'><em>forma:</em></span> <span class='ocrx_word' id='word_1_517' title='bbox 387 2275 448 2301; x_wconf 92' lang='lat' dir='ltr'><em>VII</em></span> <span class='ocrx_word' id='word_1_518' title='bbox 461 2274 555 2301; x_wconf 84' lang='lat' dir='ltr'><em>habeat</em></span> <span class='ocrx_word' id='word_1_519' title='bbox 568 2273 656 2307; x_wconf 85' lang='lat' dir='ltr'><em>pedes,</em></span> <span class='ocrx_word' id='word_1_520' title='bbox 675 2274 736 2300; x_wconf 89' lang='lat' dir='ltr'><em>VII</em></span> <span class='ocrx_word' id='word_1_521' title='bbox 751 2282 841 2308; x_wconf 86' lang='lat' dir='ltr'><em>ansas,</em></span> <span class='ocrx_word' id='word_1_522' title='bbox 861 2274 989 2308; x_wconf 63' lang='lat' dir='ltr'><em>septiforis</em></span> <span class='ocrx_word' id='word_1_523' title='bbox 1006 2282 1108 2308; x_wconf 77' lang='lat' dir='ltr'><em>quoquc</em></span> <span class='ocrx_word' id='word_1_524' title='bbox 1125 2274 1159 2300; x_wconf 87' lang='lat' dir='ltr'><em>sit</em></span> <span class='ocrx_word' id='word_1_525' title='bbox 1176 2274 1209 2307; x_wconf 88' lang='lat' dir='ltr'><em>(v.</em></span> <span class='ocrx_word' id='word_1_526' title='bbox 1223 2277 1256 2301; x_wconf 80' lang='grc'><em>43</em></span> <span class='ocrx_word' id='word_1_527' title='bbox 1268 2283 1304 2308; x_wconf 79' lang='lat' dir='ltr'><em>sq.</em></span> <span class='ocrx_word' id='word_1_528' title='bbox 1318 2274 1467 2308; x_wconf 62' lang='lat' dir='ltr'><em>corrigendi</em></span> <span class='ocrx_word' id='word_1_529' title='bbox 1480 2277 1556 2301; x_wconf 82' lang='lat' dir='ltr'><em>erant</em></span> <span class='ocrx_word' id='word_1_530' title='bbox 1569 2275 1641 2301; x_wconf 80' lang='lat' dir='ltr'><em>alius</em></span> <span class='ocrx_word' id='word_1_531' title='bbox 1653 2275 1736 2301; x_wconf 84' lang='lat' dir='ltr'><em>aliam</em></span> <span class='ocrx_word' id='word_1_532' title='bbox 1747 2275 1780 2301; x_wconf 89' lang='lat' dir='ltr'><em>ob</em></span> <span class='ocrx_word' id='word_1_533' title='bbox 1791 2277 1922 2310; x_wconf 72' lang='lat' dir='ltr'><em>causam).</em></span> 
     </span>
     <span class='ocr_line' id='line_1_41' title="bbox 269 2325 1920 2361; baseline 0.001 -9"><span class='ocrx_word' id='word_1_534' title='bbox 269 2327 344 2353; x_wconf 83' lang='lat' dir='ltr'><em>Fons</em></span> <span class='ocrx_word' id='word_1_535' title='bbox 362 2326 498 2360; x_wconf 77' lang='lat' dir='ltr'><em>tripliciter</em></span> <span class='ocrx_word' id='word_1_536' title='bbox 514 2326 662 2352; x_wconf 83' lang='lat' dir='ltr'><em>inaccessus</em></span> <span class='ocrx_word' id='word_1_537' title='bbox 680 2325 797 2360; x_wconf 77' lang='lat' dir='ltr'><em>triplum</em></span> <span class='ocrx_word' id='word_1_538' title='bbox 815 2326 919 2352; x_wconf 89' lang='lat' dir='ltr'><em>nodum</em></span> <span class='ocrx_word' id='word_1_539' title='bbox 931 2327 976 2359; x_wconf 87' lang='grc'><em>(82</em></span> <span class='ocrx_word' id='word_1_540' title='bbox 987 2328 1046 2360; x_wconf 85' lang='grc'><em>379)</em></span> <span class='ocrx_word' id='word_1_541' title='bbox 1059 2326 1195 2360; x_wconf 78' lang='lat' dir='ltr'><em>proponit,</em></span> <span class='ocrx_word' id='word_1_542' title='bbox 1213 2326 1328 2361; x_wconf 80' lang='lat' dir='ltr'><em>scyphus</em></span> <span class='ocrx_word' id='word_1_543' title='bbox 1339 2326 1437 2360; x_wconf 78' lang='lat' dir='ltr'><em>tripleae</em></span> <span class='ocrx_word' id='word_1_544' title='bbox 1444 2326 1537 2360; x_wconf 85' lang='lat' dir='ltr'><em>prodit</em></span> <span class='ocrx_word' id='word_1_545' title='bbox 1549 2326 1616 2353; x_wconf 90' lang='lat' dir='ltr'><em>nodi</em></span> <span class='ocrx_word' id='word_1_546' title='bbox 1628 2325 1827 2361; x_wconf 80' lang='lat' dir='ltr'><em>displosionem</em></span> <span class='ocrx_word' id='word_1_547' title='bbox 1839 2327 1920 2361; x_wconf 73' lang='lat'><em>(340).</em></span> 
     </span>
     <span class='ocr_line' id='line_1_42' title="bbox 271 2377 1922 2417; baseline 0.001 -13"><span class='ocrx_word' id='word_1_548' title='bbox 271 2378 348 2404; x_wconf 89' lang='lat' dir='ltr'><em>Fons</em></span> <span class='ocrx_word' id='word_1_549' title='bbox 365 2378 434 2404; x_wconf 69' lang='lat' dir='ltr'><em>iitae</em></span> <span class='ocrx_word' id='word_1_550' title='bbox 451 2380 488 2404; x_wconf 88' lang='lat' dir='ltr'><em>est</em></span> <span class='ocrx_word' id='word_1_551' title='bbox 502 2377 626 2404; x_wconf 73' lang='lat' dir='ltr'><em>Cha-istus</em></span> <span class='ocrx_word' id='word_1_552' title='bbox 639 2378 750 2412; x_wconf 83' lang='lat' dir='ltr'><em>pascha,</em></span> <span class='ocrx_word' id='word_1_553' title='bbox 769 2378 880 2413; x_wconf 77' lang='lat' dir='ltr'><em>scyphus</em></span> <span class='ocrx_word' id='word_1_554' title='bbox 894 2386 943 2412; x_wconf 86' lang='lat' dir='ltr'><em>per</em></span> <span class='ocrx_word' id='word_1_555' title='bbox 959 2386 1035 2412; x_wconf 77' lang='lat' dir='ltr'><em>quem</em></span> <span class='ocrx_word' id='word_1_556' title='bbox 1047 2378 1137 2412; x_wconf 80' lang='lat' dir='ltr'><em>possis</em></span> <span class='ocrx_word' id='word_1_557' title='bbox 1153 2377 1261 2404; x_wconf 80' lang='lat' dir='ltr'><em>haurire</em></span> <span class='ocrx_word' id='word_1_558' title='bbox 1274 2378 1408 2411; x_wconf 74' lang='lat' dir='ltr'><em>paseluztis</em></span> <span class='ocrx_word' id='word_1_559' title='bbox 1420 2378 1526 2412; x_wconf 76' lang='lat' dir='ltr'><em>mysteri</em></span> <span class='ocrx_word' id='word_1_560' title='bbox 1543 2378 1698 2412; x_wconf 73' lang='lat' dir='ltr'><em>lunarisque</em></span> <span class='ocrx_word' id='word_1_561' title='bbox 1714 2378 1745 2404; x_wconf 78' lang='lat' dir='ltr'><em>in</em></span> <span class='ocrx_word' id='word_1_562' title='bbox 1761 2386 1790 2405; x_wconf 83' lang='lat' dir='ltr'><em>eo</em></span> <span class='ocrx_word' id='word_1_563' title='bbox 1806 2378 1922 2417; x_wconf 53' lang='lat' dir='ltr'><em>rationis</em></span> 
     </span>
     <span class='ocr_line' id='line_1_43' title="bbox 267 2428 1920 2464; baseline 0.001 -9"><span class='ocrx_word' id='word_1_564' title='bbox 267 2432 303 2455; x_wconf 87' lang='lat' dir='ltr'><em>est</em></span> <span class='ocrx_word' id='word_1_565' title='bbox 318 2430 510 2463; x_wconf 79' lang='lat' dir='ltr'><em>perspicientia.</em></span> <span class='ocrx_word' id='word_1_566' title='bbox 549 2429 754 2463; x_wconf 83' lang='lat' dir='ltr'><em>Perspicientiae</em></span> <span class='ocrx_word' id='word_1_567' title='bbox 767 2433 884 2464; x_wconf 85' lang='lat' dir='ltr'><em>potestas</em></span> <span class='ocrx_word' id='word_1_568' title='bbox 900 2433 936 2456; x_wconf 85' lang='lat' dir='ltr'><em>est</em></span> <span class='ocrx_word' id='word_1_569' title='bbox 949 2438 1030 2464; x_wconf 80' lang='lat' dir='ltr'><em>penes</em></span> <span class='ocrx_word' id='word_1_570' title='bbox 1049 2428 1196 2463; x_wconf 73' lang='lat' dir='ltr'><em>Clu-istum,</em></span> <span class='ocrx_word' id='word_1_571' title='bbox 1217 2430 1240 2456; x_wconf 80' lang='lat' dir='ltr'><em>is</em></span> <span class='ocrx_word' id='word_1_572' title='bbox 1257 2438 1313 2456; x_wconf 81' lang='lat' dir='ltr'><em>mm</em></span> <span class='ocrx_word' id='word_1_573' title='bbox 1326 2429 1420 2463; x_wconf 83' lang='lat' dir='ltr'><em>prodit</em></span> <span class='ocrx_word' id='word_1_574' title='bbox 1437 2430 1492 2456; x_wconf 82' lang='lat' dir='ltr'><em>nisi</em></span> <span class='ocrx_word' id='word_1_575' title='bbox 1508 2438 1558 2464; x_wconf 86' lang='lat' dir='ltr'><em>per</em></span> <span class='ocrx_word' id='word_1_576' title='bbox 1573 2430 1686 2463; x_wconf 74' lang='lat' dir='ltr'><em>fidelem,</em></span> <span class='ocrx_word' id='word_1_577' title='bbox 1709 2429 1843 2456; x_wconf 77' lang='lat' dir='ltr'><em>Audrado</em></span> <span class='ocrx_word' id='word_1_578' title='bbox 1855 2438 1920 2464; x_wconf 76' lang='lat' dir='ltr'><em>pro-</em></span> 
     </span>
     <span class='ocr_line' id='line_1_44' title="bbox 267 2480 1921 2515; baseline 0.001 -8"><span class='ocrx_word' id='word_1_579' title='bbox 267 2481 370 2507; x_wconf 83' lang='lat' dir='ltr'><em>diderat</em></span> <span class='ocrx_word' id='word_1_580' title='bbox 384 2490 434 2515; x_wconf 87' lang='lat' dir='ltr'><em>per</em></span> <span class='ocrx_word' id='word_1_581' title='bbox 451 2481 646 2515; x_wconf 74' lang='lat' dir='ltr'><em>Hincmarum;</em></span> <span class='ocrx_word' id='word_1_582' title='bbox 665 2481 713 2515; x_wconf 77' lang='lat' dir='ltr'><em>qui</em></span> <span class='ocrx_word' id='word_1_583' title='bbox 730 2484 767 2508; x_wconf 83' lang='lat' dir='ltr'><em>est</em></span> <span class='ocrx_word' id='word_1_584' title='bbox 783 2482 886 2508; x_wconf 83' lang='lat' dir='ltr'><em>iuvenis</em></span> <span class='ocrx_word' id='word_1_585' title='bbox 902 2481 957 2515; x_wconf 85' lang='lat' dir='ltr'><em>ille,</em></span> <span class='ocrx_word' id='word_1_586' title='bbox 974 2481 1057 2514; x_wconf 76' lang='lat' dir='ltr'><em>fontis</em></span> <span class='ocrx_word' id='word_1_587' title='bbox 1073 2483 1163 2508; x_wconf 83' lang='lat' dir='ltr'><em>custos</em></span> <span class='ocrx_word' id='word_1_588' title='bbox 1179 2481 1248 2508; x_wconf 82' lang='lat' dir='ltr'><em>sicut</em></span> <span class='ocrx_word' id='word_1_589' title='bbox 1266 2481 1389 2508; x_wconf 72' lang='lat' dir='ltr'><em>Phoenioe</em></span> <span class='ocrx_word' id='word_1_590' title='bbox 1402 2480 1603 2508; x_wconf 80' lang='lat' dir='ltr'><em>Lactantianus</em></span> <span class='ocrx_word' id='word_1_591' title='bbox 1619 2482 1692 2515; x_wconf 83' lang='lat' dir='ltr'><em>(cum</em></span> <span class='ocrx_word' id='word_1_592' title='bbox 1707 2481 1835 2509; x_wconf 65' lang='lat' dir='ltr'><em>Audendo·</em></span> <span class='ocrx_word' id='word_1_593' title='bbox 1851 2491 1874 2509; x_wconf 81' lang='lat' dir='ltr'><em>v.</em></span> <span class='ocrx_word' id='word_1_594' title='bbox 1887 2486 1921 2510; x_wconf 80' lang='grc'><em>62</em></span> 
     </span>
     <span class='ocr_line' id='line_1_45' title="bbox 267 2532 1919 2568; baseline 0.001 -9"><span class='ocrx_word' id='word_1_595' title='bbox 267 2533 314 2565; x_wconf 78' lang='lat' dir='ltr'><em>cfr.</em></span> <span class='ocrx_word' id='word_1_596' title='bbox 334 2532 458 2559; x_wconf 87' lang='lat' dir='ltr'><em>Lactant.</em></span> <span class='ocrx_word' id='word_1_597' title='bbox 482 2542 504 2559; x_wconf 86' lang='lat' dir='ltr'><em>v.</em></span> <span class='ocrx_word' id='word_1_598' title='bbox 523 2536 556 2560; x_wconf 86' lang='lat'><em>38</em></span> <span class='ocrx_word' id='word_1_599' title='bbox 573 2535 630 2567; x_wconf 72' lang='lat' dir='ltr'><em>sq).</em></span> <span class='ocrx_word' id='word_1_600' title='bbox 735 2534 761 2567; x_wconf 89' lang='lat'><em>3)</em></span> <span class='ocrx_word' id='word_1_601' title='bbox 783 2533 953 2567; x_wconf 84' lang='lat' dir='ltr'><em>Repetierunt</em></span> <span class='ocrx_word' id='word_1_602' title='bbox 979 2536 1078 2560; x_wconf 65' lang='lat' dir='ltr'><em>tentum</em></span> <span class='ocrx_word' id='word_1_603' title='bbox 1104 2533 1315 2568; x_wconf 66' lang='lat' dir='ltr'><em>ceterieditores</em></span> <span class='ocrx_word' id='word_1_604' title='bbox 1339 2533 1504 2560; x_wconf 82' lang='lat' dir='ltr'><em>Gallandius</em></span> <span class='ocrx_word' id='word_1_605' title='bbox 1531 2533 1590 2560; x_wconf 87' lang='lat' dir='ltr'><em>bibl.</em></span> <span class='ocrx_word' id='word_1_606' title='bbox 1613 2535 1686 2567; x_wconf 75' lang='lat' dir='ltr'><em>patr.</em></span> <span class='ocrx_word' id='word_1_607' title='bbox 1706 2533 1791 2560; x_wconf 83' lang='lat' dir='ltr'><em>XIII</em></span> <span class='ocrx_word' id='word_1_608' title='bbox 1808 2533 1919 2567; x_wconf 59' lang='lat' dir='ltr'><em>Onam,</em></span> 
     </span>
     <span class='ocr_line' id='line_1_46' title="bbox 269 2584 1921 2619; baseline 0.002 -10"><span class='ocrx_word' id='word_1_609' title='bbox 269 2584 399 2610; x_wconf 76' lang='lat' dir='ltr'><em>Gallaruii</em></span> <span class='ocrx_word' id='word_1_610' title='bbox 417 2584 542 2618; x_wconf 77' lang='lat' dir='ltr'><em>Miyneus</em></span> <span class='ocrx_word' id='word_1_611' title='bbox 561 2586 659 2619; x_wconf 82' lang='lat' dir='ltr'><em>patrol.</em></span> <span class='ocrx_word' id='word_1_612' title='bbox 680 2585 767 2612; x_wconf 86' lang='lat' dir='ltr'><em>CXV.</em></span> <span class='ocrx_word' id='word_1_613' title='bbox 871 2586 898 2619; x_wconf 82' lang='lat'><em>4)</em></span> <span class='ocrx_word' id='word_1_614' title='bbox 919 2585 954 2611; x_wconf 84' lang='lat' dir='ltr'><em>In</em></span> <span class='ocrx_word' id='word_1_615' title='bbox 970 2585 1143 2619; x_wconf 71' lang='lat' dir='ltr'><em>passionibus</em></span> <span class='ocrx_word' id='word_1_616' title='bbox 1161 2585 1264 2619; x_wconf 74' lang='lat' dir='ltr'><em>adleyat</em></span> <span class='ocrx_word' id='word_1_617' title='bbox 1281 2584 1396 2618; x_wconf 73' lang='lat' dir='ltr'><em>quodam</em></span> <span class='ocrx_word' id='word_1_618' title='bbox 1412 2585 1487 2611; x_wconf 87' lang='lat' dir='ltr'><em>modo</em></span> <span class='ocrx_word' id='word_1_619' title='bbox 1504 2586 1619 2612; x_wconf 81' lang='lat' dir='ltr'><em>lectorem</em></span> <span class='ocrx_word' id='word_1_620' title='bbox 1636 2585 1673 2611; x_wconf 84' lang='lat' dir='ltr'><em>ad</em></span> <span class='ocrx_word' id='word_1_621' title='bbox 1689 2585 1871 2612; x_wconf 70' lang='lat' dir='ltr'><em>narrationem</em></span> <span class='ocrx_word' id='word_1_622' title='bbox 1887 2593 1921 2612; x_wconf 74' lang='lat' dir='ltr'><em>ex</em></span> 
     </span>
     <span class='ocr_line' id='line_1_47' title="bbox 266 2635 1920 2672; baseline 0.001 -10"><span class='ocrx_word' id='word_1_623' title='bbox 266 2638 401 2670; x_wconf 73' lang='lat' dir='ltr'><em>systemate</em></span> <span class='ocrx_word' id='word_1_624' title='bbox 418 2644 467 2662; x_wconf 89' lang='lat' dir='ltr'><em>suo</em></span> <span class='ocrx_word' id='word_1_625' title='bbox 484 2636 515 2662; x_wconf 88' lang='lat' dir='ltr'><em>in</em></span> <span class='ocrx_word' id='word_1_626' title='bbox 532 2636 600 2663; x_wconf 57' lang='lat' dir='ltr'><em>vitae</em></span> <span class='ocrx_word' id='word_1_627' title='bbox 617 2637 701 2669; x_wconf 81' lang='lat' dir='ltr'><em>fontis</em></span> <span class='ocrx_word' id='word_1_628' title='bbox 718 2637 784 2663; x_wconf 88' lang='lat' dir='ltr'><em>libro</em></span> <span class='ocrx_word' id='word_1_629' title='bbox 802 2637 950 2664; x_wconf 62' lang='lat' dir='ltr'><em>exhibitam.</em></span> <span class='ocrx_word' id='word_1_630' title='bbox 983 2636 1037 2670; x_wconf 66' lang='lat' dir='ltr'><em>CYr.</em></span> <span class='ocrx_word' id='word_1_631' title='bbox 1056 2645 1089 2663; x_wconf 89' lang='lat' dir='ltr'><em>ea</em></span> <span class='ocrx_word' id='word_1_632' title='bbox 1105 2645 1174 2671; x_wconf 77' lang='lat' dir='ltr'><em>quae</em></span> <span class='ocrx_word' id='word_1_633' title='bbox 1190 2637 1241 2664; x_wconf 80' lang='lat' dir='ltr'><em>sub</em></span> <span class='ocrx_word' id='word_1_634' title='bbox 1257 2639 1330 2664; x_wconf 74' lang='lat' dir='ltr'><em>textu</em></span> <span class='ocrx_word' id='word_1_635' title='bbox 1347 2635 1491 2672; x_wconf 72' lang='lat' dir='ltr'><em>colle9i‚&#39;in</em></span> <span class='ocrx_word' id='word_1_636' title='bbox 1503 2637 1600 2670; x_wconf 72' lang='lat' dir='ltr'><em>primis</em></span> <span class='ocrx_word' id='word_1_637' title='bbox 1618 2637 1671 2671; x_wconf 84' lang='lat' dir='ltr'><em>IV,</em></span> <span class='ocrx_word' id='word_1_638' title='bbox 1683 2640 1718 2664; x_wconf 75' lang='lat'><em>34</em></span> <span class='ocrx_word' id='word_1_639' title='bbox 1731 2645 1767 2670; x_wconf 67' lang='grc'><em>39.</em></span> <span class='ocrx_word' id='word_1_640' title='bbox 1786 2637 1834 2664; x_wconf 74' lang='lat' dir='ltr'><em>sed</em></span> <span class='ocrx_word' id='word_1_641' title='bbox 1852 2637 1920 2671; x_wconf 76' lang='lat' dir='ltr'><em>quia.</em></span> 
     </span>
     <span class='ocr_line' id='line_1_48' title="bbox 266 2687 1920 2722; baseline 0.001 -9"><span class='ocrx_word' id='word_1_642' title='bbox 266 2696 316 2714; x_wconf 81' lang='lat' dir='ltr'><em>nos</em></span> <span class='ocrx_word' id='word_1_643' title='bbox 334 2697 406 2713; x_wconf 79' lang='lat' dir='ltr'><em>unus</em></span> <span class='ocrx_word' id='word_1_644' title='bbox 424 2687 520 2714; x_wconf 64' lang='lat' dir='ltr'><em>docuit</em></span> <span class='ocrx_word' id='word_1_645' title='bbox 538 2688 660 2715; x_wconf 77' lang='lat' dir='ltr'><em>salvator</em></span> <span class='ocrx_word' id='word_1_646' title='bbox 678 2690 707 2715; x_wconf 71' lang='lat' dir='ltr'><em>et</em></span> <span class='ocrx_word' id='word_1_647' title='bbox 725 2697 780 2716; x_wconf 87' lang='lat' dir='ltr'><em>uno</em></span> <span class='ocrx_word' id='word_1_648' title='bbox 797 2689 800 2722; x_wconf 93' lang='grc' dir='ltr'>Ι</span> <span class='ocrx_word' id='word_1_649' title='bbox 816 2689 894 2716; x_wconf 72' lang='lat' dir='ltr'><em>fonte</em></span> <span class='ocrx_word' id='word_1_650' title='bbox 911 2689 993 2715; x_wconf 79' lang='lat' dir='ltr'><em>simul</em></span> <span class='ocrx_word' id='word_1_651' title='bbox 1013 2689 1100 2716; x_wconf 78' lang='lat' dir='ltr'><em>donat</em></span> <span class='ocrx_word' id='word_1_652' title='bbox 1116 2689 1195 2716; x_wconf 82' lang='lat' dir='ltr'><em>vivos</em></span> <span class='ocrx_word' id='word_1_653' title='bbox 1211 2688 1324 2716; x_wconf 80' lang='lat' dir='ltr'><em>haurire</em></span> <span class='ocrx_word' id='word_1_654' title='bbox 1341 2688 1476 2722; x_wconf 84' lang='lat' dir='ltr'><em>liquores,</em></span> <span class='ocrx_word' id='word_1_655' title='bbox 1497 2689 1544 2715; x_wconf 80' lang='lat' dir='ltr'><em>ubi</em></span> <span class='ocrx_word' id='word_1_656' title='bbox 1560 2689 1630 2715; x_wconf 69' lang='lat' dir='ltr'><em>mm</em></span> <span class='ocrx_word' id='word_1_657' title='bbox 1645 2689 1730 2715; x_wconf 61' lang='lat' dir='ltr'><em>simule</em></span> <span class='ocrx_word' id='word_1_658' title='bbox 1745 2689 1777 2715; x_wconf 78' lang='lat' dir='ltr'><em>in</em></span> <span class='ocrx_word' id='word_1_659' title='bbox 1792 2689 1872 2722; x_wconf 78' lang='lat' dir='ltr'><em>actis,</em></span> <span class='ocrx_word' id='word_1_660' title='bbox 1895 2691 1920 2715; x_wconf 80' lang='lat' dir='ltr'><em>et</em></span> 
     </span>
     <span class='ocr_line' id='line_1_49' title="bbox 266 2739 1920 2774; baseline 0.002 -10"><span class='ocrx_word' id='word_1_661' title='bbox 266 2739 299 2765; x_wconf 85' lang='lat' dir='ltr'><em>ib.</em></span> <span class='ocrx_word' id='word_1_662' title='bbox 312 2742 364 2765; x_wconf 83' lang='lat'><em>245</em></span> <span class='ocrx_word' id='word_1_663' title='bbox 377 2747 413 2772; x_wconf 78' lang='lat' dir='ltr'><em>sq.</em></span> <span class='ocrx_word' id='word_1_664' title='bbox 430 2739 460 2765; x_wconf 77' lang='lat' dir='ltr'><em>cle</em></span> <span class='ocrx_word' id='word_1_665' title='bbox 477 2739 575 2766; x_wconf 84' lang='lat' dir='ltr'><em>diaboli</em></span> <span class='ocrx_word' id='word_1_666' title='bbox 591 2741 756 2774; x_wconf 66' lang='lat' dir='ltr'><em>suyyestiorae.</em></span> <span class='ocrx_word' id='word_1_667' title='bbox 783 2741 870 2774; x_wconf 74' lang='lat' dir='ltr'><em>Atque</em></span> <span class='ocrx_word' id='word_1_668' title='bbox 882 2740 934 2774; x_wconf 92' lang='lat' dir='ltr'><em>IV,</em></span> <span class='ocrx_word' id='word_1_669' title='bbox 947 2744 999 2767; x_wconf 83' lang='lat'><em>192</em></span> <span class='ocrx_word' id='word_1_670' title='bbox 1016 2741 1064 2774; x_wconf 82' lang='lat' dir='ltr'><em>qui</em></span> <span class='ocrx_word' id='word_1_671' title='bbox 1080 2740 1150 2767; x_wconf 81' lang='lat' dir='ltr'><em>hanc</em></span> <span class='ocrx_word' id='word_1_672' title='bbox 1166 2740 1274 2767; x_wconf 81' lang='lat' dir='ltr'><em>eandem</em></span> <span class='ocrx_word' id='word_1_673' title='bbox 1291 2740 1322 2766; x_wconf 90' lang='lat' dir='ltr'><em>ob</em></span> <span class='ocrx_word' id='word_1_674' title='bbox 1336 2748 1447 2767; x_wconf 77' lang='lat' dir='ltr'><em>causam</em></span> <span class='ocrx_word' id='word_1_675' title='bbox 1464 2748 1520 2766; x_wconf 80' lang='lat' dir='ltr'><em>mm</em></span> <span class='ocrx_word' id='word_1_676' title='bbox 1533 2743 1618 2774; x_wconf 79' lang='lat' dir='ltr'><em>potest</em></span> <span class='ocrx_word' id='word_1_677' title='bbox 1634 2749 1687 2767; x_wconf 78' lang='lat' dir='ltr'><em>esse</em></span> <span class='ocrx_word' id='word_1_678' title='bbox 1702 2740 1814 2773; x_wconf 59' lang='lat' dir='ltr'><em>fictae-&#39;us</em></span> <span class='ocrx_word' id='word_1_679' title='bbox 1825 2740 1920 2774; x_wconf 60' lang='lat' dir='ltr'><em>cyrenio</em></span> 
     </span>
     <span class='ocr_line' id='line_1_50' title="bbox 266 2779 1919 2827; baseline 0.002 -11"><span class='ocrx_word' id='word_1_680' title='bbox 266 2790 427 2817; x_wconf 80' lang='lat' dir='ltr'><em>demonstrat</em></span> <span class='ocrx_word' id='word_1_681' title='bbox 447 2799 553 2817; x_wconf 85' lang='lat' dir='ltr'><em>carmen</em></span> <span class='ocrx_word' id='word_1_682' title='bbox 570 2792 697 2825; x_wconf 63' lang='lat' dir='ltr'><em>scriptum</em></span> <span class='ocrx_word' id='word_1_683' title='bbox 714 2800 766 2819; x_wconf 84' lang='lat' dir='ltr'><em>csse</em></span> <span class='ocrx_word' id='word_1_684' title='bbox 783 2792 848 2818; x_wconf 89' lang='lat' dir='ltr'><em>dum</em></span> <span class='ocrx_word' id='word_1_685' title='bbox 865 2792 897 2818; x_wconf 88' lang='lat' dir='ltr'><em>de</em></span> <span class='ocrx_word' id='word_1_686' title='bbox 910 2779 1152 2826; x_wconf 76' lang='lat' dir='ltr'><em>praedestinatione</em></span> <span class='ocrx_word' id='word_1_687' title='bbox 1167 2792 1271 2826; x_wconf 63' lang='lat' dir='ltr'><em>liti&#39;yant</em></span> <span class='ocrx_word' id='word_1_688' title='bbox 1283 2794 1307 2819; x_wconf 85' lang='lat' dir='ltr'><em>et</em></span> <span class='ocrx_word' id='word_1_689' title='bbox 1318 2794 1425 2819; x_wconf 80' lang='lat' dir='ltr'><em>versant</em></span> <span class='ocrx_word' id='word_1_690' title='bbox 1436 2786 1510 2818; x_wconf 62' lang='lat' dir='ltr'><em>iilam</em></span> <span class='ocrx_word' id='word_1_691' title='bbox 1521 2792 1671 2827; x_wconf 70' lang='lat' dir='ltr'><em>Auyustini</em></span> <span class='ocrx_word' id='word_1_692' title='bbox 1681 2792 1713 2818; x_wconf 82' lang='lat' dir='ltr'><em>de</em></span> <span class='ocrx_word' id='word_1_693' title='bbox 1724 2792 1815 2819; x_wconf 75' lang='lat' dir='ltr'><em>Adam</em></span> <span class='ocrx_word' id='word_1_694' title='bbox 1827 2801 1919 2819; x_wconf 67' lang='lat' dir='ltr'><em>massa</em></span> 
     </span>
     <span class='ocr_line' id='line_1_51' title="bbox 266 2843 1918 2878; baseline 0.002 -9"><span class='ocrx_word' id='word_1_695' title='bbox 266 2843 432 2877; x_wconf 69' lang='lat' dir='ltr'><em>perditionis</em></span> <span class='ocrx_word' id='word_1_696' title='bbox 450 2843 565 2869; x_wconf 83' lang='lat' dir='ltr'><em>humani</em></span> <span class='ocrx_word' id='word_1_697' title='bbox 584 2843 694 2878; x_wconf 74' lang='lat' dir='ltr'><em>generis</em></span> <span class='ocrx_word' id='word_1_698' title='bbox 712 2845 788 2871; x_wconf 73' lang='lat' dir='ltr'><em>facta</em></span> <span class='ocrx_word' id='word_1_699' title='bbox 804 2844 966 2871; x_wconf 83' lang='lat' dir='ltr'><em>sententiam.</em></span> <span class='ocrx_word' id='word_1_700' title='bbox 995 2844 1106 2870; x_wconf 82' lang='lat' dir='ltr'><em>‘Gratis’</em></span> <span class='ocrx_word' id='word_1_701' title='bbox 1117 2852 1220 2878; x_wconf 77' lang='lat' dir='ltr'><em>quoque</em></span> <span class='ocrx_word' id='word_1_702' title='bbox 1231 2853 1253 2871; x_wconf 72' lang='lat' dir='ltr'><em>v.</em></span> <span class='ocrx_word' id='word_1_703' title='bbox 1267 2847 1314 2871; x_wconf 88' lang='grc'><em>188</em></span> <span class='ocrx_word' id='word_1_704' title='bbox 1327 2852 1383 2870; x_wconf 81' lang='lat' dir='ltr'><em>mm</em></span> <span class='ocrx_word' id='word_1_705' title='bbox 1395 2843 1568 2870; x_wconf 75' lang='lat' dir='ltr'><em>omittendum</em></span> <span class='ocrx_word' id='word_1_706' title='bbox 1579 2847 1616 2871; x_wconf 81' lang='lat' dir='ltr'><em>est</em></span> <span class='ocrx_word' id='word_1_707' title='bbox 1629 2852 1683 2878; x_wconf 84' lang='lat' dir='ltr'><em>pro</em></span> <span class='ocrx_word' id='word_1_708' title='bbox 1696 2844 1799 2878; x_wconf 62' lang='lat' dir='ltr'><em>‘mutia’</em></span> <span class='ocrx_word' id='word_1_709' title='bbox 1809 2843 1918 2872; x_wconf 64' lang='lat' dir='ltr'><em>dictum</em></span> 
     </span>
    </p>
   </div>
   <div class='ocr_carea' id='block_1_5' title="bbox 2006 1857 2040 2996">
    <p class='ocr_par' dir='ltr' id='par_1_7' title="bbox 2006 1857 2040 2996">
     <span class='ocr_line' id='line_1_52' title="bbox 2006 1857 2040 2996; baseline 0 0"><span class='ocrx_word' id='word_1_710' title='bbox 2006 1857 2040 2996; x_wconf 95' lang='lat' dir='ltr'><em> </em></span> 
     </span>
    </p>
   </div>
  </div>
 </body>
</html>
