2060 3074
735 135 782 163 DE
800 136 1028 165 SOBRIETATE
1047 138 1154 166 LIBER
1166 139 1201 166 11.
1727 144 1790 174 655

507 222 552 254 Ut
574 222 740 255 basiliscus
762 224 840 256 item
865 224 1023 256 diffundet
1045 225 1164 257 acerba
1186 236 1328 262 venena:

505 273 615 316 thue
638 275 837 316 gubernator
859 276 951 308 clavo
975 277 1099 319 sopitus
1122 277 1238 309 abacto

425 337 462 357 ³³⁵
506 325 544 357 In
566 325 674 358 medio
697 327 808 369 pelagi
830 328 988 360 recubans
1011 328 1093 360 haee
1115 330 1216 362 verba
1238 330 1398 372 loqueris:

507 377 675 410 “Verbere
698 389 763 410 non
788 379 875 411 dolui
897 390 1022 422 necque
1046 384 1166 421 tractus
1190 382 1314 413 somnia
1336 382 1424 424 rupi;

504 429 598 461 Nunc
620 430 755 472 vigilans
778 431 834 463 ubi
856 432 931 463 vina
953 435 1085 474 petam?
1109 434 1288 476 capitisque
1312 433 1457 465 dolorem

505 480 656 523 Unguine
681 492 743 524 quo
766 483 907 525 pellam?
932 483 1047 525 quibus
1070 484 1153 515 escis
1176 494 1233 516 ora
1255 484 1480 516 resolvam?⁷'’

506 533 552 564 At
573 544 658 565 nunc
679 536 753 576 post
775 535 901 575 satiem,
925 545 987 576 quo
1011 535 1084 578 plus
1107 545 1205 578 quam
1226 546 1324 578 posse
1348 536 1488 577 bibatur,

414 596 462 617 w
504 583 674 617 Undantes
697 586 814 618 calices
837 590 1018 618 memorant
1041 587 1183 618 caritatis
1207 598 1344 619 amores.

505 636 648 669 Sumitur
670 640 806 678 aestate,
830 637 982 669 ardentes
1004 641 1041 670 ut
1063 641 1226 681 temperet
1249 642 1367 678 aestus,

502 688 574 720 Nec
595 689 699 720 minus
722 689 755 720 in
777 689 895 729 hieme,
920 700 982 732 quo
1006 690 1109 732 pellat
1130 691 1252 732 frigora
1274 691 1420 731 brumae,

503 740 668 772 Praebeat
691 743 790 783 atque
813 741 911 772 citum
934 741 1042 773 media
1064 742 1129 773 iam
1150 746 1246 774 nocte
1271 753 1434 785 soporem:

503 792 635 824 Viribus
658 793 790 824 alternis
813 794 916 835 algori
939 797 1038 836 atque
1061 793 1137 825 inde
1158 794 1257 826 calori

420 857 457 877 ³4⁵
502 845 661 887 Prospicit
684 848 718 877 et
740 848 843 877 totum
866 846 911 877 sic
934 845 1064 877 Bachus
1086 849 1202 888 regnat
1224 847 1256 877 in
1281 846 1403 887 orbem,

504 897 722 940 Temporibus
741 898 837 929 variis
860 897 936 929 dum
960 901 1064 930 totum
1086 898 1231 930 continet
1253 909 1381 930 annum.

504 949 654 981 Pluribus
675 950 812 982 increvit
835 969 876 973 —
899 949 959 981 sed
980 960 1046 981 non
1067 949 1238 982 laudabilis
1263 969 1302 974 -—
1325 950 1378 982 hic
1400 961 1485 982 mos:

502 1001 582 1033 Post
603 1002 736 1032 nimium
758 1001 877 1040 vinum,
901 1011 964 1043 quo
988 1011 1024 1033 se
1046 1011 1149 1043 usque
1172 1001 1215 1033 ad
1237 1005 1368 1043 guttura
1391 1003 1555 1044 complent

502 1053 546 1085 Et
567 1052 782 1085 tremebunda
804 1063 862 1084 suo
886 1053 1072 1095 quatiuntur
1093 1053 1228 1085 menbra
1250 1053 1372 1095 Lyaeo,

421 1117 460 1137 ιω
503 1105 556 1137 Sic
579 1105 722 1137 medicos
745 1104 901 1146 adhibere
924 1104 1049 1145 modos,
1072 1108 1108 1136 ut
1130 1105 1204 1136 vina
1227 1108 1401 1145 resumant,

501 1156 683 1189 Nocturnas
706 1157 812 1189 oriens
835 1167 908 1189 cum
931 1157 979 1188 sol
1003 1156 1188 1188 discusserit
1208 1157 1350 1197 umbras,

501 1208 704 1251 Excludique
728 1211 844 1251 putant
866 1209 1006 1251 repetita
1028 1211 1121 1251 peste
1144 1212 1329 1249 tremorem,

502 1260 547 1292 Ut
569 1261 674 1303 liquor
696 1260 829 1292 ardores
852 1264 886 1292 et
909 1261 1018 1292 fauces
1042 1261 1171 1303 proluat
1193 1264 1292 1293 ustas.

503 1311 556 1344 Sic
578 1313 694 1344 sceleri
715 1313 840 1344 scelera
862 1313 1075 1352 accumulant,
1099 1313 1144 1344 sic
1166 1313 1265 1344 noxia
1287 1313 1391 1352 noxis,

419 1377 458 1396 ³³⁵
502 1364 556 1396 Sic
578 1364 726 1396 morbum
749 1364 874 1400 morbo,
898 1364 943 1395 sic
965 1364 1091 1396 febrem
1114 1363 1208 1395 febre
1231 1364 1404 1406 repellunt.

501 1415 640 1457 Hori-eo,
665 1416 824 1448 sordidius
847 1415 934 1458 quod
956 1416 1065 1447 multis
1089 1416 1224 1458 contigit
1246 1426 1358 1447 unum:

502 1468 716 1511 Multiplicata
738 1469 826 1511 prius
847 1478 912 1500 non
935 1467 1077 1500 Bachica
1098 1468 1216 1510 pocula
1239 1470 1376 1508 cessant,

502 1519 607 1557 Quam
628 1521 722 1552 nimis
744 1520 897 1563 impletus
920 1523 1077 1560 revomat,
1101 1530 1181 1562 quas
1203 1519 1366 1560 hauserat,
1391 1519 1472 1551 offas

501 1572 627 1605 Venter
648 1576 682 1605 et
703 1573 850 1605 immixto
874 1571 1047 1604 fiindantur
1069 1575 1211 1604 stercora
1234 1572 1318 1612 vino,

420 1637 459 1657 aso
502 1623 573 1660 Quo
596 1625 700 1656 malus
722 1625 894 1667 ingressus,
919 1624 1048 1667 gravior
1070 1624 1111 1655 sit
1132 1627 1169 1655 ut
1192 1624 1297 1655 exitus
1319 1623 1365 1655 illi

503 1676 692 1718 (Perifrasin
714 1676 792 1716 vito,
816 1677 891 1718 quia
912 1676 1021 1708 multis
1045 1676 1175 1718 cognita
1198 1675 1293 1716 dico).

501 1727 583 1768 Hos,
606 1728 667 1760 sibi
690 1738 774 1771 quae
796 1731 927 1760 servent
950 1727 1062 1759 orandi
1084 1730 1243 1770 tempora,
1266 1737 1384 1770 posco;

500 1781 614 1813 Lectio
638 1780 741 1823 qualis
765 1781 846 1812 erit?
870 1790 933 1822 quo
957 1790 1053 1811 sensu
1075 1780 1211 1822 mystica
1234 1782 1411 1822 quaerent?

501 1832 605 1870 Quale
629 1843 710 1875 opus
732 1833 765 1864 in
787 1832 955 1864 manibus?
978 1831 1164 1864 benedictio
1189 1831 1292 1874 qualis
1314 1831 1347 1863 in
1370 1834 1450 1863 ore?

417 1897 456 1917 ηε
498 1884 583 1917 Nam
606 1885 763 1927 scriptura
785 1887 897 1916 monet
919 1883 1000 1915 haec
1023 1884 1108 1915 omni
1133 1886 1280 1925 tempore
1305 1882 1467 1915 habenda.

542 1945 637 1977 VIII.
660 1944 791 1976 Excidit
813 1944 941 1976 auditus
964 1944 1013 1975 his
1036 1954 1142 1975 sermo
1166 1943 1374 1986 propheticus
1397 1943 1468 1974 ille:

500 1997 564 2029 ‘Ad
586 2007 700 2029 vocem
722 1996 843 2028 domini
866 1995 1038 2028 durescere
1061 1995 1160 2027 corda
1182 1994 1318 2027 cavete!

500 2049 594 2081 Seria
614 2049 702 2081 Loth
723 2048 824 2080 verba
846 2048 888 2080 ad
911 2058 1049 2090 generos
1071 2050 1146 2079 sunt
1167 2047 1290 2079 ludicra
1313 2047 1390 2087 visa,

501 2100 552 2133 Ob
576 2100 663 2144 quod
686 2103 720 2132 et
741 2099 884 2132 ardentis
907 2099 1069 2131 Sodomae
1092 2099 1220 2141 periere
1244 2099 1303 2130 sub
1328 2099 1414 2140 igne.

417 2165 456 2185 avo
497 2152 662 2185 Virtutum
684 2155 829 2184 montem
851 2151 1005 2183 mundum
1028 2150 1182 2193 fugiendo
1206 2151 1314 2182 subire

498 2204 634 2237 Divinus
655 2214 714 2235 nos
738 2214 843 2235 sermo
867 2203 977 2235 docet:
1002 2202 1185 2245 patriarcha
1208 2203 1345 2245 figuram

498 2255 603 2294 Huius
626 2252 742 2291 haben
765 2265 806 2287 ne
829 2265 889 2287 nos
912 2254 1027 2286 saeclo-
1043 2258 1202 2296 pereunte
1225 2265 1364 2294 ruamus,

238 2386 291 2413 358
307 2389 367 2420 Qua
378 2387 403 2413 L
488 2386 539 2413 367
558 2389 610 2419 eorl
629 2390 719 2411 cauete
732 2385 757 2409 A
844 2383 896 2410 368
914 2384 969 2408 loht
982 2382 1006 2407 A
1094 2382 1144 2408 371
1163 2383 1296 2416 patriai-ka
1309 2384 1334 2408 A

237 2463 362 2491 849.ss50
378 2463 499 2491 Anthros.
517 2463 535 2490 1.
547 2471 568 2490 c.
584 2463 615 2490 17
639 2461 708 2496 quid
731 2468 879 2487 memorem
903 2460 1089 2490 sacramenta,
1112 2467 1185 2493 quae
1209 2459 1314 2486 violare
1337 2459 1415 2486 nefas
1433 2459 1626 2486 arbitrantur?
1648 2458 1784 2490 bibamus,

134 2513 281 2548 inquiunt.
306 2523 361 2549 pro
379 2515 470 2542 salute
488 2515 688 2550 imperatorum
707 2533 714 2540 .
725 2534 731 2540 .
750 2514 779 2539 et
796 2512 864 2539 haec
883 2513 949 2538 vota
967 2510 1003 2537 ad
1021 2511 1104 2537 deum
1128 2511 1272 2545 pervenire
1291 2511 1431 2543 iudicant.
1454 2511 1526 2538 sicut
1544 2511 1599 2544 illi,
1618 2510 1667 2546 qui
1685 2510 1785 2538 calices

135 2564 172 2592 ad
188 2565 316 2600 sepulcra
333 2568 488 2602 martyrum
504 2566 635 2594 deferunt
651 2566 738 2599 atque
756 2564 815 2590 illic
833 2564 863 2590 in
882 2571 1024 2597 vesperam
1042 2562 1156 2593 bibunt;
1175 2562 1320 2596 Angustia.
1339 2570 1412 2589 sam.
1428 2563 1487 2589 294.
1575 2563 1627 2590 366
1647 2562 1693 2589 Pe.
1713 2562 1756 2593 34,
1769 2561 1784 2588 7

134 2615 219 2644 hodie
235 2617 259 2644 ui
277 2625 372 2645 vocem
390 2618 450 2646 eius
467 2618 621 2650 audieritis,
640 2617 728 2644 nolite
747 2615 884 2643 obdurare
903 2614 987 2642 corda
1004 2615 1104 2640 vestra.
1189 2614 1240 2640 368
1263 2614 1329 2641 Gen.
1349 2615 1389 2646 19,
1405 2614 1438 2641 14
1459 2622 1584 2649 egressus
1603 2614 1657 2640 Lot
1674 2614 1784 2640 locutus

96 2676 103 2683 ·
135 2670 178 2697 ent
194 2669 230 2697 ad
247 2679 365 2706 genero·
382 2679 458 2704 suos,
480 2671 530 2706 qni
547 2670 689 2706 accepturi
713 2671 794 2696 erant
816 2669 887 2696 filias
905 2668 980 2699 eius,
1005 2669 1034 2694 et
1052 2667 1126 2693 dixit
1143 2666 1272 2701 ‘surgite,
1297 2665 1465 2700 egredimini
1484 2665 1519 2692 de
1538 2666 1599 2692 loco
1621 2665 1690 2698 isto,
1716 2664 1784 2699 quia

135 2720 242 2748 delebit
258 2721 388 2749 dominus
405 2722 548 2750 civitatem
567 2722 657 2749 hanc'.
688 2723 717 2749 et
735 2721 810 2748 visus
829 2722 870 2747 est
889 2720 929 2747 eis
948 2719 1027 2754 quasi
1046 2718 1144 2746 ludens
1163 2718 1248 2752 loqui.
1324 2718 1463 2745 369-3‘13
1483 2716 1535 2750 Ofr.
1555 2716 1651 2744 Isidor.
1673 2716 1781 2751 Quam.

135 2772 167 2800 ἢ
182 2775 229 2800 vd.
246 2775 391 2800 mannent.
406 2775 438 2800 15
458 2773 511 2807 (M.
530 2774 572 2805 83,
585 2774 657 2807 245).
727 2774 780 2800 330
799 2773 856 2806 Cfr.
874 2772 911 2799 ad
929 2772 950 2798 I
960 2772 1016 2798 193.
1087 2771 1146 2798 372.
1160 2771 1211 2797 373
1230 2770 1312 2796 huius
1329 2771 1354 2795 et
1373 2769 1431 2796 hic:
1450 2776 1483 2795 sc.
1504 2776 1592 2795 sermo
1611 2768 1733 2795 divinus.

549 2822 554 2826 '
1524 2819 1579 2847 83*
