2060 3074
259 161 321 191 390
884 156 1084 183 BERTHARII
1105 155 1282 182 OARMINA.

229 257 230 260 ¹
258 256 385 277 ‘ltoeorem
407 245 634 286 Anqelberqam
657 254 686 276 a.
711 245 775 274 866
797 252 899 274 mense
922 243 1019 274 Iunio
1046 242 1157 274 Casini
1185 242 1363 274 honorifice
1392 242 1537 284 suscepit
1548 243 1567 273 ¹.
1614 242 1797 282 Insequenti
1825 252 1910 273 anno

259 307 359 328 mense
377 296 554 328 Februario
574 306 669 335 prope
690 294 842 327 Casinum
865 294 943 325 vidit
967 294 1197 326 Saracenorum
1214 294 1458 334 praedationes2
1481 295 1510 325 et
1530 304 1588 333 pro
1610 294 1798 325 monasterio
1817 294 1910 326 Casi-

257 348 348 380 nensi
370 348 508 388 diploma
525 347 659 379 obtinuit
681 358 701 378 a
717 346 875 378 Ludovico
887 347 909 379 ³.
951 346 1068 378 Eodem
1090 356 1176 377 anno
1198 356 1300 377 mense
1315 346 1458 387 Auqusto
1480 346 1682 385 imperatores
1697 346 1911 377 Beneventum

258 400 421 432 comitatus
448 400 574 430 sanctae
603 398 739 438 Sophiae
774 398 819 429 ibi
846 398 980 439 perfecit
1014 399 1185 430 oratorium
1196 399 1217 431 ⁴.
1271 398 1436 437 Paparum
1464 397 1540 429 adeo
1567 407 1630 428 non
1665 399 1733 428 erat
1759 398 1878 429 amicus
1887 398 1910 437 ⁵,

257 454 292 482 ut
313 462 343 483 a.
359 452 447 482 872⁶
470 452 499 482 et
513 452 577 481 873
599 450 757 482 Iohannes
781 450 876 482 VIII.
901 450 993 481 talem
1018 450 1052 481 in
1074 447 1108 481 eo
1130 449 1366 489 reprehenderet
1389 449 1621 487 immodestiam,
1645 450 1680 479 ut
1702 451 1825 480 tantum
1847 459 1912 480 non

257 503 534 535 caecommuntcaret
545 503 567 534 ⁷.
622 502 739 533 Tamen
767 513 796 533 a.
828 503 894 534 882
927 511 1030 533 mense
1059 502 1151 533 Maio
1178 501 1259 532 idem
1285 511 1373 541 papa
1407 501 1475 542 ipso
1502 500 1674 532 Berthario
1697 502 1835 540 petente,
1877 503 1912 532 ut

258 554 452 595 conqreqatio
478 554 661 586 Gasinensis
685 554 867 586 deserviret
891 554 1093 586 solummodo
1119 557 1251 585 sanctae
1274 554 1370 585 matri
1393 553 1560 585 Romanae
1585 552 1764 592 ecclesiae,
1795 552 1912 584 dicitur

257 606 292 637 id
322 606 546 637 (lasinensibus
574 606 756 637 concessisse
765 606 786 637 ⁸.
837 606 943 637 Eoetra
977 615 1135 637 annorum
1169 605 1309 637 ordinem
1340 605 1376 635 de
1406 604 1578 636 Berthario
1613 604 1760 643 lequntur
1793 603 1868 635 haee
1881 604 1912 635 ⁹:

259 657 395 689 Castelli
419 668 546 689 sursum
571 657 782 689 monitionem
808 657 878 700 ipse
903 657 1069 694 ambiens;
1099 658 1235 689 calicem
1266 656 1306 688 ad
1331 657 1488 687 honorem
1511 655 1563 687 dei
1588 655 1731 686 officium
1755 658 1910 697 operatus

259 713 324 745 est;
350 709 556 741 civitatem¹⁰
580 709 649 740 iuso
673 708 743 740 fieri
767 709 871 740 voluit
895 711 928 740 et
952 709 1127 741 inchoabit.

360 762 390 792 2.
425 760 475 792 De
490 760 659 792 Bertliarii
681 760 748 792 vita
764 762 894 801 praeter
916 771 961 798 ea,
984 771 1064 800 quac
1087 760 1174 792 modo
1197 759 1356 797 enarravi,
1379 759 1462 799 quod
1483 758 1565 789 nihil
1588 757 1735 789 habemus
1757 758 1913 798 comperti,

255 813 294 852 sit
315 822 356 850 eo,
379 812 462 852 quod
486 811 642 844 Chronica
668 811 862 850 Casinensis,
886 813 972 844 testis
995 812 1246 853 locupletissima,
1271 811 1448 843 obmutescit
1469 810 1534 842 iam
1557 821 1586 842 a.
1611 812 1685 843 867.
1729 810 1837 850 Neque
1859 810 1915 850 qui

257 863 425 895 Bertlcare'i
447 863 516 905 fuit
543 865 699 903 superstes
724 863 964 904 Belzeinpertus
995 864 1163 896 monachus
1194 864 1378 896 Casinensis
1409 862 1581 903 quidquam
1609 862 1654 894 eis
1680 861 1850 900 addiditss,
1878 864 1914 893 ut

257 915 338 946 iusto
360 925 424 947 non
443 915 552 947 videar
567 915 727 954 audacior,
750 915 779 947 si
801 916 930 947 reiciam
953 926 1002 947 res
1021 919 1130 956 postca
1152 926 1172 947 a
1193 915 1417 955 posterioribus
1433 925 1496 954 pro
1518 924 1551 945 re
1574 915 1652 945 nata
1675 913 1869 954 confictasffl.

361 969 392 1000 3.
423 968 474 999 Ab
489 967 608 1006 iisdem,
629 967 707 1008 quid
721 968 908 1008 scriptorum
923 968 1100 1008 reliquisset
1115 968 1318 1006 Ber-thurius,
1334 978 1402 999 cum
1419 967 1533 998 rectius
1545 967 1644 1006 possit
1659 976 1722 997 esse
1738 966 1914 998 indicatum

257 1030 296 1051 ex
317 1020 397 1060 ipsis
418 1020 547 1051 seriniis
573 1019 806 1058 Casinensibus,
830 1020 1006 1052 testimonia
1029 1020 1126 1052 subdo
1142 1020 1258 1052 Leonis
1280 1021 1310 1050 ct
1325 1019 1414 1050 Petri
1436 1018 1656 1050 monachorum
1681 1017 1912 1049 Casinensium.

258 1071 303 1103 Et
318 1072 442 1111 quidem
457 1072 573 1104 Leonis
585 1072 612 1091 ¹³
636 1071 709 1103 hoc:
734 1072 879 1104 codicem
903 1073 1150 1114 euangeliorum
1166 1083 1245 1104 auro
1264 1075 1296 1104 et
1313 1071 1449 1113 gemmis
1466 1071 1596 1113 optimis
1613 1070 1784 1102 adornavit
1795 1070 1822 1089 ¹⁴
1837 1095 1846 1103 .
1860 1095 1866 1102 .
1884 1093 1891 1101 .
1907 1082 1913 1103 ;

258 1124 311 1165 qui
336 1124 433 1155 etiam
457 1124 602 1166 apprime
626 1124 829 1155 litteratus¹⁵
851 1134 915 1155 non
939 1124 1045 1155 nullos
1070 1127 1228 1156 tractatus
1253 1127 1351 1166 atque
1376 1133 1544 1154 sermones
1569 1133 1629 1154 nec
1653 1133 1718 1154 non
1742 1126 1776 1154 et
1799 1132 1914 1153 versus

258 1176 289 1207 in
315 1179 500 1207 sanctorum
522 1176 620 1208 laude
649 1177 841 1219 composuit:
873 1177 965 1208 cuius
995 1179 1028 1208 et
1050 1176 1293 1208 Anticemenon
1322 1175 1362 1207 de
1391 1175 1541 1218 plurimis
1571 1178 1637 1206 tam
1666 1174 1785 1206 veteris
1817 1184 1914 1216 quam

258 1228 332 1259 novi
362 1228 552 1259 testamenti
581 1228 808 1270 questionibus
839 1228 890 1260 hio
919 1228 1074 1264 habetur;
1105 1229 1230 1270 aliquot
1260 1228 1359 1259 etiam
1387 1227 1427 1259 de
1456 1230 1525 1259 arte
1558 1226 1771 1268 grammatica
1799 1226 1915 1258 libri¹⁶

258 1290 318 1311 nec
341 1291 405 1311 non
431 1283 464 1311 et
487 1280 550 1311 duo
574 1279 703 1311 codices
734 1279 947 1320 medicinales
976 1281 1046 1312 eius
1075 1281 1188 1322 utique
1221 1279 1382 1311 industria
1410 1279 1452 1311 de
1484 1279 1662 1310 innumeris
1693 1277 1911 1310 remediorum

258 1332 454 1364 utilitatibus
478 1332 552 1363 hinc
576 1331 651 1363 inde
676 1332 861 1369 collecti¹⁷;
890 1342 1004 1364 versus
1036 1342 1163 1374 quoque
1194 1332 1364 1374 perplures
1394 1330 1435 1362 ad
1459 1331 1704 1373 Angelbergam
1728 1330 1914 1372 Augustam

257 1385 403 1426 aliosque
432 1384 556 1415 amicos
581 1394 657 1415 suos
681 1384 762 1415 mira
786 1384 961 1426 conscripti
985 1383 1186 1416 facundis-¹⁸.
1232 1383 1312 1416 Inde
1335 1383 1488 1414 Petrus¹⁹
1505 1392 1614 1422 pauca
1636 1382 1756 1414 addens
1778 1381 1815 1413 de
1842 1391 1916 1413 suo:

364 1479 389 1512 1)
415 1478 470 1511 Gfr.
498 1478 624 1505 Chaonio.
645 1477 781 1504 Oastnens.
806 1486 865 1512 cap.
884 1483 900 1505 4
924 1479 995 1513 (paq.
1014 1483 1061 1505 471
1074 1480 1101 1512 4)
1125 1481 1147 1505 et
1171 1478 1348 1512 Erchempert.
1370 1485 1428 1511 cap.
1450 1480 1485 1504 32
1509 1476 1577 1510 (edd.
1603 1476 1756 1503 Buttmann
1779 1478 1804 1502 et
1828 1475 1917 1503 Waite

255 1540 319 1565 paq.
338 1534 387 1557 246
398 1533 458 1564 43),·
478 1530 668 1557 Muehlbacher
687 1530 751 1564 Req.
766 1534 830 1557 1199
841 1540 861 1557 c.
968 1531 994 1563 2)
1015 1530 1069 1563 Cfr.
1091 1530 1215 1558 Chronie.
1234 1530 1369 1557 casinens.
1389 1538 1449 1563 cap.
1470 1533 1498 1556 19
1515 1529 1586 1563 (paq.
1606 1532 1655 1556 478
1668 1530 1704 1562 4).
1810 1527 1838 1562 3)
1859 1527 1915 1560 CYr.

260 1582 447 1609 Muehlbacher
466 1582 528 1616 Req.
550 1586 613 1609 1203
632 1586 709 1614 1204;
730 1582 856 1610 Chi-onie.
878 1583 1017 1610 Cas-inens.
1037 1591 1094 1617 σαψ.
1116 1587 1144 1610 12
1163 1584 1235 1617 (paq.
1255 1586 1303 1609 474
1316 1583 1360 1611 40)
1368 1591 1375 1609 :
1396 1582 1534 1616 quomodo
1554 1590 1617 1608 suos
1636 1580 1735 1608 dilexit
1754 1579 1913 1608 commisso·

257 1637 285 1662 et
303 1637 442 1669 quatenus
461 1644 511 1669 pro
531 1635 598 1670 ipsis
617 1635 779 1667 decertavit,
800 1637 953 1670 praecepta
973 1635 1100 1662 indicant
1119 1635 1253 1662 coenobio
1272 1634 1348 1661 facta
1366 1634 1574 1669 imperatorum.
1668 1634 1696 1666 4)
1718 1632 1771 1666 CYr.
1791 1632 1914 1669 Chronic.

259 1687 393 1714 Casinens.
412 1695 468 1720 cap.
482 1692 497 1713 4
516 1687 589 1720 (paq,
608 1691 655 1713 471
667 1688 727 1720 20)‚·
748 1687 939 1714 Muehlbacher
957 1687 1021 1720 Req.
1037 1687 1127 1720 1205f'.
1200 1687 1226 1720 5)
1247 1687 1288 1713 De
1300 1686 1446 1712 Hadriam
1461 1686 1498 1712 IL
1519 1686 1569 1718 cfr.
1583 1685 1772 1718 Loewenfeldii
1790 1685 1861 1718 epist.
1875 1688 1911 1711 45

259 1739 275 1765 l.
294 1747 316 1766 c.
335 1748 399 1773 paq.
422 1743 467 1773 24,
490 1738 522 1765 de
545 1739 667 1766 Ioluume
688 1739 755 1765 adn.
779 1739 960 1773 insequentem
983 1742 1006 1765 et
1024 1739 1205 1772 Erchempert.
1230 1746 1288 1772 cap.
1308 1742 1343 1765 47
1364 1739 1435 1772 (pay.
1454 1742 1501 1765 254
1513 1739 1566 1771 33).
1672 1738 1699 1771 6)
1727 1736 1915 1770 Loewenfeldii

257 1799 294 1824 ep.
314 1795 360 1823 45;
380 1791 448 1824 Iaffe'
473 1790 534 1824 Req.
553 1794 624 1817 2954.
731 1791 757 1822 7)
782 1790 851 1817 lbid.
876 1799 916 1824 ep.
941 1795 974 1818 49
995 1799 1059 1825 paq.
1079 1794 1185 1824 27seq.,·
1209 1790 1277 1823 1αῇὶέ
1295 1790 1357 1825 Req.
1376 1794 1446 1817 2981.
1552 1790 1579 1821 8)
1604 1789 1672 1822 Iaffe
1696 1789 1758 1823 Ray.
1777 1792 1856 1822 3381;
1882 1788 1915 1815 de

254 1843 387 1877 ynivileqii
403 1843 455 1876 fide
472 1842 606 1869 addubito.
695 1843 722 1876 9)
743 1842 864 1870 Chronic.
881 1843 1018 1870 Gastmns.
1039 1851 1097 1876 cap.
1121 1847 1148 1869 12
1165 1843 1236 1877 (paq.
1256 1836 1370 1876 47437).
1461 1843 1504 1875 10)
1524 1841 1562 1868 ‘S.
1584 1841 1724 1868 Germani?
1745 1840 1916 1874 Pereyrim'us

254 1898 342 1928 putat.
458 1895 502 1929 11)
525 1894 690 1921 Bertharius
707 1895 741 1921 ab
759 1902 787 1921 eo
805 1895 956 1929 appellatur
973 1903 1029 1929 cap.
1049 1899 1083 1921 47
1099 1897 1170 1929 (my.
1189 1898 1237 1921 254
1250 1895 1296 1928 34)
1318 1894 1406 1921 abbas
1425 1893 1626 1928 sagacissimus.
1745 1893 1787 1926 12)
1808 1892 1916 1918 ffimm

258 1947 313 1973 Leo
332 1947 459 1973 Ostiensis
481 1947 545 1974 144
563 1946 625 1980 (SS.
645 1946 705 1973 VII
713 1948 774 1980 610)
796 1950 819 1973 et
839 1946 952 1974 Leonem
974 1947 1062 1974 nescio
1084 1955 1122 1973 an
1139 1949 1243 1973 secutus
1265 1946 1399 1973 Iohannes
1418 1945 1561 1972 monachus
1579 1945 1606 1972 S.
1633 1944 1764 1971 vincentii
1788 1944 1826 1970 ad
1851 1943 1915 1970 Vul-

257 2002 368 2026 turnum
386 1998 457 2032 (edd.
477 1999 630 2025 Bethmann
647 2001 670 2025 et
697 1999 784 2026 Waitz
798 2007 861 2033 paq.
880 2002 925 2026 251
934 2000 999 2033 sqq.)
1019 1998 1132 2025 tradunt
1150 2008 1176 2025 a.
1195 1998 1221 2025 d.
1243 1998 1296 2025 XI.
1321 1999 1371 2032 (vel
1390 1997 1492 2031 XIII.)
1511 1997 1576 2024 Kal.
1596 1996 1664 2024 Noc.
1679 1999 1730 2023 883
1746 2005 1806 2023 eum
1820 1995 1915 2022 Casini

257 2051 419 2078 monasterio
445 2051 555 2078 incenso
581 2051 698 2078 occisum
725 2059 779 2078 esse
803 2060 821 2078 a
845 2051 997 2078 Saracenis.
1039 2051 1142 2085 Quippe
1169 2051 1283 2085 leqerant
1310 2050 1385 2077 aedes
1408 2059 1426 2076 a
1451 2049 1594 2076 Saracenis
1620 2048 1727 2075 dirutas
1753 2051 1916 2074 restawrasse

258 2103 447 2138 Anyelarimn,
472 2103 520 2137 qui
541 2104 705 2131 successisset
724 2104 877 2138 Baium-io,
901 2111 985 2138 neque
1008 2104 1167 2130 invenerant
1191 2104 1265 2130 ultra
1283 2103 1452 2136 wit-ileqium
1479 2102 1548 2128 armi
1568 2105 1619 2129 882
1633 2101 1780 2135 qualqnam
1799 2100 1833 2127 de
1850 2100 1915 2134 ipso.

259 2156 304 2182 Sic
321 2163 385 2182 sane
402 2163 458 2181 non
476 2155 684 2189 improbabiliter
701 2155 751 2182 sibi
761 2156 862 2190 {inqere
880 2155 1041 2182 m‘debantur
1060 2156 1147 2182 cirum
1162 2163 1314 2190 puqnaeem
1333 2154 1394 2187 (cfr.
1408 2162 1494 2188 supra
1503 2161 1567 2188 paq.
1580 2155 1640 2187 389)
1654 2161 1707 2187 pro
1724 2153 1782 2179 an's
1798 2152 1916 2186 foeieqooe

257 2210 363 2234 nrm‘tem
381 2207 528 2234 occubuisse
546 2207 577 2233 in
592 2215 697 2241 puqna.
804 2208 847 2242 13)
872 2208 893 2234 I
898 2210 931 2234 33
948 2207 1011 2241 (SS.
1038 2207 1227 2241 V11602sq.).
1338 2206 1381 2239 14)
1407 2206 1451 2232 Ad
1468 2206 1540 2232 hunc
1557 2205 1668 2232 codicem
1685 2205 1772 2238 refero
1789 2212 1828 2238 ea,
1847 2212 1916 2238 quae

258 2260 381 2294 lequntur
399 2260 429 2286 in
446 2259 539 2293 requla
554 2259 695 2286 Casinensi
713 2259 810 2286 codicis
828 2263 873 2286 175
887 2267 950 2294 paq.
964 2262 1010 2287 531
1029 2259 1164 2292 (Biblioth.
1182 2259 1319 2285 Casinens.
1339 2258 1357 2284 1
1361 2258 1387 2284 V
1397 2262 1442 2290 18;
1458 2258 1521 2284 haee
1539 2257 1654 2283 Mabilio
1672 2257 1704 2283 in
1722 2256 1826 2283 Annal.
1847 2255 1912 2283 Ora.

258 2312 285 2339 S.
300 2311 396 2338 Bened.
418 2312 438 2337 I
450 2315 497 2338 704
514 2319 569 2338 non
587 2311 693 2345 edictio.-
711 2311 828 2339 domnus
847 2311 934 2339 abbas
953 2311 1033 2338 illum
1051 2313 1123 2339 ante·
1136 2313 1234 2346 pectus
1253 2311 1361 2338 deferat
1380 2310 1503 2337 codicem
1521 2319 1603 2344 quem
1618 2309 1779 2337 Bertharius
1797 2309 1912 2336 mirifice

258 2363 370 2391 domino
389 2363 529 2397 beatoque
547 2362 704 2390 construxit
722 2363 883 2391 BenedictO.
968 2364 1010 2397 15)
1030 2363 1157 2390 Aratoris
1169 2364 1299 2389 Actorum
1312 2362 1461 2396 Apostolor.
1481 2362 1501 2387 I
1508 2366 1620 2389 69—111
1639 2361 1730 2388 attulit
1747 2362 1778 2387 in
1791 2357 1914 2388 Sermone

258 2415 288 2441 de
308 2415 336 2442 S.
357 2415 467 2441 Mathia
485 2414 524 2442 ed.
547 2415 618 2442 Tosti
636 2415 667 2441 in
685 2415 776 2442 Storia
799 2415 867 2442 della
889 2415 968 2442 badia
987 2415 1017 2442 dt
1036 2415 1254 2442 Montecassino2
1278 2415 1360 2442 1318.
1468 2415 1510 2449 16)
1535 2401 1676 2448 Deperditi
1700 2413 1825 2440 ridentur
1842 2421 1915 2445 esse;

259 2468 290 2494 de
308 2468 442 2495 Hilderiei
457 2468 608 2495 Casinensis
630 2468 753 2495 rrumachi
777 2471 833 2495 arte
850 2469 1028 2504 grammatica
1046 2469 1096 2501 cfr.
1115 2468 1152 2495 H.
1172 2468 1236 2495 Keil
1252 2468 1294 2495 De
1309 2467 1490 2502 grammaticis
1513 2466 1673 2500 quibusdam
1694 2466 1801 2499 infimae
1818 2465 1914 2493 aetatis

259 2522 422 2546 commentat.
458 2519 597 2554 Erlanyae
619 2524 682 2547 1868
695 2529 759 2555 paq.
781 2524 821 2548 23.
928 2522 971 2555 17)
997 2521 1077 2548 Recte
1099 2521 1234 2549 conicitur
1255 2520 1286 2546 in
1304 2519 1484 2547 Bibliothecae
1501 2519 1655 2546 &minensis
1677 2521 1736 2545 tom.
1756 2518 1793 2544 ΙΙ
1805 2518 1915 2552 (Casini

261 2573 333 2605 1875)
347 2579 411 2605 paq.
429 2574 480 2598 366
497 2571 611 2598 Leonem
627 2572 770 2605 respexisse
787 2572 824 2598 ad
841 2572 943 2599 codices
963 2571 1118 2599 Gasinenses
1136 2576 1168 2598 97
1186 2572 1229 2605 (ib.
1245 2579 1307 2605 paq.
1326 2574 1373 2598 355
1381 2579 1434 2605 sqq.
1453 2573 1476 2597 et
1493 2571 1543 2603 cfr.
1565 2569 1602 2597 Η.
1615 2570 1727 2597 Koebm
1739 2570 1782 2597 De
1795 2569 1913 2596 Pseudo-

260 2623 358 2656 Apulei
374 2622 476 2649 herbar.
495 2623 686 2650 medicaminib.
707 2624 863 2650 Bauuttiae
882 2625 957 2658 1888)
974 2627 998 2651 et
1018 2627 1051 2651 69
1069 2624 1113 2657 (ib.
1129 2631 1192 2658 pay.
1211 2627 1264 2650 220
1275 2625 1353 2657 sqq),
1373 2623 1420 2655 cfr.
1434 2622 1536 2649 Hae-ser
1548 2622 1687 2649 Lehrlmch
1704 2622 1750 2648 der
1767 2621 1915 2648 ffleliichte

259 2674 306 2700 der
326 2674 444 2701 Medicin
463 2675 498 2700 1³
511 2678 569 2708 615,·
589 2676 669 2702 etiam
688 2676 854 2703 Dioscm'idis
871 2677 935 2703 liber
952 2684 1027 2703 nunc
1045 2676 1221 2702 Monacensis
1238 2676 1306 2709 (clm.
1325 2678 1378 2702 337
1395 2675 1446 2708 cfr.
1466 2675 1642 2702 Roman-isaie
1663 2674 1857 2708 Forsclumqen
1874 2673 1912 2700 ed.

262 2725 426 2752 Vollmoeller
445 2726 505 2753 149
514 2729 581 2760 sqq.)
599 2727 694 2754 ultima
713 2736 746 2755 ex
764 2728 865 2762 oriqine
885 2728 988 2755 uidetur
1006 2728 1090 2761 fuisse
1109 2727 1203 2754 Casini
1221 2735 1304 2761 neque
1321 2730 1410 2754 octavo
1430 2727 1536 2754 saeculo
1553 2727 1670 2761 scriptus
1689 2729 1740 2760 est,
1766 2725 1810 2752 sed
1832 2734 1912 2752 nmio.

263 2779 302 2811 18)
324 2780 379 2812 (Ὑφ’,
393 2779 468 2812 infra
481 2788 540 2813 paq.
554 2784 610 2807 391.
683 2782 725 2815 19)
746 2781 786 2807 Dc
799 2781 861 2807 viris
874 2781 997 2807 illustrib.
1013 2780 1177 2808 Fas-mensib.
1190 2788 1246 2813 cap.
1262 2783 1291 2806 12
1303 2779 1354 2811 (etl.
1370 2779 1514 2805 mun—icius
1528 2779 1554 2804 ire
1570 2778 1732 2805 Bibliotheca
1745 2778 1910 2804 ecclesiastic.

262 2831 289 2856 Η
292 2831 412 2864 ιιηιὶιιιφῃί
433 2835 491 2857 1718
506 2841 567 2865 pay.
587 2836 631 2859 170
639 2841 676 2865 sq.
675 2836 697 2865 ).
1925 2863 1934 2872 .

1912 2871 1933 2893 ’⁸‘
