2060 3074
272 173 330 203 -102

557 425 593 444 160

556 779 592 798 165

558 1041 594 1059 1ยน10

888 172 1087 198 BERTHARII
1109 171 1284 198 CARMINA.

632 258 788 289 Coneitus
813 257 874 288 huo
899 258 1072 297 scandens,
1096 258 1228 300 pietatis
1252 268 1388 290 munera
1410 269 1549 300 poscens

672 308 723 340 Ad
748 313 805 340 tua
828 310 976 351 pervenit
998 310 1111 341 limina
1134 313 1256 345 sancta,
1281 313 1386 351 pater.

631 361 782 392 Evomito
807 362 940 393 colubro
964 364 1136 403 postquam
1161 365 1218 393 tua
1240 362 1351 393 limina
1375 362 1510 397 scandit,

673 412 821 444 Perstitit
844 414 1015 444 incolumis
1039 413 1238 455 hiepietate
1262 413 1324 445 dei.

633 465 777 507 Corpore
803 469 998 504 contractus,
1023 466 1136 507 genuit
1160 476 1257 508 quem
1281 466 1455 508 Cymbrica
1478 467 1586 506 tellus,

674 517 819 559 Erigitur
842 518 955 560 templi
979 517 1087 563 David
1110 518 1143 549 in
1167 518 1248 549 aede
1271 518 1328 549 tui.

630 663 701 702 Eia,
726 667 837 695 sancte
861 667 964 706 pater,
988 668 1078 696 tanto
1106 665 1159 706 qui
1183 665 1305 696 lumine
1328 667 1489 707 praestas,

630 715 772 747 Sedibus
796 716 828 747 in
853 717 980 758 superis
1005 716 1127 748 Christi
1151 716 1273 758 pietate
1297 726 1461 755 coruscus,

631 767 710 798 Esto
735 768 799 799 tuis
822 768 953 799 famulis
978 772 1088 800 custos
1112 768 1290 810 doctorque
1313 779 1373 810 per
1397 779 1502 809 evum,

629 820 679 851 Ne
704 820 799 862 lupus
823 820 991 860 insidians,
1016 821 1117 853 hostis
1142 832 1183 853 ne
1207 821 1343 863 pestifer
1367 831 1509 863 unquam

630 872 680 904 De
705 882 806 914 grege
830 872 923 904 tollat
947 882 1052 912 ovem,
1076 873 1207 915 proprio
1232 883 1327 914 quem
1352 873 1420 904 iure
1443 876 1596 904 retentas.

630 924 901 966 Berthariumque
926 927 1018 955 tuum
1041 925 1197 956 famulum
1222 935 1273 956 me
1297 928 1443 967 protege,
1467 935 1571 963 serva,

629 975 756 1007 Ductus
780 986 891 1007 amore
915 979 970 1007 tuo
994 977 1048 1017 qui
1073 976 1217 1007 earmina
1240 976 1318 1007 vilia
1340 977 1494 1018 prompsi.

632 1028 715 1067 Hoc,
740 1027 821 1059 deus
847 1029 1066 1070 omnipotens,
1091 1028 1199 1059 salvos
1224 1028 1279 1070 qui
1302 1028 1350 1059 vis
1375 1028 1443 1060 fore
1468 1032 1614 1067 cunctos,

632 1080 695 1116 Qui
720 1080 846 1111 eaelum
871 1083 1055 1122 terramque
1080 1080 1168 1121 regis
1192 1091 1251 1122 per
1274 1080 1415 1118 saecula,
1441 1080 1580 1119 Christe,

629 1132 698 1164 Des
723 1133 865 1174 petimus
889 1143 950 1164 nee
974 1143 1038 1163 non
1062 1132 1205 1174 paradisi
1228 1131 1347 1174 gaudia
1370 1131 1474 1171 nobis,

631 1184 791 1216 Omnibus
816 1189 849 1215 et
871 1195 966 1215 veras
991 1184 1115 1216 tribuas
1140 1184 1210 1216 sine
1234 1184 1298 1216 fine
1323 1195 1468 1216 coronas.
1515 1185 1633 1216 Amen.

369 1315 418 1341 157
438 1314 499 1348 hue]
519 1316 546 1340 in
565 1316 582 1340 l.
600 1324 622 1339 r.
643 1314 666 1337 V
768 1313 818 1339 158
836 1315 954 1347 peruenit
971 1315 998 1339 in
1017 1315 1033 1339 l.
1052 1324 1074 1339 r.
1095 1314 1119 1338 V
1219 1313 1267 1340 161
1288 1313 1403 1347 cJ'brica]
1423 1315 1478 1339 bric
1495 1314 1522 1340 in
1541 1316 1557 1340 l.
1578 1325 1598 1340 r.
1619 1314 1644 1340 V

264 1361 338 1385 beate
358 1360 429 1384 Wion

535 1357 586 1384 164
603 1357 706 1391 Christi]
727 1362 799 1383 tanta
819 1358 891 1383 Wion
997 1357 1046 1383 168
1063 1358 1258 1390 Bertariumque
1278 1358 1301 1381 V

1746 1315 1797 1341 163
1815 1315 1912 1350 sancto]
