2060 3074
753 171 800 198 DE
818 171 1048 200 SOBEIETATI'}
1067 172 1175 199 LIBER
1188 173 1223 200 11.
1747 176 1810 206 659

529 256 714 300 Discipulos
737 257 825 289 urbis
848 261 1029 290 mercantes
1050 259 1219 291 moenibus
1243 270 1334 292 escas

527 307 607 340 Cum
631 309 724 340 sedet
748 313 936 352 expectans,
960 311 1076 342 mulier
1099 311 1259 343 Samarita
1281 313 1490 355 propinquat;

530 359 678 392 Christus
702 361 743 392 ab
766 361 828 393 hac
851 362 962 393 sitiens
985 362 1147 394 modicum
1170 364 1231 395 sibi
1253 365 1395 406 postulat
1416 364 1566 396 haustum

531 411 688 454 Frigidae
712 423 831 455 aquae:
857 412 946 445 dedit
969 414 1025 445 illa
1047 414 1145 446 fidem
1170 414 1379 458 Christusque
1407 416 1554 447 salutem.

446 475 486 495 ιω
531 463 678 495 Concinit
699 464 762 495 hoc
785 464 905 496 factum
929 465 1069 507 quadam
1092 467 1217 498 ratione
1240 467 1362 509 figurae

527 515 702 558 Antiquae,
726 515 801 548 dum
825 527 936 548 servus
960 527 1064 559 aquae
1087 521 1237 560 portante
1260 518 1412 551 Rebecca

505 583 516 588 -»
528 567 566 599 In
589 568 729 610 scapulis
751 578 808 599 vas
831 568 873 599 ad
895 572 1030 611 puteum
1054 569 1115 601 sibi
1137 571 1253 612 pocula
1276 571 1394 613 poscit:

527 619 608 651 Cum
632 619 743 651 tribuit
765 623 877 662 potum
901 621 1082 652 sitientibus
1105 621 1160 652 illa
1183 623 1325 663 camelis,

527 671 647 703 Haurit
669 682 769 714 aquas
793 675 826 703 et
849 683 925 703 mox
948 673 1110 715 sponsalia
1134 673 1218 705 dona
1241 678 1395 716 reportat.

446 735 484 755 ωε.
530 722 675 755 Christus
698 724 775 755 item
800 723 908 755 divina
930 723 1060 764 docens,
1083 726 1232 757 mortalia
1255 729 1386 768 gestans

526 774 581 807 Ad
604 775 769 818 Solymam
792 779 947 819 properat
969 777 1128 819 ficumque
1151 780 1260 809 tuetur
1282 781 1429 810 onustam

525 826 656 859 Fronde
681 828 782 859 comis
804 828 899 868 foliis,
923 829 1028 870 pomis
1051 829 1219 871 fructuque
1244 834 1419 871 carentem,

526 878 680 910 Esuriens
703 879 735 916 in
757 879 819 911 hac
843 890 932 911 esum
957 891 1021 912 non
1043 881 1188 923 repperit
1210 881 1324 913 ullum:

527 930 662 962 ‘Nullus'
686 932 732 963 ait
755 931 886 963 ‘fructus
910 931 951 963 de
975 935 1008 964 te
1031 935 1182 964 nascatur
1205 933 1236 964 in
1260 933 1401 970 aevum';

446 995 484 1014 ⁴9⁰
528 982 625 1014 Ficus
647 983 751 1015 inanis
774 984 860 1016 enim
883 994 965 1026 gens
989 987 1039 1015 est
1060 983 1184 1016 Iudaea
1206 985 1346 1025 rebellis,

526 1034 586 1066 Ille
608 1034 706 1067 fidem
729 1036 819 1068 cuius
843 1046 903 1067 ceu
926 1035 1053 1068 dulcem
1077 1037 1216 1078 quaesiit
1239 1047 1356 1077 escam,

532 1086 624 1122 Quae
647 1087 730 1130 legis
753 1088 838 1120 foliis
859 1088 1013 1120 umbrosa
1034 1089 1197 1120 volumina
1221 1089 1374 1121 claudens

525 1138 699 1171 Detrectat
721 1139 798 1172 fidei
821 1150 939 1172 suaves
961 1151 1045 1172 nunc
1068 1141 1204 1182 gignere
1227 1141 1358 1173 fructus.

529 1190 623 1223 Haec
646 1191 714 1222 sitis
738 1194 836 1234 atque
861 1191 964 1223 fames
987 1195 1038 1223 est
1059 1196 1188 1224 nostrae
1212 1203 1308 1224 causa
1331 1194 1450 1225 salutis.

446 1255 484 1275 ⁴⁹5
530 1242 639 1275 Pascit
661 1243 738 1275 item
763 1243 899 1275 multum
922 1244 1033 1286 paucis
1057 1243 1098 1275 de
1121 1244 1257 1286 panibus
1280 1255 1409 1287 agmen,

528 1294 676 1327 Piscibus
700 1298 733 1326 et
756 1295 908 1337 geminis;
933 1306 996 1338 quo
1020 1295 1105 1327 facto
1128 1299 1286 1328 monstrat
1308 1300 1493 1340 utrumque:

523 1346 568 1379 Et
591 1347 718 1379 virtutis
742 1357 823 1389 opus
846 1347 998 1389 vitaeque
1021 1347 1174 1389 exempla
1195 1348 1342 1380 salubris.

569 1407 646 1439 XII.
669 1406 764 1439 Haec
785 1407 926 1439 humana
947 1408 1087 1450 probant
1108 1408 1272 1440 hominem
1296 1408 1477 1442 discrimina
1500 1422 1624 1444 verum:

525 1458 676 1491 Nascitur
699 1459 834 1491 offertur
856 1460 971 1491 crescit
994 1459 1086 1502 fugit,
1109 1459 1211 1491 ubera
1233 1460 1356 1500 lambit,

445 1523 484 1543 5⁰⁰
526 1510 655 1543 Ieiunat
676 1511 859 1554 toleratque
881 1512 976 1551 sitim,
999 1513 1212 1554 temptamina
1234 1512 1340 1553 vincit,

525 1562 682 1595 Lassatur
705 1562 823 1595 dormit
844 1563 939 1595 sedet
961 1563 1106 1596 ambulat
1129 1567 1162 1595 et
1184 1564 1378 1605 lacrimatur,

527 1614 701 1657 Stringitur
722 1615 755 1647 in
778 1615 901 1655 vinclis,
925 1615 1034 1658 flagris
1057 1616 1218 1647 laceratur
1239 1617 1366 1654 amaris,

525 1666 686 1707 Traditur,
709 1667 819 1699 irrisus
842 1667 886 1699 fel
910 1670 1029 1710 gustat,
1053 1667 1160 1699 haurit
1182 1670 1319 1707 acetum,

526 1719 675 1751 Postulat
698 1719 853 1751 auxilium
877 1719 978 1762 patris
1002 1720 1209 1762 queriturque
1233 1720 1390 1758 relictum,

443 1783 482 1803 sos
526 1771 652 1813 Figitur
673 1771 729 1803 ille
753 1772 850 1811 cruci,
873 1771 995 1814 patitur
1016 1771 1225 1814 moriturque.
1249 1772 1397 1814 resurgit.

526 1822 591 1854 Pro
615 1822 709 1854 nobis
731 1822 813 1854 haec
836 1826 951 1855 cuncta
974 1823 1060 1865 gerit
1080 1823 1261 1865 toleratque
1286 1823 1432 1863 libenter,

526 1873 571 1905 Ut
593 1884 651 1905 nos
674 1874 824 1906 conciliet
846 1875 944 1916 patri:
967 1885 1034 1916 pax
1056 1874 1127 1916 ipse
1150 1877 1320 1916 sequestra
1342 1878 1401 1914 est,

525 1924 664 1958 ‘Nostra'
690 1929 726 1957 ut
749 1925 869 1958 Paulus
892 1926 938 1958 ait
962 1928 1037 1969 ‘pax
1061 1929 1120 1966 est,
1145 1927 1198 1968 qui
1221 1926 1324 1957 iunxit
1346 1925 1538 1969 utrumque',

526 1976 658 2010 Caelica
680 1977 827 2014 terrenis,
850 1977 1022 2010 Hebraeos
1046 1977 1196 2020 gentibus
1220 1977 1352 2009 addens.

261 2116 320 2144 47⁷.
333 2116 392 2144 483.
405 2117 456 2144 ml
476 2118 546 2143 Dum
558 2117 582 2143 L
660 2115 711 2142 477
730 2117 906 2150 propinquant
919 2115 942 2141 Δ
1021 2114 1073 2141 486
1091 2115 1208 2141 solimam
1221 2115 1246 2140 A
1324 2114 1376 2141 496
1394 2119 1522 2142 munstrat
1535 2116 1559 2141 A
1632 2115 1684 2142 499
1701 2118 1772 2150 sugit
1784 2117 1808 2142 L

157 2159 209 2186 501
230 2159 413 2194 bcrsmaturA
500 2159 1018 2193 503acaetumccoaepimeproeh

159 2237 228 2263 tana
250 2237 322 2271 (1010.
344 2237 369 2269 4,
387 2237 417 2270 5)
444 2236 560 2270 mystice
590 2236 767 2270 intellegitur
793 2244 938 2270 synagoga
966 2255 973 2262 .
986 2256 992 2262 .
1021 2243 1105 2273 quam
1133 2233 1348 2261 misericorditer
1377 2234 1505 2262 dominus
1535 2236 1668 2269 provocat
1697 2235 1808 2263 haurire

162 2296 264 2323 aquam
283 2287 385 2320 vivam,
403 2287 508 2315 lavacri
526 2289 562 2315 sc.
575 2287 719 2323 percipere
737 2288 859 2322 gratiam
878 2287 923 2314 vel
941 2288 1076 2314 secretam
1094 2285 1327 2320 intellegentiam.

262 2340 315 2367 476
333 2339 439 2366 quena.
460 2339 557 2366 11248
581 2339 768 2374 discipulique
787 2346 863 2365 escas
886 2339 1040 2364 mercantes
1059 2336 1203 2363 moenibus
1221 2336 1297 2363 urbis
1313 2337 1317 2369 Ι
1332 2336 1436 2370 passim
1454 2336 1571 2371 dispersi
1590 2337 1679 2364 solum
1702 2337 1808 2372 liquere

160 2391 336 2426 magistrum.
405 2391 542 2419 481-484
557 2391 625 2418 Gen.
636 2391 678 2423 24,
693 2392 725 2417 15
744 2390 870 2418 Rebecca
882 2389 1080 2424 egrediebatur
1093 2409 1099 2414 .
1110 2408 1116 2414 .
1134 2388 1240 2414 habens
1253 2387 1379 2421 hydriam
1392 2388 1422 2414 in
1434 2388 1549 2423 scapula
1562 2397 1612 2415 sua
1624 2409 1629 2415 .
1644 2410 1650 2415 .
1664 2388 1695 2415 17
1714 2397 1808 2416 occur-

160 2441 255 2477 ritque
284 2443 309 2470 ei
337 2451 432 2470 servus
460 2444 490 2470 et
514 2442 557 2470 ait
584 2442 748 2477 ‘pauxillum
776 2450 867 2476 aquae
892 2441 961 2467 mihi
985 2440 1021 2467 ad
1044 2440 1195 2467 bibendum
1221 2439 1331 2474 praebe*
1359 2461 1365 2466 .
1377 2460 1383 2466 .
1412 2440 1443 2466 18
1471 2448 1543 2473 quae
1570 2439 1714 2474 respondit
1735 2440 1807 2467 ‘bibe

161 2493 274 2522 domine
292 2515 316 2522 ..
337 2495 369 2522 19
386 2494 456 2529 quin
474 2495 504 2521 et
521 2493 635 2521 camelis
653 2493 710 2520 tuis
729 2493 855 2520 hauriam
879 2492 990 2526 aquam'
1014 2512 1035 2519 ..
1059 2492 1093 2518 22
1116 2492 1262 2525 postquam
1287 2491 1381 2517 autem
1404 2490 1537 2518 biberunt
1554 2490 1666 2523 cameli,
1688 2491 1808 2526 protulit

160 2545 205 2572 vir
223 2545 338 2573 inaures
355 2553 454 2573 aureas
464 2548 512 2572 cet.
581 2545 720 2572 485—489
738 2544 829 2571 Sedul.
842 2544 890 2571 1V
898 2545 933 2571 45
951 2552 1013 2570 ecce
1031 2544 1126 2570 autem
1145 2542 1243 2569 mediis
1261 2542 1375 2569 adstans
1393 2542 1519 2570 sublimis
1537 2542 1566 2569 in
1584 2542 1658 2569 arvis
1673 2542 1678 2578 Ι
1693 2542 1809 2570 frondea

159 2597 228 2624 fleus
249 2598 323 2629 erat,
347 2597 426 2624 euius
448 2596 478 2623 iu
496 2595 594 2624 robore
612 2596 720 2623 nullum
741 2598 746 2630 1
767 2596 890 2631 repperit
912 2595 1035 2622 esuriens
1054 2594 1173 2621 lustrato
1191 2593 1288 2630 stipite
1305 2602 1417 2628 pomum
1434 2594 1438 2628 Ι
1453 2593 1632 2628 arboreisque
1649 2594 1735 2621 comis
1752 2594 1807 2622 iam

161 2656 236 2676 nunc
254 2655 288 2676 ex
307 2648 432 2683 germine
444 2649 537 2675 vestro
551 2649 556 2682 Ι
571 2647 665 2675 nullus
678 2647 720 2675 ait
732 2648 838 2675 fructus
851 2647 989 2681 reliquum
1002 2647 1151 2681 generetur
1162 2645 1191 2672 in
1205 2653 1312 2672 aevum.
1381 2645 1434 2672 490
1453 2645 1671 2672 Pseudo-Melite
1688 2645 1807 2680 δμοίως.

160 2698 265 2727 Sum
284 2700 381 2728 Hss'ffl
404 2700 472 2727 ficus
490 2699 595 2727 Iudaei.
681 2699 819 2727 495—497
839 2698 899 2726 101».
922 2699 947 2730 6,
961 2699 992 2731 9;
1012 2697 1101 2724 Sedul.
1121 2697 1232 2724 111211
1252 2697 1343 2724 carnis
1360 2697 1455 2731 opima
1472 2696 1564 2729 dedit,
1589 2696 1707 2731 geminis
1725 2698 1807 2725 modo

160 2749 282 2784 piscibus
305 2749 392 2778 auxit.
480 2750 530 2778 507
550 2752 615 2778 Am.
638 2750 686 2777 XI
698 2751 747 2779 133
772 2752 801 2778 et
820 2758 889 2787 pace
912 2751 1063 2786 sequestra.
1150 2749 1202 2775 508
1220 2748 1317 2784 Ephes.
1335 2749 1360 2781 2,
1376 2749 1407 2775 14
1425 2748 1486 2784 ipse
1504 2749 1547 2775 est
1563 2756 1619 2783 pax
1637 2749 1740 2782 nostra,
1758 2749 1807 2784 qui

162 2801 230 2830 feeit
247 2803 367 2841 utraque
384 2811 479 2832 uuum.
