2040 2996
672 110 720 140 DF.
738 110 953 142 LEOBEGILDI
971 113 1221 144 BIBLIO'PHECA.
1709 122 1768 155 133

419 206 444 226 2⁰
499 199 591 234 Hose
613 200 707 234 Iohel
727 201 830 234 Amos
853 201 979 234 Abdias
1002 202 1178 246 naufragus
1201 204 1296 237 Ionas

491 252 679 296 Miceasque
703 253 810 285 Naum
833 253 1002 286 Ambacuc
1029 254 1265 298 Soffoniasqoe,

491 305 628 348 Aggeus
650 306 726 338 hinc
750 306 880 348 clangit,
904 306 1058 338 Zacarias
1081 318 1221 350 namque
1243 314 1385 350 resonat,

491 357 648 389 Malacias
671 358 769 390 finem
792 358 948 400 conpletit
971 359 1108 390 termine
1131 360 1241 398 verbi;

494 407 633 452 [Esayas
657 412 767 442 vatum
789 407 911 451 primus
935 420 1032 452 quam
1055 412 1196 443 maxime
1219 413 1326 444 celsus

410 468 434 487 2⁵
492 460 634 493 Uberius
657 464 785 493 retonat
809 460 929 492 Christi
952 461 1098 494 misteria
1121 464 1242 501 clarus;

491 512 556 544 Hic
579 513 663 544 alter
685 513 828 544 lacrimis
851 515 962 544 sancto
986 513 1033 545 sic
1057 514 1128 546 zelo
1151 514 1227 547 fidei

487 563 672 601 VIheremias
695 564 805 602 deflet,
828 564 908 596 aliut
931 575 994 607 quo
1017 575 1113 597 versu
1137 567 1267 608 figuret:

490 615 623 648 Ezeciel
645 615 732 648 nube
757 616 867 648 clusus
890 616 943 648 vel
966 627 1064 648 sensu
1088 621 1230 650 remotus

490 667 564 699 Non
586 668 698 710 patule
720 668 834 710 parba,
857 668 986 710 proprio
1011 671 1061 700 set
1083 680 1201 712 magna
1223 672 1362 708 revelat;

408 725 434 744 ³0
492 718 579 750 Hinc
602 718 721 751 Daniel
744 718 885 762 lapidem
909 723 1076 762 preconat‚
1100 721 1155 763 qui
1178 733 1280 764 regna
1302 724 1444 755 retundit

490 770 676 803 Adventum
699 770 820 803 Christi
842 771 985 803 numeris
1009 772 1167 815 annisque
1192 775 1346 809 revolbit:

491 822 642 865 Contigui
665 822 771 855 verbis
794 823 849 854 alii
873 826 906 855 et
929 833 1027 854 sensu
1051 823 1182 867 sonori.]

490 874 549 906 Iob
572 885 700 917 quoque
723 875 799 906 hinc
823 885 922 918 opere
946 875 1049 907 claret
1072 879 1106 907 et
1127 877 1196 908 vita
1218 882 1382 913 coruscat;

490 926 533 958 Et
555 926 660 958 dulcis
684 920 811 959 dulcem
834 927 986 959 metricat
1013 927 1060 959 sic
1082 927 1220 960 dulciter
1242 928 1359 970 David,

409 984 433 1004 ³⁵
491 977 585 1010 Idida
607 987 703 1020 quem
727 978 844 1020 signat,
869 977 1048 1016 Christum3
1071 989 1155 1011 nunc
1178 980 1248 1023 ipse
1273 980 1436 1021 Salomon,

490 1029 590 1061 Cuius
614 1033 680 1062 tres
703 1029 779 1062 libri
801 1030 883 1062 mire
907 1030 953 1062 sic
975 1031 1102 1063 mistice
1125 1031 1264 1074 fulgent,

1446 749 1453 764 3

490 1081 536 1113 Ut
558 1081 676 1124 logice,
698 1081 806 1114 fissice
830 1082 977 1114 revelent
999 1083 1053 1114 vel
1076 1083 1183 1115 ethice
1208 1094 1338 1120 causas:

490 1132 613 1165 Ordine
636 1133 689 1165 hic
711 1132 833 1165 Daniel
856 1136 946 1166 recto
969 1137 1044 1176 post
1066 1135 1196 1167 tramite
1220 1137 1325 1173 venit;

489 1184 592 1222 Quem
616 1185 683 1217 bini
706 1185 842 1218 Dierum
865 1185 977 1218 Verba
998 1186 1143 1229 biblique
1168 1189 1292 1220 corusci

409 1244 436 1263 ⁴⁰
493 1237 744 1280 Consequitant;
766 1237 914 1269 Hesdras
936 1238 1048 1280 pulcre
1072 1239 1244 1281 legemque
1267 1241 1465 1277 reformans;

487 1289 574 1321 Hinc
595 1288 693 1321 Ester
715 1289 843 1332 pulera;
866 1292 941 1332 post
964 1300 1059 1332 quam
1084 1290 1251 1333 Sapientia
1274 1292 1382 1327 floret:

488 1339 742 1372 Ecclesiasticus
765 1339 880 1372 laudes
901 1343 1095 1383 patrumque
1120 1341 1279 1379 celebrat;

488 1391 567 1422 Post
589 1401 669 1434 quos
691 1390 827 1428 'sobiam
851 1391 954 1423 claret
975 1390 1127 1434 Iuditque
1152 1393 1308 1430 subinde;

490 1442 653 1475 Armifera
675 1442 798 1484 gemini
820 1446 915 1485 gesta
937 1443 982 1474 sic
1004 1443 1248 1477 Macabeorum.

407 1502 432 1520 ⁴⁵
527 1493 600 1526 Hec
623 1497 698 1526 sunt
721 1494 855 1537 antiqua
879 1505 981 1535 sacra,
1005 1505 1090 1527 nunc
1114 1496 1239 1528 mistica
1262 1497 1329 1529 divi

488 1546 584 1579 Dona
607 1545 661 1578 dei
682 1546 802 1590 populo
824 1546 932 1590 prisco
955 1547 1016 1579 sub
1040 1547 1133 1590 signo
1157 1549 1294 1589 reclusa,

489 1599 562 1636 Que
585 1601 730 1631 reserata
752 1601 865 1630 tenent
886 1609 1006 1641 magno
1029 1610 1088 1642 per
1111 1599 1232 1632 lumine
1256 1601 1342 1632 serbi

489 1651 603 1683 Exelsi
626 1649 757 1691 domini,
780 1650 885 1682 Xristi
907 1651 961 1693 qui
984 1651 1114 1683 nomine
1138 1651 1294 1694 gaudent.

533 1702 725 1734 Sanctorum
747 1705 861 1734 sancta
883 1703 968 1735 nitar
990 1714 1075 1735 nunc
1099 1714 1195 1736 versu
1219 1705 1335 1745 retexi,

407 1763 432 1782 ⁵⁰
489 1753 561 1791 Que
584 1753 814 1798 paradisigeno
837 1758 970 1787 currunt
993 1766 1036 1788 ex
1057 1756 1188 1798 gurgite
1212 1757 1349 1799 quadro:

487 1807 642 1839 Matheus
664 1805 795 1838 Marcus
817 1807 924 1839 Lucas
947 1811 1147 1850 quartusque
1171 1808 1346 1850 Iohannes,

488 1859 554 1897 Qui
577 1859 715 1892 hominis
737 1859 843 1892 leonis
867 1861 1026 1904 vitulique
1049 1861 1220 1904 aquileque
1243 1862 1346 1904 figure

226 1982 330 2009 24—32
353 1981 426 2008 *mcl-
449 1990 536 2008 νει-σω
551 1982 619 2015 sort.
641 1982 674 2007 ab
697 1982 752 2015 ipso
771 1982 872 2008 Albam
890 1992 943 2016 pro
966 1983 1019 2008 alio
1043 1983 1156 2016 atemplo
1179 1992 1196 2007 a
1222 1983 1355 2017 Tlteodulfi
1377 1987 1520 2011 recemione
1542 1987 1640 2012 diversio
1662 1987 1764 2012 additos

75 2018 77 2022 Α
122 2024 157 2051 26
178 2024 281 2052 *uncta
299 2024 323 2050 0
413 2023 448 2050 29
468 2024 587 2059 'propriu
604 2025 627 2051 0
718 2024 753 2051 32
773 2025 907 2052 *Conticui
927 2027 959 2058 Ο,
979 2025 1034 2052 *set
1061 2035 1152 2052 sensus
1179 2027 1250 2051 onori
1270 2026 1292 2051 G
1383 2026 1416 2052 37
1439 2027 1536 2054 *fistice
1556 2030 1578 2054 0
1600 2031 1704 2063 physice
1722 2030 1765 2055 Fl.

122 2067 157 2094 47
175 2073 271 2095 nenent
284 2069 306 2094 C
320 2077 387 2094 corr.
399 2068 444 2094 ΓΙ.
530 2067 565 2094 50
581 2066 680 2101 *Quem
695 2068 717 2094 C

225 2136 260 2163 20
281 2135 417 2169 sseodult‘.
435 2136 452 2163 1.
464 2143 485 2163 c.
503 2135 538 2162 39
555 2135 710 2170 Naufragio
732 2137 817 2164 Ionae
836 2157 842 2164 .
861 2157 867 2163 .
960 2138 991 2164 21
1013 2136 1153 2163 Ambacue
1174 2136 1243 2162 sima
1261 2134 1411 2164 Ambacum
1435 2138 1478 2170 (de
1499 2146 1550 2172 quo
1568 2139 1622 2166 Iac.
1641 2139 1765 2174 Bermms

125 2187 185 2214 Ga.
203 2186 337 2214 Athana.
356 2187 400 2221 II,
418 2187 481 2222 291)
497 2187 620 2221 frequens
637 2190 675 2214 est
687 2195 740 2222 pro
757 2187 869 2215 Abacuc
886 2188 933 2221 dr.
951 2196 971 2215 e.
981 2197 1007 2222 q.
1023 2190 1090 2222 poet.
1105 2187 1189 2214 Carol.
1207 2196 1230 2214 v.
1249 2188 1288 2221 II,
1306 2188 1365 2219 579,
1377 2189 1410 2216 27
1428 2192 1451 2215 et
1468 2189 1565 2216 Delisle
1581 2189 1613 2216 de
1628 2190 1764 2223 Theodulfi

123 2238 207 2266 biblico
223 2239 295 2272 (buu.
308 2238 335 2266 d.
345 2239 398 2266 1⁹6⁶.
409 2238 436 2265 d.
447 2238 487 2266 ch.
502 2238 570 2273 XL)
583 2247 611 2273 p.
625 2239 659 2266 15
676 2247 712 2273 oq.
799 2239 834 2266 23
852 2241 959 2266 tei-men
977 2239 1044 2266 -inis
1062 2239 1118 2265 vide
1136 2239 1204 2266 Diez
1221 2239 1298 2266 ΒΘ.ι
1315 2239 1340 2273 I,
1357 2240 1391 2267 26
1409 2243 1433 2267 et
1449 2241 1521 2268 Sittl.
1537 2241 1678 2274 Woelfflin.
1691 2242 1763 2268 arch.

123 2289 165 2324 II,
182 2290 242 2318 564.
328 2290 364 2317 80
379 2290 426 2323 ψ’.
441 2289 576 2323 Tkoodulfi
588 2290 605 2317 1.
614 2298 635 2317 c.
648 2290 690 2318 68.
777 2291 811 2317 33
832 2290 967 2323 stwdulf.
985 2288 1005 2318 l.
1013 2298 1034 2317 c.
1048 2291 1082 2317 55
1099 2290 1147 2317 Iob
1160 2299 1270 2325 quoque
1283 2311 1289 2317 .
1304 2310 1310 2317 .
1398 2291 1432 2318 34
1453 2292 1586 2326 Thwdmf.
1604 2293 1620 2320 l.
1631 2301 1652 2320 c.
1665 2293 1698 2320 57
1710 2301 1763 2327 sqq.

122 2340 187 2368 Mox
205 2341 294 2368 dulcis
311 2341 420 2368 dulcem
438 2341 578 2376 depromit
595 2342 689 2368 cantio
707 2341 847 2368 Christum
862 2342 867 2375 Ι
883 2342 1052 2376 psalmorum
1071 2362 1076 2368 .
1092 2362 1098 2369 .
1112 2362 1117 2368 .
1131 2362 1138 2369 .
1154 2343 1157 2375 Ι
1174 2342 1303 2369 Protinus
1326 2342 1433 2370 Ididiae
1451 2343 1573 2370 resident
1594 2345 1649 2370 tres
1667 2344 1764 2371 ordine

122 2393 187 2420 libri
198 2395 243 2421 etc.
255 2395 298 2420 dc.
375 2393 410 2420 39
422 2393 557 2427 Thcoduls.
569 2394 585 2420 l.
594 2401 615 2420 c.
627 2394 662 2421 69
674 2393 746 2420 Hinc
758 2393 813 2420 dno
823 2395 974 2428 ponuntur,
987 2394 1048 2428 quis
1062 2402 1160 2420 nomen
1174 2393 1258 2420 verba
1270 2393 1377 2420 dierum
1387 2394 1414 2427 (i.
1425 2403 1444 2421 e.
1457 2395 1700 2430 Paralipomenon)
1714 2395 1763 2422 est.

121 2443 157 2471 40
177 2444 315 2478 Multi
334 2444 351 2471 1.
362 2451 384 2472 c.
402 2445 434 2471 71
454 2444 571 2472 Ponitur
595 2445 660 2472 hinc
678 2445 797 2472 Hesdras
822 2445 912 2480 legem
936 2445 1127 2480 templumque
1143 2445 1303 2472 reformans.
1391 2446 1424 2472 41
1442 2446 1487 2479 cfr.
1504 2446 1641 2479 Theodulf.
1660 2446 1677 2472 Ζ.
1688 2454 1708 2472 c.
1722 2446 1762 2472 75.

121 2495 156 2522 42
176 2495 313 2528 Theoduls.
325 2495 341 2522 1.
353 2503 373 2522 ο.
392 2496 425 2522 77
442 2504 479 2530 eq.
493 2517 499 2524 .
512 2516 519 2523 .
538 2496 747 2524 Ecclesiasticus
764 2517 770 2524 .
780 2518 795 2531 .,
810 2498 816 2530 1
831 2506 886 2531 quo
900 2497 948 2532 pia.
960 2497 1021 2524 iura
1034 2498 1134 2523 sonant
1148 2497 1263 2530 lausque
1276 2497 1359 2523 beata
1371 2498 1491 2531 patrum.
1577 2498 1611 2524 44
1627 2497 1762 2530 leodulf.

122 2546 140 2574 1.
152 2554 173 2573 c.
189 2547 224 2574 83
241 2546 313 2574 Hine
331 2547 436 2582 gemini
455 2547 519 2574 libri
539 2550 681 2583 ponuntur
693 2549 915 2576 Machabeorum.
1002 2549 1036 2576 45
1053 2549 1112 2575 Hoc
1129 2551 1164 2575 est
1181 2551 1252 2575 vetus
1268 2551 1450 2576 testamentum
1467 2549 1509 2575 dei
1525 2549 1614 2583 ¹qratia
1627 2549 1763 2583 proditum

121 2600 154 2624 ut
166 2597 282 2632 typt'm
294 2601 368 2632 met,
386 2597 430 2625 aad
442 2598 511 2633 plebi
527 2599 577 2626 hac
594 2602 673 2627 vetere
690 2599 779 2633 forma
790 2599 959 2633 reconditum,
975 2599 1047 2633 qaod
1058 2602 1146 2626 tamen
1159 2599 1330 2626 Christicolae
1345 2599 1445 2627 Christi
1453 2601 1543 2634 qratia
1555 2609 1631 2627 nunc
1642 2603 1763 2634 apertum

121 2647 224 2676 habene.
324 2649 359 2676 49
385 2649 434 2683 cfr.
453 2649 579 2678 Amnem.
603 2651 676 2678 laud.
699 2651 762 2685 virg.
781 2651 841 2677 460.
944 2651 979 2677 50
1000 2650 1140 2683 Theodulf.
1159 2650 1175 2678 l.
1194 2658 1216 2677 c.
1236 2650 1284 2677 141
1312 2651 1365 2678 Hic
1382 2651 1579 2686 paradisigeno
1598 2651 1710 2678 veniens
1728 2651 1762 2676 de

122 2700 235 2734 gurgite
258 2701 348 2735 potue.
443 2701 476 2728 51
505 2702 640 2736 Theodads.
658 2703 675 2729 l.
692 2711 713 2730 c.
731 2702 764 2729 87
787 2710 819 2728 ea:
841 2701 945 2736 Euyen.
967 2702 1044 2728 Τοῖσι.
1066 2709 1086 2728 c.
1106 2701 1183 2728 LIX
1203 2701 1241 2729 ed.
1267 2701 1376 2729 Larem.
1390 2711 1419 2736 p.
1437 2703 1471 2730 68
1494 2703 1635 2729 Mattheus
1654 2702 1761 2729 Marcus

122 2750 210 2779 Lucas
228 2753 395 2786 sanctusque
412 2753 557 2780 Iohannes.
