2060 3074
274 157 335 187 722
891 151 1112 178 GODESCALGI
1132 151 1308 178 CARMINA.

274 250 319 271 me
342 250 380 270 eat
401 238 532 270 Robcrti
547 238 697 270 Priebsch
720 238 860 278 cataloqo
876 237 1049 279 (Deutsche
1065 236 1318 277 Handschrif'tcn
1341 237 1377 268 in
1391 236 1543 277 Enqland
1558 236 1582 268 I
1590 237 1744 279 20—27)
1760 237 1924 277 docuisset,

271 291 343 331 folii
362 292 424 321 445
448 290 622 330 exemplum
643 290 900 330 photoqraphum
930 290 1002 329 fieri
1030 289 1125 328 iussi,
1154 289 1199 321 ad
1228 289 1312 329 quod
1337 299 1419 329 quae
1445 289 1482 319 in
1508 288 1679 328 appendice
1700 292 1928 329 proponuntur

271 343 416 374 carmina
438 343 598 382 descripsi.

375 394 428 437 (S)
457 394 566 425 Iacobi
587 393 749 424 Sirmondi
777 392 1012 425 membranulae
1037 397 1078 415 —'-
1101 402 1200 432 neque
1227 391 1312 423 enim
1332 391 1438 423 iustus
1461 391 1557 423 codex
1579 394 1648 423 erat
1672 411 1710 414 —
1735 392 1928 433 iyrwramus,

272 457 333 487 quo
366 447 403 477 in
432 445 621 477 monasterio
654 455 715 485 quo
745 447 878 484 tempore
905 445 1043 485 scriptae
1066 442 1210 485 fuerint;
1243 454 1341 483 neque
1374 443 1508 482 scimus,
1542 442 1660 484 colleyii
1692 443 1931 477 Glaromaemtam'

273 497 454 529 bibliotheca
476 497 637 528 divendita
666 507 727 536 quo
746 497 948 536 pervenerint
957 497 977 527 ².
1022 495 1080 527 Ibi
1101 498 1207 527 autem
1227 497 1303 535 post
1326 494 1490 528 Sirmondi
1516 497 1645 526 mortem
1671 495 1711 527 ab
1737 505 1825 528 anno
1845 496 1930 527 1651

272 550 316 581 ad
338 551 422 580 1764
445 549 701 586 asservabantur,
730 549 797 580 iam
819 559 890 580 cum
913 547 989 579 aliis
1010 547 1198 588 fracmentis
1221 547 1257 578 in
1279 547 1395 579 codicis
1415 546 1552 586 formam
1573 546 1733 585 redactae,
1756 548 1814 587 qui
1835 548 1930 580 codex

273 602 308 633 in
344 602 413 633 eius
446 601 644 633 bibliothecae
679 600 818 641 cataloqo
853 601 901 631 ita
929 600 1118 632 describitur
1152 602 1198 640 (n.
1231 599 1402 631 DLXXX
1408 598 1479 631 VII
1498 609 1573 640 paq.
1597 600 1693 637 210).-
1731 599 1932 632 ‘Fasciadus

273 654 518 693 quaternionum
539 653 845 684 membranaceorum
864 653 900 684 in
918 654 959 682 4⁰
984 651 1148 693 (foliorum
1163 652 1242 692 122)
1260 651 1382 692 partim
1393 651 1477 689 IX0,
1495 651 1618 692 partim
1634 650 1696 688 X0,
1714 651 1838 690 partim
1847 651 1930 691 XI0,

267 705 392 744 partim
415 705 492 737 XII
496 711 509 725 0
531 704 656 736 saeculo
678 707 895 736 exaratorum.
941 704 996 736 Ibi
1017 703 1228 742 continentur,
1253 705 1301 734 10.
1324 702 1469 734 Herardi
1490 702 1685 734 Turonensis
1705 702 1932 744 archiqoiscopi

277 756 482 796 Capitularia
517 760 546 788 et
579 757 718 788 eiusdem
753 757 1032 788 Commonitorium
1065 755 1312 797 (imperfectum)
1345 755 1389 787 ad
1423 754 1630 787 Guenilonem
1662 755 1932 796 archiepiscopum

274 809 490 841 Senonenscm.
529 809 575 839 2⁰.
600 808 732 840 Iuvenci
747 809 926 850 presbyteri
948 808 1179 849 Fragmentum
1202 807 1275 839 libri
1296 807 1419 839 metrici
1432 806 1687 847 Evanqeliorum.
1725 809 1771 839 30.
1795 807 1932 840 Decreta

273 860 442 900 Bonifacii
469 859 580 900 Papae
607 860 702 901 (forte
730 859 900 891 Benedicti
923 859 1013 903 VII).
1058 861 1106 891 4⁰.
1135 859 1364 900 Fraqmentum
1391 858 1486 890 libelli
1513 858 1551 890 de
1579 861 1718 899 quatuor
1743 858 1931 892 Virtutibus.

275 913 323 944 50.
347 912 476 944 Folium
505 913 542 944 de
564 913 707 944 numeris
734 915 763 944 et
779 912 976 952 ponderibus
1000 911 1226 953 (opusculum,
1255 914 1292 942 ut
1314 911 1446 949 videtur,
1477 909 1685 952 completum).
1730 913 1779 942 60.
1802 910 1932 944 Folium

274 964 311 995 de
342 963 532 1005 Genealoqia
563 963 684 1004 Reyum
719 966 747 995 et
777 964 979 1004 Principum.
1024 966 1045 995 7
1052 969 1075 996 0.
1104 963 1251 1003 Epistola
1279 963 1396 995 Leonis
1423 962 1472 994 ΙΙ.
1497 961 1607 1002 Papae
1635 962 1679 994 ad
1706 962 1864 995 Metenses
1896 963 1934 996 in

271 1017 411 1055 qratiam
433 1016 601 1057 Droyonis,
625 1026 716 1056 quem
738 1018 827 1048 vocat
849 1016 1120 1056 archiepiscopum
1135 1015 1308 1047 Metensem
1331 1013 1456 1056 (edita).
1502 1015 1551 1046 8⁰.
1577 1013 1712 1045 Decreta
1728 1013 1797 1046 PP.
1813 1014 1932 1047 Roma-

274 1078 388 1099 norum
411 1069 511 1109 (edita
533 1069 570 1099 in
595 1067 746 1100 Conciliis
768 1068 887 1100 Labbei
909 1071 990 1100 tomo
1012 1069 1062 1100 2⁰.
1080 1070 1170 1107 part.
1186 1068 1216 1099 2.
1233 1077 1269 1107 p.
1286 1067 1350 1098 300
1377 1068 1407 1098 et
1437 1068 1518 1098 tomo
1539 1067 1590 1098 3⁰.
1608 1075 1644 1107 p.
1659 1067 1725 1096 346
1747 1068 1776 1097 et
1791 1076 1828 1107 p.
1843 1067 1933 1108 436).

276 1120 324 1152 9⁰.
349 1120 496 1160 Epistola
519 1119 648 1152 Nicolai
670 1119 700 1153 Ι.
730 1120 841 1160 Papae
864 1120 990 1161 (edita).
1043 1121 1114 1151 100.
1137 1119 1330 1160 Berenqarii
1358 1118 1578 1150 archidiaconi
1605 1117 1843 1158 Andeqavensis
1869 1118 1933 1151 Ro-

275 1173 432 1203 tractatio.
479 1174 549 1206 110.
578 1172 727 1213 quistola
758 1173 894 1204 Ioannis
921 1172 1049 1204 diaconi
1080 1174 1109 1203 et
1136 1171 1319 1203 cancellarii
1347 1170 1388 1203 E.
1418 1170 1460 1203 R.
1483 1170 1527 1202 ad
1552 1170 1764 1211 (Gnidonem)
1793 1170 1934 1203 abbatem

275 1223 510 1256 Molismensem
539 1223 592 1265 (ut
620 1225 754 1263 videtur,
783 1225 930 1270 inedita).
976 1225 1048 1256 120.
1078 1222 1226 1265 Epistola
1255 1223 1363 1254 Ivonis
1389 1222 1594 1254 Oarnotensis
1622 1222 1667 1254 ad
1692 1222 1936 1263 Luyduneowom

275 1276 554 1316 archiepiscopum.
601 1279 643 1308 13
651 1282 674 1309 ⁰.
698 1276 860 1309 Homiliae
882 1276 1112 1317 (imperfectae)
1135 1276 1171 1308 in
1186 1274 1372 1315 Evanqelia.
1418 1276 1489 1306 14⁰.
1513 1273 1661 1314 Epistoh
1683 1274 1836 1316 (inedita)
1854 1275 1936 1307 'satis

268 1327 401 1367 prolixa
423 1327 585 1360 Matthaei
614 1328 808 1361 Albanensis
839 1328 976 1368 episcopi
1004 1330 1034 1359 et
1061 1327 1241 1359 cardinalis
1270 1327 1315 1358 ad
1341 1326 1468 1358 abbates
1497 1327 1554 1367 qui
1579 1329 1804 1358 consueverant
1826 1326 1937 1359 Remis

277 1380 439 1411 convenire
460 1379 597 1420 sinqulis
619 1380 717 1412 annis
733 1390 796 1420 pro
819 1380 1009 1412 correctione
1031 1379 1199 1412 monastici
1224 1379 1364 1411 Ordinis.
1402 1378 1540 1418 Incipit:
1562 1378 1712 1410 Patribus
1735 1379 1932 1422 conscriptis,

277 1432 428 1464 coelestis
453 1433 560 1464 euriae
586 1433 798 1474 senatoribus,
823 1432 996 1464 abbatibus
1019 1432 1081 1464 illis
1105 1432 1160 1474 qui
1176 1431 1352 1463 condixere
1368 1431 1501 1473 singulis
1523 1430 1615 1462 annis
1630 1429 1743 1462 Remis
1763 1431 1935 1463 convenire

276 1494 334 1526 pro
362 1485 531 1516 monastici
554 1484 683 1516 Ordinis
708 1485 923 1524 correctione,
952 1483 1138 1516 Matthaeus
1165 1483 1230 1515 Dei
1252 1483 1358 1526 gratia
1381 1482 1578 1514 Albanensis
1607 1482 1792 1525 episcopus,
1823 1492 1936 1515 eorum

278 1536 377 1568 frater
412 1540 445 1568 et
475 1536 611 1568 devotus
641 1537 778 1578 amicus,
816 1537 923 1579 gratia
951 1539 984 1568 et
1010 1547 1078 1579 pax
1105 1547 1125 1568 a
1153 1535 1293 1568 Domino
1325 1535 1424 1567 Patre
1457 1538 1490 1566 et
1518 1534 1659 1566 Domino
1692 1533 1937 1567 Iesu-christo.

277 1588 317 1618 15
325 1593 348 1620 ⁰.
380 1589 501 1620 Incerti
530 1588 688 1620 Authoris
720 1588 796 1620 liber
826 1589 871 1620 ad
898 1587 1074 1620 Monachos
1105 1587 1285 1629 (ineditus).
1346 1589 1417 1618 160.
1447 1585 1596 1627 Epistola
1624 1585 1864 1627 Ludovici.1'ii
1893 1586 1939 1618 ad

276 1640 480 1681 Aqobardum
495 1641 739 1681 Luqdunensem
755 1641 1035 1680 archiepiscopum.
1082 1641 1124 1671 17
1129 1645 1152 1671 ⁰.
1181 1638 1334 1679 Capitula
1353 1638 1486 1671 Calli‘cti
1501 1638 1551 1670 ΙΙ.
1574 1637 1695 1677 Papae.
1734 1639 1805 1671 180.
1831 1637 1938 1670 Gotte-

276 1691 394 1723 scalchi
416 1691 532 1724 Versus
560 1693 690 1724 iambici
718 1695 748 1724 et
775 1692 894 1724 heroici
920 1693 956 1733 (a
979 1691 1149 1725 Sirmondo
1176 1691 1279 1734 editi).
1331 1691 1372 1722 19
1382 1695 1405 1722 ⁰.
1432 1689 1597 1722 Iuvenalis
1618 1689 1812 1730 Satyrorum
1832 1689 1938 1730 Γωρ-

277 1746 415 1776 mentum
431 1744 550 1784 (tribus
563 1745 826 1785 quaternionibus
846 1745 1009 1783 constans)
1024 1743 1149 1776 saeculo
1166 1743 1231 1775 Χο.
1253 1745 1431 1788 exaratum.
1476 1743 1548 1774 20⁰.
1572 1740 1737 1781 Ispistolae
1752 1740 1876 1782 Pelagii
1887 1741 1937 1774 II.

278 1796 411 1827 Ioannis
430 1796 494 1828 IX.
518 1806 557 1827 ac
578 1795 748 1828 Benedicti
771 1796 833 1828 IV.
858 1795 927 1828 PP.
972 1797 1044 1828 21⁰.
1068 1795 1233 1836 spistolae
1255 1794 1428 1827 nonnullae
1449 1793 1574 1832 Leonis,
1596 1792 1725 1831 Felicis,
1747 1792 1940 1825 Homisdae

278 1851 307 1880 ct
333 1847 515 1880 Innocentii
545 1848 614 1880 PP.
669 1848 782 1881 Omnes
813 1849 848 1880 hi
874 1849 1097 1889 quaterniones
1130 1859 1168 1880 ea·
1198 1848 1299 1879 variis
1329 1846 1488 1890 codicibus
1517 1845 1665 1877 videntur
1692 1844 1816 1876 avulsi.’
1866 1845 1940 1885 lpse

279 1900 469 1933 Sirmondus
503 1901 616 1932 iisdem
644 1900 870 1933 membranulis
897 1911 977 1932 usus
1008 1903 1055 1932 ter
1082 1911 1097 1932 e
1130 1898 1315 1932 Godescalci
1343 1898 1483 1930 carmine
1515 1897 1646 1937 septimo
1672 1906 1798 1936 paucos
1830 1907 1940 1928 verm

278 1952 395 1984 edidit:
418 1963 503 1984 anno
527 1954 612 1984 1611
637 1953 671 1984 in
692 1953 777 1985 notis
799 1953 844 1984 ad
864 1952 1010 1984 Ennodii
1032 1962 1127 1992 (mera
1144 1962 1219 1992 paq.
1234 1952 1278 1983 26
1300 1953 1356 1992 (=
1374 1949 1429 1988 S‘)
1447 1949 1570 1989 primos
1592 1948 1695 1980 decem
1709 1948 1941 1980 Anacreontios

279 2005 334 2044 (=
351 2003 514 2036 Sirmondi
533 2003 670 2044 Operum
693 2005 740 2036 ed.
764 2004 868 2036 Venet.
891 2004 916 2036 I
927 2005 1016 2045 878),
1041 2014 1071 2036 a.
1087 2004 1171 2035 1645
1194 2003 1231 2035 in
1245 2002 1418 2034 Hincmari
1439 2000 1584 2041 operibus
1598 1999 1623 2032 Ι
1634 2010 1711 2040 paq.
1729 1999 1792 2031 555
1807 2002 1864 2040 (=
1881 1999 1940 2039 8¹)

279 2055 474 2088 hexametros
491 2057 671 2094 107—132,
695 2066 725 2087 a.
743 2056 828 2087 1650
851 2056 887 2087 in
908 2056 1043 2088 editione
1058 2055 1147 2096 [supi
1169 2055 1207 2086 de
1222 2054 1324 2086 tribus
1338 2053 1575 2094 quaestionibus
1590 2055 1646 2093 (=
1664 2051 1722 2093 8¹)
1743 2051 1940 2084 hexametros

281 2109 343 2138 116
350 2108 460 2139 -125
477 2113 532 2148 (Ξ
550 2107 686 2148 Operum
701 2107 746 2139 II
757 2107 845 2149 945).
893 2107 1034 2139 Tandem
1049 2117 1070 2138 a
1089 2106 1229 2138 Gilberto
1243 2105 1409 2147 Mauyuin
1423 2104 1623 2147 (Vindiciar.
1632 2103 1939 2144 praedestinationis

280 2159 325 2191 II
337 2159 378 2190 58
401 2159 542 2191 Parisiis
565 2159 664 2200 1650)
687 2159 819 2199 fraudis
839 2162 1023 2198 accusatus,
1054 2158 1140 2200 quod
1165 2168 1231 2190 non
1252 2168 1358 2190 omnes
1379 2167 1488 2189 versus
1509 2156 1671 2194 edidisset,
1699 2155 1875 2194 constituit,
1903 2158 1940 2188 ut

279 2211 315 2242 id
336 2211 402 2243 iam
418 2222 480 2251 per
505 2211 670 2244 Cellotium
696 2211 816 2251 tim-15².
861 2212 897 2243 Is
919 2211 1087 2244 Sir-mondo
1117 2211 1280 2243 obsecutus
1295 2210 1439 2250 primam
1465 2209 1564 2241 totius
1589 2208 1745 2240 carminis
1772 2207 1940 2240 editionem

280 2263 316 2294 in
339 2263 497 2295 ‘Historia
522 2263 734 2296 Gotteschalci
749 2264 1053 2304 praedestinatiani
1075 2263 1180 2295 emisit
1209 2263 1297 2303 eique
1323 2262 1400 2294 haec
1421 2261 1514 2293 verba
1529 2260 1720 2300 praeposuit
1741 2260 1828 2301 (pay.
1843 2259 1939 2299 415).-

282 2318 525 2347 ‘monumentum
555 2316 645 2348 istud
672 2316 823 2348 habemus
852 2327 873 2348 a
903 2327 1003 2348 manu
1034 2315 1199 2348 Sirmondi
1222 2340 1229 2346 .
1247 2339 1269 2354 .,
1286 2314 1415 2355 placuit
1441 2313 1596 2354 reliqiose,
1623 2312 1667 2344 ad
1697 2322 1812 2345 naevos
1841 2322 1942 2353 usque

276 2367 445 2405 prosodiae
472 2370 500 2399 et
523 2368 764 2409 orthographiae
786 2368 932 2408 colaphos
959 2368 1146 2406 describere,
1177 2367 1262 2407 quod
1283 2367 1439 2399 incertum
1465 2366 1508 2397 sit
1534 2365 1574 2396 ab
1605 2367 1733 2397 auctore
1748 2364 1940 2404 proveniant

281 2429 325 2450 an
361 2419 400 2450 ab
434 2419 635 2459 antiquario;
672 2420 982 2460 interpunctionibus
1019 2422 1145 2452 tantum
1179 2419 1400 2456 distinximus,
1438 2417 1554 2458 quibus
1591 2416 1790 2448 membranae
1823 2417 1939 2448 veteres

282 2471 472 2502 monasticae
501 2481 607 2503 carere
633 2471 748 2504 solent?
804 2472 891 2512 Quae
919 2472 997 2504 dum
1028 2470 1177 2504 Oeaotius
1197 2470 1384 2512 praefatur,
1415 2468 1604 2502 Sirmondus
1634 2468 1716 2500 inter
1742 2468 1828 2500 vivos
1852 2469 1942 2506 erat,-

282 2522 336 2553 sed
361 2525 505 2554 mortuus
536 2525 594 2561 est,
624 2526 796 2564 antequam
827 2534 912 2556 anno
934 2523 1019 2555 1655
1047 2523 1143 2556 amici
1171 2523 1268 2555 editio
1297 2522 1333 2554 in
1360 2521 1459 2554 lucem
1485 2521 1638 2563 prodiret.
1687 2519 1808 2552 Nostra
1837 2521 1941 2552 aetate

284 2573 431 2613 Miym'us
453 2584 521 2605 cam
544 2575 719 2614 descripsit,
745 2575 946 2616 Patroloqiae
968 2575 1022 2607 lat.
1046 2576 1119 2614 121,
1135 2576 1200 2607 367
1205 2575 1328 2606 —372

388 2693 414 2725 1)
434 2692 473 2726 Cf.
496 2693 525 2720 V.
543 2693 614 2720 Rosc
638 2694 692 2721 Die
715 2695 762 2722 lat.
787 2694 1166 2727 Mmzan-Handsschnften
1190 2702 1224 2720 zu
1247 2694 1340 2721 Berlin
1359 2701 1422 2727 pay.
1438 2693 1497 2720 ΙΙΙ.
1601 2693 1630 2725 2)
1650 2693 1794 2726 Philippus
1817 2692 1942 2719 Labbesoe

284 2743 379 2770 Novae
403 2743 565 2771 bibliothecae
588 2754 652 2780 pay.
673 2750 706 2773 59
732 2754 807 2774 anno
825 2749 898 2774 1653.-
926 2747 1023 2774 ‘versus
1049 2746 1125 2781 lamye
1148 2746 1242 2781 plures
1267 2745 1343 2772 editis
1361 2745 1574 2780 publicabuntur
1599 2752 1662 2772 mccc
1684 2753 1703 2771 a
1726 2744 1785 2771 viro
1806 2752 1940 2778 perquam

284 2795 405 2822 erudito’.
1867 2811 1891 2842 ἢ
