2060 3074
284 112 346 142 640
933 104 1084 132 MILONIS
1104 103 1280 131 CARMINA.

650 194 746 226 Ortos
769 193 962 235 multiplices
985 192 1082 234 ydros
1105 192 1238 234 antiqua
1259 191 1447 233 loquuntur:

649 246 765 277 Proles
788 245 922 277 avaritia
944 245 1026 276 haec
1048 244 1151 275 multa
1174 254 1216 275 ex
1239 244 1394 285 genitrice
1417 245 1557 275 creatur:

650 298 752 328 Fraus
775 297 863 328 furor
886 296 1026 328 invidiae
1049 295 1202 327 violentia
1225 305 1300 327 cura
1322 295 1477 326 tumultus

651 349 811 380 Anxietas
835 359 962 380 maeror
983 348 1125 390 periuria
1148 347 1233 378 furta
1255 347 1387 389 rapinae

569 413 607 431 82⁵
650 401 794 432 Durities
819 403 1002 432 commenta
1026 399 1117 431 dolus
1140 399 1268 431 fallacia
1292 398 1423 438 discors,

654 453 843 484 Sollicitudo
868 452 984 495 cupido
1008 455 1109 483 tenax
1131 461 1228 482 usura
1251 451 1399 493 voluptas

654 504 697 535 Et
720 504 812 536 dolor
836 504 959 535 amissis
984 506 1017 534 et
1040 502 1159 545 gaudia
1182 513 1265 534 vana
1287 502 1435 544 receptis,

656 555 765 588 Civilis
788 556 895 588 rabies
918 566 1090 597 germanos
1112 555 1196 586 inter
1219 557 1252 585 et
1276 554 1360 585 ensis

654 608 772 639 Dulcia
794 608 979 650 disiungens
1002 610 1150 638 natorum
1174 607 1309 648 pignora
1331 606 1424 648 patri.

570 672 609 691 8³0
652 660 775 703 Arpiae
798 660 859 692 hac
882 663 948 691 tres
970 662 1073 691 matre
1097 662 1199 698 satae,
1223 668 1357 700 quarum
1380 658 1468 700 prior
1490 657 1617 700 Aellon,

655 712 770 743 Altera
794 715 827 743 et
850 711 1023 754 Oquipete‚
1048 714 1120 753 post
1142 710 1239 742 tertia
1262 709 1330 741 dira
1354 709 1487 750 Celeno,

655 763 743 795 Dum
765 764 894 806 rapiunt
917 763 1050 803 celeres,
1074 762 1180 794 aliena
1203 765 1237 793 et
1259 762 1401 803 tegmine
1425 761 1540 793 celant.

656 816 708 847 Ex
730 816 792 848 hac
816 819 849 847 et
871 816 973 847 furiae
996 814 1124 846 Allecto
1148 814 1345 856 Thisiphone
1366 813 1511 855 Megera,

659 867 820 900 Cerberus
842 867 917 899 inde
941 867 1070 907 trifaux,
1093 866 1213 898 Fineus
1236 865 1348 897 fenore
1371 875 1495 897 caecus.

576 933 614 953 835
657 920 751 952 Haec
773 920 862 951 iecur
883 922 919 951 ut
942 920 1048 951 vultur
1069 921 1173 950 rostro
1198 916 1346 949 conrodit
1369 916 1506 957 obunco,

659 972 705 1004 Ut
728 972 832 1015 dypsa
855 971 1025 1003 mordente
1049 971 1128 1011 sitis,
1152 970 1233 1001 haec
1256 969 1367 1001 addita
1390 969 1513 1001 crescit.

660 1025 734 1057 Hoc
756 1025 877 1056 malum
901 1024 1068 1055 aureolum
1090 1021 1261 1054 Discordia
1284 1022 1383 1053 scissa
1406 1021 1529 1053 deabus

660 1077 752 1118 Iecit,
777 1076 863 1119 quod
886 1076 990 1108 tenuit
1011 1075 1151 1107 Veneris
1174 1074 1329 1106 damnosa
1353 1073 1511 1116 voluptas.

703 1146 864 1177 XXVIII.
888 1145 982 1177 Haec
1003 1147 1156 1187 portenta
1179 1155 1260 1186 opus
1283 1146 1332 1175 est
1354 1143 1426 1186 ipsa
1449 1153 1521 1174 cum
1543 1146 1647 1175 matre
1670 1143 1780 1182 recidi,

580 1211 619 1231 840
662 1198 712 1230 Ne
735 1198 829 1229 nobis
853 1198 920 1230 vitii
945 1197 1127 1229 dominetur
1150 1197 1245 1228 turba
1267 1196 1409 1236 nefandi,

663 1251 708 1282 Ut
730 1251 775 1282 nil
799 1244 992 1292 quaeramus
1016 1259 1114 1292 super
1136 1249 1179 1288 id,
1205 1248 1292 1291 quod
1314 1248 1458 1291 postulat
1480 1259 1566 1289 usus,

663 1303 821 1344 Tegmine
845 1302 988 1334 contenti
1011 1304 1045 1333 et
1067 1311 1165 1343 parco
1188 1300 1410 1332 moderamine
1432 1300 1544 1332 victus.

665 1354 761 1391 Quod
783 1364 880 1397 super
903 1356 1004 1394 extat,
1027 1353 1122 1396 inops
1145 1353 1252 1395 capiat
1273 1351 1440 1384 mendicus
1464 1362 1597 1394 egenus,

665 1406 799 1438 Crescat
823 1406 1020 1438 elemosinae
1045 1406 1177 1445 culmus,
1202 1405 1242 1436 sit
1263 1405 1373 1446 largus
1396 1414 1522 1446 avarus,

583 1471 620 1491 ⁸45
666 1458 798 1490 Caelica
820 1458 966 1490 terrestri
989 1460 1174 1489 mercentur
1196 1457 1342 1499 praemia
1364 1456 1451 1488 limo.

667 1510 822 1542 Transfer
844 1510 886 1542 ad
909 1510 1046 1541 aetherii
1069 1509 1256 1541 thesaurum
1280 1509 1407 1540 culmen
1431 1508 1575 1551 Olympi:

668 1562 828 1605 Quicquid
851 1572 952 1604 egens
974 1562 1080 1600 sumit,
1106 1560 1269 1593 Christum
1293 1561 1459 1603 accepisse
1483 1565 1657 1592 memento.

670 1614 733 1651 Qui
757 1614 860 1655 dator,
884 1614 936 1646 hic
960 1617 1078 1654 custos,
1101 1613 1238 1655 largitor
1261 1616 1294 1644 et
1315 1613 1385 1655 ipse
1409 1615 1570 1655 receptor,

668 1667 808 1698 Debitor
829 1667 899 1709 ipse
924 1665 1020 1698 deus:
1044 1676 1109 1697 non
1130 1665 1249 1708 perdes
1273 1664 1376 1703 fenus,
1400 1675 1507 1696 avare.

587 1732 626 1751 850
669 1719 722 1751 Da
743 1719 828 1760 huic,
853 1717 1004 1761 quicquid
1027 1717 1139 1750 habes:
1167 1727 1231 1749 non
1254 1717 1305 1759 fur
1327 1716 1389 1748 hoc
1413 1714 1506 1748 tollat
1527 1717 1663 1760 iniquum

407 1886 458 1913 825
477 1887 577 1912 fallatia
593 1894 674 1911 manu
692 1884 796 1917 aequali
814 1893 882 1910 corr.
895 1884 919 1909 A
1007 1882 1058 1909 827
1072 1886 1133 1915 post
1150 1882 1221 1908 dolor
1240 1882 1310 1907 locus
1327 1890 1423 1908 vacum
1437 1882 1461 1907 A
1549 1880 1602 1908 850
1619 1883 1658 1907 Da
1676 1883 1738 1908 huic
1754 1882 1790 1907 εἰσ
1803 1881 1828 1906 Α

411 1973 549 2000 822-829
572 1972 679 2005 Θτᾳιον.
699 1971 798 1997 Moral.
821 1969 936 1996 XXXI
950 1969 984 1996 45
1011 1968 1063 2002 (M.
1084 1969 1125 2001 76,
1145 1968 1210 2002 621)
1237 1967 1272 1994 de
1300 1966 1420 1993 avaritia
1448 1965 1572 2000 proditio
1597 1966 1673 1993 fraus
1699 1966 1813 1993 fallacis.
1835 1965 1959 2001 periuria

308 2025 474 2059 inquietudo
498 2024 649 2051 violentiae
672 2024 701 2050 et
723 2024 820 2050 contra
846 2021 1062 2048 misericordiam
1088 2019 1286 2047 obdurationes
1314 2018 1404 2046 cordis
1429 2018 1570 2051 oriuntur;
1599 2039 1622 2045 ..
1647 2018 1766 2045 tristitia
1788 2026 1900 2053 quoque
1923 2017 1960 2044 ad

309 2077 458 2104 avaritiam
477 2077 628 2103 derivatur.
716 2074 854 2102 830—832
875 2073 1002 2107 Fulqent.
1028 2072 1115 2107 Myth.
1136 2072 1180 2099 18
1203 2071 1287 2105 (unde
1301 2070 1422 2105 pendent
1445 2070 1589 2105 Mythoyra
1625 2071 1636 2096 i
1659 2071 1798 2105 Vaticani)
1822 2070 1962 2105 Harpyias

309 2130 365 2155 tres
389 2127 484 2154 inferis
503 2127 645 2162 Vergilius
668 2126 801 2161 deputat:
827 2125 907 2151 Aello
927 2124 1051 2159 Ocypete
1070 2123 1190 2151 Celaeno
1208 2122 1299 2157 (Va-q.
1313 2123 1379 2149 Aen.
1399 2122 1456 2148 III
1469 2122 1519 2148 211
1545 2131 1614 2156 quas
1637 2122 1698 2149 dira
1716 2122 1848 2156 Celaeno)
1867 2142 1891 2149 ..
1909 2122 1963 2149 hoc

311 2181 433 2215 signare,
461 2179 537 2214 quod
565 2179 685 2214 primum
713 2178 751 2205 sit
777 2177 901 2204 alienum
925 2175 1132 2210 concupiscere,
1161 2174 1312 2202 secundum
1340 2174 1437 2209 cupita
1461 2174 1604 2207 invadere,
1634 2174 1750 2201 tertium
1772 2174 1864 2200 celare
1887 2172 1962 2208 quod

311 2232 488 2268 invaditmr).
578 2232 629 2259 833
647 2231 752 2258 Furias
770 2231 900 2264 (quarum
918 2228 1031 2255 nomina
1045 2229 1152 2262 poterat
1170 2235 1271 2254 swmere
1283 2235 1297 2254 e
1311 2226 1461 2262 Ful-qemun
1475 2226 1561 2261 Myth.
1575 2226 1633 2259 16)
1650 2226 1727 2253 maan*
1739 2226 1802 2260 pati
1817 2225 1964 2260 mimum·

312 2284 389 2319 apud
400 2284 470 2311 Serv.
490 2283 527 2310 ad
545 2284 612 2310 Aen.
626 2284 679 2310 III
686 2284 753 2316 209;
771 2282 847 2316 apud
865 2281 1035 2308 Aldhelmum
1055 2279 1096 2313 (de
1114 2279 1191 2306 VIII
1205 2278 1278 2306 vitiis
1292 2279 1354 2313 189)
1372 2279 1449 2305 Iram
1466 2278 1637 2305 comitantur.
1707 2278 1760 2305 834
1777 2277 1844 2304 Aen.
1861 2276 1963 2304 V1417

313 2336 445 2363 Cerberus
465 2357 490 2363 ..
508 2336 613 2362 latratu
633 2356 655 2362 ..
675 2335 801 2368 trifauci;
821 2333 946 2367 Fulqmt.
969 2332 1053 2367 Myth.
1074 2332 1168 2358 11111
1189 2331 1311 2357 Phineus
1334 2330 1364 2357 in
1389 2330 1502 2357 modum
1520 2330 1656 2357 avaritiae
1674 2329 1790 2364 ponitur
1807 2330 1837 2356 et
1853 2337 1871 2355 a.
1889 2328 1964 2355 fene-

314 2388 400 2414 rando
420 2387 542 2414 Phineus
561 2388 652 2414 dictus
670 2388 725 2420 est;
744 2387 807 2414 ideo
826 2395 932 2418 caecus,
951 2385 1026 2419 quod
1045 2384 1135 2411 omnis
1153 2383 1274 2411 avaritia
1292 2392 1374 2410 caeca
1391 2383 1436 2416 sit,
1455 2391 1528 2417 quae
1541 2391 1595 2410 non
1607 2382 1685 2410 videt
1698 2390 1756 2409 sua.
1825 2381 1877 2408 835
1895 2381 1964 2408 Aen.

322 2440 364 2466 VI
371 2441 420 2467 597
442 2442 586 2474 rostroque
610 2440 739 2466 immanis
762 2439 856 2466 voltur
879 2438 986 2465 obunco
1009 2437 1013 2472 Ι
1033 2436 1191 2463 immortale
1214 2436 1302 2467 iecur;
1329 2435 1378 2468 cfr.
1399 2434 1526 2469 Fulyent.
1546 2435 1613 2462 119.
1702 2434 1754 2461 836
1776 2433 1870 2460 Isidor.
1892 2432 1965 2467 θήρ.

318 2492 386 2518 XII
398 2493 422 2524 4,
442 2492 473 2519 13
502 2492 595 2526 dipsas
620 2500 708 2526 genus
738 2491 856 2526 aspidis,
887 2499 959 2524 quae
988 2489 1088 2516 Latine
1119 2489 1205 2515 situla
1229 2488 1344 2520 dicitur,
1373 2487 1454 2522 quia,
1485 2495 1568 2521 quem
1595 2485 1789 2518 momorderit,
1813 2485 1860 2512 siti
1883 2484 1966 2519 perit.

317 2544 366 2570 837
391 2544 456 2570 Aen.
478 2543 557 2570 VIII
565 2544 614 2570 702
638 2544 698 2577 (cfr.
717 2544 768 2571 Vit.
787 2542 908 2570 Amandi
927 2542 1033 2576 11125)
1052 2543 1080 2568 et
1103 2541 1188 2568 scissa
1213 2540 1340 2575 gaudens
1363 2539 1443 2566 vadit
1465 2538 1603 2566 discordia
1621 2538 1709 2572 palla;
1734 2537 1860 2571 Fulymt.
1879 2536 1966 2571 Hyas.

318 2595 394 2622 1117
414 2595 552 2622 discordia
570 2596 674 2622 malum
693 2603 809 2622 aureum
828 2595 926 2621 iecisse
944 2594 1048 2621 dicitur
1066 2593 1084 2620 i.
1109 2592 1302 2628 cupiditatem.
1389 2591 1442 2618 838
1459 2591 1537 2617 Pont.
1561 2590 1582 2616 Ι
1594 2591 1632 2622 10,
1644 2591 1678 2617 33
1697 2589 1812 2616 Veneris
1831 2589 1966 2616 damnosa

319 2648 457 2682 voluptas.
554 2648 613 2675 841.
635 2648 686 2675 842
716 2650 729 2674 1
755 2648 821 2675 Tim.
849 2649 873 2680 6,
896 2648 912 2674 8
939 2646 1076 2673 habentes
1106 2645 1242 2672 alimenta
1273 2645 1302 2671 et
1332 2643 1433 2678 quibus
1463 2644 1605 2676 tegamur,
1635 2642 1679 2668 his
1708 2640 1835 2668 contenti
1866 2648 1968 2667 sumus.

319 2700 368 2726 847
391 2699 486 2725 Matth.
505 2700 547 2731 25,
559 2700 594 2725 40
612 2708 696 2733 quam
720 2699 768 2726 diu
794 2699 899 2726 fecistis
917 2699 966 2725 uni
991 2698 1025 2724 de
1044 2697 1088 2724 his
1107 2697 1242 2724 fratribus
1261 2696 1397 2727 minimis,
1421 2694 1490 2722 mihi
1514 2694 1627 2720 fecistis.
1715 2693 1766 2719 849
1783 2693 1862 2719 Prov.
1881 2693 1922 2724 19,
1936 2691 1968 2718 1'1

321 2752 462 2778 feneratur
480 2751 600 2783 domino,
620 2752 669 2785 qui
688 2752 834 2779 miseretur
851 2751 991 2786 pauperis.
1079 2749 1215 2778 850—-851
1236 2749 1271 2776 E.
1281 2757 1306 2782 q.
1325 2747 1424 2775 Mauh.
1442 2748 1467 2781 6,
1482 2747 1520 2773 19.
