2060 3074
236 184 296 213 494
888 179 1025 206 animm
1044 178 1220 206 CARMINA.

599 267 762 298 Attrectat
783 266 915 308 praesul
937 269 1044 297 tactus
1067 265 1284 297 medicamine
1308 265 1458 297 dextram

597 319 705 360 Atque
730 319 843 350 levans
868 317 987 359 digitos
1011 318 1077 349 leni
1100 317 1323 349 moderamine
1348 321 1481 349 cunctos

597 369 709 401 Infuso
734 370 842 400 nervis
867 369 975 400 vitalis
999 379 1135 401 munere
1161 369 1229 401 suci

597 421 718 452 Ordine
742 421 916 453 flexibilem
942 421 1022 452 miro
1047 421 1214 453 revocavit
1237 421 1270 452 in
1293 431 1396 453 usum.

521 486 559 504 2¹00
597 472 759 504 Redditur
782 473 887 504 officio
913 467 1272 504 manuumlaetissima
1294 473 1395 515 virgo,

596 524 665 556 Nec
689 525 753 556 iam
777 536 812 556 se
836 525 969 567 capiunt
992 527 1141 556 votorum
1165 524 1250 556 festa
1272 535 1415 557 suorum.

598 576 727 608 Adiecit
751 577 852 608 sancti
877 577 983 619 pietas
1007 576 1223 608 memorabile
1246 576 1414 618 quiddam:

597 628 812 671 Correxitque
836 639 965 660 manum
990 628 1195 671 dempsitque
1219 629 1383 672 superflua
1407 640 1556 672 quaeque

598 680 794 722 Progressos
818 681 925 712 nimiis
949 691 1101 712 resecans
1126 681 1315 712 excessibus
1339 691 1477 723 ungues,

522 744 560 763 :205
598 732 635 763 Id
660 733 781 764 sanctis
805 733 954 764 manibus
978 743 1042 764 non
1067 732 1214 764 effecisse
1239 736 1403 775 gravatus.

640 783 767 816 Gallica
789 795 982 826 permensus
1007 785 1106 826 signis
1130 785 1359 816 comitantibus
1385 796 1462 817 arva
1626 791 1750 824 lf'tAlpea
1762 801 1879 818 comem-

598 836 683 868 Hinc
709 836 796 868 subit
820 837 925 868 aerias
949 836 1074 868 meritis
1098 836 1267 868 sublimior
1289 837 1400 879 Alpes.
1643 836 1710 860 deri!
1727 844 1864 884 paruaque

597 889 705 920 Limes
730 889 781 920 hic
804 889 969 920 Ausonias
993 888 1096 920 Gallis
1121 889 1327 921 disterminat
1350 900 1423 922 oras
1680 879 1753 903 ‘1⁶⁸⁶'
1755 883 1823 911 ΨΜ·

597 941 749 973 Aeternis
773 940 912 981 nivibus,
936 943 1071 973 aeterno
1094 941 1216 983 frigore
1239 944 1381 984 torpens,

521 1005 559 1023 κιο
596 992 747 1024 Humano
771 992 884 1034 generi
907 1003 970 1024 non
994 995 1069 1025 ante
1093 993 1244 1025 meabilis
1269 1004 1432 1036 umquam.

598 1045 740 1076 IIanibal
764 1044 915 1087 Hispana
938 1055 1088 1077 remeans
1112 1055 1210 1086 quam
1234 1045 1340 1076 vietor
1363 1046 1404 1077 ab
1429 1057 1484 1078 ora

598 1096 736 1128 Diduxit
758 1097 910 1139 scopulos
935 1100 967 1128 et
990 1100 1134 1128 montem
1160 1097 1246 1139 rupit
1269 1100 1380 1134 acet0;

598 1149 679 1180 Cum
702 1152 812 1180 tamen
836 1149 967 1180 insolito
991 1149 1140 1191 pulsatus
1166 1149 1284 1191 frigore
1307 1149 1438 1181 Poenus

597 1201 735 1244 Torpuit
759 1204 792 1232 et
814 1211 925 1242 regem
948 1201 1124 1243 spoliatum
1148 1201 1251 1232 milite
1275 1201 1388 1243 liquid,

521 1266 559 1284 215
596 1253 656 1284 Ille
681 1253 810 1295 quidem
834 1252 968 1284 alterius
992 1253 1133 1295 dampno
1158 1253 1328 1285 confectus
1353 1254 1460 1285 ocelli.

598 1305 765 1347 Propellat
787 1304 917 1339 Poenos
941 1307 977 1336 ut
1001 1305 1058 1336 nix
1081 1305 1203 1347 Alpina
1226 1308 1367 1347 tepores,

598 1357 718 1396 Sensit,
742 1356 856 1388 Maura
879 1356 995 1388 ducem
1019 1357 1156 1389 veheret
1179 1367 1252 1388 eum
1276 1357 1375 1389 belua
1399 1358 1534 1390 luscum.

598 1409 661 1440 llic
686 1412 800 1440 nactus
823 1409 976 1441 meritum
1002 1409 1133 1452 praesul
1157 1408 1343 1441 Germanus
1367 1410 1522 1442 honorem

598 1462 747 1493 Obtinuit
770 1462 848 1493 clari
871 1473 1111 1505 monumenque
1135 1462 1299 1505 decusque
1323 1463 1488 1506 triumphi.

520 1527 559 1545 ‘220
638 1514 709 1546 Iam
733 1514 782 1545 sol
806 1513 939 1546 Oceano
962 1515 1079 1546 rubros
1103 1515 1274 1557 tinguebat
1296 1515 1447 1547 amictus:
1626 1523 1656 1548 Ut
1684 1523 1803 1548 claudum
1835 1524 1882 1549 lm-

598 1566 751 1598 Artifices
776 1567 884 1608 operis
908 1570 1037 1610 sumpta
1059 1567 1211 1599 mercede
1235 1566 1339 1598 diurni
1638 1567 1714 1591 meria
1730 1567 1863 1592 elevaverit.

598 1618 666 1650 Sub
689 1621 817 1650 noctem
841 1618 990 1661 proprias
1013 1619 1136 1660 pariter
1160 1618 1345 1651 referuntur
1369 1619 1401 1650 in
1426 1619 1536 1651 aedes.

598 1670 659 1702 His
682 1674 777 1713 pater
800 1670 920 1702 obnixo
946 1671 1036 1713 rupis
1061 1681 1121 1713 per
1143 1670 1238 1702 devia
1262 1681 1380 1713 gressu

597 1722 758 1754 Collatum
782 1723 939 1765 carpebat
962 1723 1024 1754 iter
1047 1723 1223 1766 miserique
1248 1724 1399 1766 malignis

520 1787 558 1806 225
596 1774 754 1806 Fascibus
778 1775 926 1817 oppressi
950 1775 1075 1816 gemitu
1098 1778 1253 1807 montana
1277 1775 1443 1808 subibant.

596 1826 719 1858 Obvius
744 1826 879 1858 extabat
902 1826 1031 1858 devexa
1054 1837 1112 1869 per
1136 1827 1238 1859 ardua
1261 1830 1390 1860 torrens

597 1878 767 1910 Inmanem
791 1878 915 1910 rabiem
938 1878 1080 1911 violento
1105 1879 1228 1911 vertice
1252 1882 1407 1922 torquens

597 1930 739 1962 Molibus
762 1930 950 1968 undisonis:
974 1931 1038 1963 hoc
1063 1931 1279 1963 tardabantur
1302 1935 1430 1966 euntes.

597 1983 690 2019 Quod
715 1993 779 2015 non
803 1982 867 2014 fida
889 1986 1020 2015 tumens
1045 1987 1178 2026 caperet
1201 1984 1341 2026 vestigia
1363 1994 1495 2026 gurges,

520 2048 558 2067 ²30
596 2034 771 2067 Confectus
796 2035 894 2074 senio,
919 2035 1088 2067 confectus
1112 2035 1254 2078 denique
1279 2035 1393 2067 morbo

596 2087 688 2118 Unus
712 2090 795 2118 erat:
822 2087 922 2119 moles
945 2087 1101 2119 miserum
1125 2087 1294 2130 duplicata
1316 2088 1486 2130 premebat

594 2139 725 2181 Vixque
748 2139 857 2171 ferens
881 2139 1036 2171 tremulos
1060 2139 1183 2182 plantis
1207 2139 1424 2171 titubantibus
1448 2143 1539 2172 artus

595 2192 723 2223 Anxius
746 2191 899 2233 imposito
923 2191 1038 2223 durum
1062 2191 1122 2223 sub
1146 2191 1236 2223 fasce
1264 2191 1429 2234 gemebat.

595 2244 744 2276 Antistes
769 2244 865 2275 solito
889 2244 1046 2276 miserans
1071 2243 1291 2287 claudumque
1317 2254 1493 2286 senemque

520 2310 558 2330 235
596 2296 729 2328 Attollit
753 2296 901 2338 proprias
925 2296 1034 2328 miseri
1058 2299 1229 2338 gestamen
1253 2296 1285 2327 in
1308 2296 1401 2328 ulnas

332 2411 438 2436 Scholia
466 2425 499 2428 -
525 2409 577 2436 214
603 2408 724 2443 Torpuit]
752 2409 884 2442 pigritavit
946 2407 1041 2442 regem]
1070 2418 1097 2435 se
1124 2410 1207 2442 ipsum
1268 2408 1417 2442 spoliatum]
1445 2409 1596 2435 destitutum
1710 2409 1760 2435 217
1789 2409 1875 2443 belua]

229 2453 357 2486 elephans.
379 2468 410 2472 —
430 2454 550 2485 Hectasis
568 2453 657 2484 (voluit
674 2450 792 2484 ἔκτασις)
811 2455 849 2477 est
953 2451 1006 2477 218
1023 2451 1125 2485 nactus]
1144 2452 1253 2486 adeptus

330 2539 381 2565 200
399 2541 538 2566 laetissima
556 2538 691 2572 Boschz‘us]
710 2539 848 2565 lectissima
875 2539 899 2564 P
915 2544 938 2564 et
956 2539 1130 2567 Peescliaerus
1233 2537 1285 2564 208
1303 2539 1403 2564 Gallias
1422 2547 1488 2564 corr.
1507 2538 1533 2563 P

329 2625 377 2651 201
400 2625 467 2651 Aen.
488 2625 548 2651 VII
557 2625 607 2651 4⁴36
626 2624 684 2651 Nec
703 2624 759 2650 iam
777 2632 806 2651 se
825 2623 904 2658 capit
926 2624 1009 2651 unda.
1082 2624 1134 2652 207
1157 2624 1203 2650 Ge.
1223 2623 1334 2650 111474
1353 2623 1441 2650 aerias
1460 2622 1557 2657 Alpes;
1575 2624 1724 2650 comulerat
1742 2624 1881 2652 Bnedoeler

231 2676 339 2703 Petrmi.
355 2677 404 2703 122
417 2685 439 2703 r.
451 2678 499 2704 144
513 2678 591 2711 (pay.
607 2677 663 2709 162,
680 2677 721 2711 13)
735 2676 854 2711 Alpibus
872 2677 962 2704 aeriis.
1054 2677 1106 2704 212
1126 2675 1181 2709 Gfr.
1195 2676 1288 2702 Iuven.
1302 2676 1343 2707 10,
1354 2675 1404 2702 153
1416 2674 1531 2702 Diducit
1543 2675 1583 2709 (P
1593 2675 1703 2702 diduxit
1715 2676 1739 2710 ς)
1753 2677 1880 2711 scopulos

228 2729 256 2753 et
274 2730 396 2754 montem
415 2728 520 2762 rumpit
540 2728 575 2761 (P
593 2728 670 2762 rupit
683 2729 705 2762 ς)
725 2730 818 2760 acet0;
837 2729 887 2761 cfiz
907 2731 990 2755 totum
1009 2729 1101 2761 locum,
1124 2735 1198 2762 quem
1218 2727 1345 2754 indicavit
1359 2726 1443 2760 Diebl,
1462 2735 1522 2753 cum
1539 2727 1652 2754 scholiis.
1739 2728 1789 2755 217
1809 2728 1879 2756 lbid.

228 2787 291 2805 rer-s.
317 2780 364 2806 157
389 2780 456 2806 (jum
479 2780 599 2806 Gaetula
624 2780 721 2806 ducem
744 2781 870 2814 portaret
894 2780 977 2807 belua
1002 2780 1116 2807 luseum.
1226 2779 1275 2806 221
1306 2778 1402 2805 Horat.
1427 2778 1453 2805 S.
1474 2779 1546 2811 117,
1568 2779 1598 2806 1'1
1623 2779 1747 2806 mercede
1771 2779 1880 2808 diurna.

227 2832 278 2857 2⁶29
297 2831 436 2858 Buecheler
454 2832 552 2864 constr!
573 2832 683 2858 Pero-on.
698 2832 746 2858 123
764 2840 786 2858 r.
802 2834 851 2861 193
870 2833 1019 2867 (paq.165‚
1032 2832 1060 2866 8)
1081 2831 1152 2859 Tum
1171 2841 1236 2859 vero
1257 2830 1330 2858 male
1350 2830 1404 2857 fida
1423 2831 1498 2866 prius
1518 2830 1638 2865 vestigia
1656 2830 1731 2858 lusit.

2054 2859 2060 2867 2,
2039 2761 2060 2842 ..aalma
