2060 3074
418 263 456 283 20⁵

420 523 460 542 210

422 783 461 803 215

423 1058 463 1078 22⁰

425 1317 464 1338 2²⁵

427 1836 466 1855 2³5

430 2094 469 2114 240

429 2371 468 2391 245

436 2629 476 2650 25⁰

709 165 798 193 VITA
817 166 844 193 S.
857 165 1011 194 AMANDI.
1040 166 1151 193 LIBER
1168 166 1215 194 IV.

501 252 671 284 Occultum
693 252 792 293 fibris,
815 253 860 284 nil
883 255 1004 285 tectum
1026 253 1166 296 pectoris
1188 254 1299 293 antris,

502 304 645 337 Auribus
666 305 700 336 in
722 305 812 336 cuius
834 305 880 336 sic
901 315 993 337 mens
1015 308 1051 337 ut
1073 305 1184 347 lingua
1205 305 1358 337 sonabat:

502 356 576 388 Non
599 359 709 388 tamen
730 356 854 388 iniustis
876 357 1035 388 scelerum
1057 357 1213 389 latoribus
1235 357 1306 399 ipse

503 407 637 439 Obstitit
661 411 717 439 aut
738 409 845 440 saevis
867 409 1058 440 monstravit
1080 411 1174 451 terga
1195 409 1356 440 ministris.

501 459 607 491 Tanta
627 470 689 491 nec
709 460 846 491 invictos
867 460 992 492 animos
1016 460 1153 492 formido
1176 470 1348 502 pererrans

501 511 644 554 Dispulit
667 515 723 543 aut
745 511 895 543 stabilem
917 512 1010 554 liquit
1031 512 1210 544 constantia
1232 515 1388 553 mentem,

502 563 647 606 Martyrii
668 563 787 605 iugiter
809 564 959 605 quoniam
983 564 1131 595 fervebat
1154 574 1275 596 amore.

501 614 545 646 Et
567 625 752 657 quanquam
776 614 902 647 dederit
924 626 988 647 non
1010 616 1165 658 temporis
1188 616 1277 657 optio
1298 619 1418 656 votum,

503 666 654 709 Martyris
677 667 812 698 emerito
835 677 900 699 non
922 670 973 699 est
995 667 1162 699 fraudatus
1184 667 1316 699 honore.

503 718 589 750 Hinc
611 718 721 760 superi
742 718 846 760 magis
871 721 921 750 est
942 718 1106 750 laudanda
1127 719 1273 761 potentia
1296 718 1424 758 Christi,

505 769 600 806 Quod
623 769 715 802 dedit
738 770 811 802 huic
834 771 977 813 palmam
999 771 1100 812 gratis
1123 771 1191 802 sine
1214 771 1347 802 vulnere
1370 771 1490 802 mortis.

546 838 604 870 VI.
626 838 761 881 Iamque
784 839 991 881 supercilium
1014 839 1131 871 montis
1153 839 1207 882 pia
1230 839 1359 871 victima
1382 839 1483 871 adivit

504 891 745 933 Percussorque
769 891 865 931 ferus,
890 901 951 923 ceu
974 890 1136 933 quondam
1160 893 1289 922 sanctus
1312 891 1415 922 Isaac.

506 942 614 984 thue
638 943 781 984 maligna
803 953 927 982 manus,
950 943 1084 974 nimium
1107 942 1245 974 crudelis
1268 942 1376 974 Iesum

507 994 644 1031 Quando
667 994 776 1026 furore
799 995 908 1026 calens
931 993 974 1025 ad
997 994 1114 1026 montis
1138 994 1277 1025 culmina
1299 999 1427 1025 nostrae

505 1045 682 1078 Auctorem
704 1045 792 1078 vitae
814 1045 972 1088 pertraxit
994 1045 1283 1087 praecipitandum,

507 1097 542 1130 Si
564 1100 640 1129 tunc
662 1107 758 1140 posse
780 1097 870 1129 velut
891 1097 1098 1129 furibundum
1121 1097 1205 1128 velle
1228 1097 1411 1128 habuisset:

506 1149 605 1181 Haud
628 1159 731 1189 secus,
753 1149 806 1181 hic
827 1149 929 1180 iustus
953 1159 1024 1181 cum
1047 1151 1149 1180 staret
1173 1149 1259 1180 mitis
1281 1151 1316 1180 ut
1339 1159 1441 1190 agnus

508 1201 575 1233 Sub
598 1201 707 1233 vacuis
729 1201 852 1243 pietate
875 1201 969 1244 lupis,
991 1211 1070 1232 mox
1093 1201 1228 1232 caelitus
1251 1203 1342 1232 atrae

508 1252 675 1285 Collectae
698 1253 802 1285 nubes
825 1253 935 1285 oculos
957 1253 1102 1284 clausere
1126 1253 1285 1284 malorum

507 1305 578 1337 Nec
599 1304 758 1336 Phoebea
778 1307 871 1347 patet
893 1303 991 1347 digno
1014 1304 1091 1336 satis
1113 1303 1225 1336 ordine
1248 1304 1388 1346 lampas:

506 1356 568 1388 His
590 1356 725 1388 retrahit
746 1356 839 1388 iubar
861 1359 896 1388 et
920 1355 1028 1388 radios
1051 1356 1209 1388 convertit
1230 1356 1263 1387 in
1285 1355 1427 1395 umbras,

508 1408 572 1445 Qui
595 1409 690 1440 rutilo
713 1408 853 1451 spoliare
876 1407 1008 1440 student
1029 1407 1203 1450 splendore
1226 1407 1406 1444 lucernam;

507 1460 632 1493 Lucida
655 1459 827 1503 diffugiunt
848 1460 959 1500 oculis,
981 1469 1047 1491 nox
1069 1459 1189 1501 ingruit
1211 1459 1320 1501 ampla

507 1512 765 1554 Tempestasque
787 1512 852 1543 ruit
873 1511 1049 1543 commixto
1073 1510 1229 1553 grandine
1253 1509 1393 1552 grandis.

509 1564 597 1606 Ergo
621 1564 690 1596 solo
713 1564 806 1596 strati
829 1564 956 1606 culpam
979 1563 1162 1605 iustumque
1186 1562 1328 1594 fatentur

509 1615 718 1658 Supplicium,
741 1615 869 1647 veniam
892 1615 1053 1657 rogitant;
1076 1617 1226 1646 curvatur
1247 1613 1386 1645 adorans

508 1668 547 1700 In
569 1670 688 1699 terram
709 1667 811 1699 iustus
833 1667 964 1709 pietatis
987 1676 1098 1698 amore
1122 1666 1266 1708 repletus

508 1719 558 1751 Ac
580 1718 716 1751 menbra
737 1718 918 1761 herbigeris
939 1718 1114 1761 prosternit
1136 1718 1169 1749 in
1191 1727 1316 1760 aggere
1339 1717 1444 1760 glebis

509 1771 579 1803 Nec
600 1771 689 1813 prius
711 1770 838 1802 absistit
859 1770 966 1802 studio
989 1773 1131 1812 votoque
1155 1769 1318 1812 precandi,

508 1823 623 1855 Donec
645 1822 791 1854 aetherei
813 1832 848 1854 se
872 1822 1051 1854 submisere
1074 1821 1209 1859 furores,

510 1874 701 1906 Nimborum
723 1874 922 1916 tonitrusque
947 1874 1045 1905 etiam
1069 1883 1196 1905 cessere
1220 1872 1375 1914 fragores.

509 1926 662 1969 Dumque
685 1936 802 1958 serena
823 1926 886 1958 illis
909 1936 944 1957 se
967 1925 1108 1957 reddunt
1130 1924 1245 1956 aethra
1267 1923 1430 1963 ministris,

509 1978 664 2018 Noscunt,
687 1988 783 2021 quam
807 1978 923 2010 merito
947 1978 989 2009 sit
1012 1980 1141 2009 sanctus
1163 1977 1287 2008 honore
1309 1975 1480 2007 verendus.

510 2030 561 2062 Ite
585 2029 726 2069 domum,
748 2030 847 2070 missi,
871 2030 1056 2072 factumque
1080 2029 1201 2060 referte
1224 2030 1371 2070 patrono,

513 2081 688 2114 carnifices
711 2081 793 2113 alios
814 2091 856 2114 ne
879 2084 954 2124 post
976 2091 1034 2113 vos
1057 2081 1165 2112 mittat
1187 2078 1348 2112 Amando-

553 2150 629 2184 VII.
653 2150 681 2183 O
704 2150 837 2182 nimium
861 2149 979 2182 dilecte
1003 2149 1075 2190 deo,
1099 2149 1150 2181 cui
1171 2149 1289 2180 militat
1312 2147 1436 2187 aether,

512 2202 610 2235 Cuius
632 2203 665 2234 in
689 2202 809 2234 auxilio
833 2202 982 2234 caelestis
1004 2201 1155 2234 machina
1177 2199 1330 2232 frendens

512 2254 604 2286 Bella
627 2257 731 2297 parat,
754 2254 864 2286 lumen
890 2253 1026 2286 retrahit
1047 2253 1235 2294 loetumque
1258 2251 1410 2282 minatur!

510 2306 576 2338 Pro
599 2307 685 2338 lituis
708 2306 854 2347 tonitrus,
876 2316 935 2349 pro
959 2305 1032 2337 telis
1054 2305 1170 2347 igneus
1193 2303 1306 2342 imber,

510 2358 575 2391 Pro
598 2358 718 2401 parmis
741 2367 896 2400 quassans
918 2357 1131 2389 inmurmurat
1154 2354 1272 2386 arduus
1295 2353 1375 2384 axis.

513 2409 599 2446 Quid
620 2409 735 2441 mirum
759 2412 809 2442 est
831 2409 969 2441 servisse
992 2408 1055 2440 tuis
1080 2406 1246 2439 terrestria
1268 2405 1370 2444 iussis,

513 2461 649 2499 Quando
673 2462 836 2494 elementa
858 2462 951 2494 simul
975 2461 1168 2504 quatiuntur,
1192 2459 1297 2490 fervet
1320 2457 1488 2500 Olympus,

515 2514 597 2546 Cum
621 2514 688 2554 tibi,
711 2513 777 2546 fida
799 2514 861 2546 tuis
884 2524 969 2556 spes,
993 2523 1080 2544 mors
1101 2512 1218 2543 iniusta
1240 2512 1391 2552 paratur?

514 2565 558 2598 Et
580 2575 765 2608 quanquam
788 2565 851 2597 sint
873 2575 993 2607 magna
1015 2563 1102 2602 satis,
1127 2572 1209 2605 quae
1233 2560 1373 2603 gesseris
1395 2563 1480 2600 ante,

518 2617 596 2648 Plus
618 2619 727 2648 tamen
749 2617 811 2648 ista
833 2617 946 2655 nitent,
970 2625 1054 2658 quae
1078 2613 1160 2646 caeli
1183 2623 1225 2644 ex
1247 2622 1321 2644 arce
1343 2611 1514 2653 refulgent.

515 2668 655 2700 Pulcher
676 2668 807 2711 ubique,
830 2668 906 2710 polo
930 2670 1016 2699 terra
1038 2669 1202 2709 pontoque
1228 2674 1409 2703 coruscans,

250 2805 303 2835 235
319 2807 425 2835 acherii
437 2805 496 2833 KV

1721 169 1783 200 603
