2060 3074
225 189 286 218 512

515 492 553 511 445

519 752 557 771 450

517 1011 554 1031 455

517 1273 556 1292 460

521 1532 558 1552 465

520 1794 559 1813 470

521 2054 559 2073 4¹15

519 2315 558 2335 480

883 185 1020 212 HEIRICI
1039 185 1215 212 CARMlNAJ

592 273 676 309 Quin
701 275 735 303 et
759 272 903 314 pestIferi
929 272 1086 313 subigens
1111 282 1238 304 venena
1261 272 1412 303 draconis

590 325 738 356 Conterit
761 324 815 356 ille
840 327 938 366 caput
961 324 1142 366 cristasque
1168 327 1201 356 ct
1225 324 1322 355 sibila
1347 324 1431 355 colla

590 375 765 417 Deprimit:
790 375 845 407 illc
869 376 955 407 iacet
979 386 1042 406 non
1066 386 1166 407 ausus
1190 376 1306 407 tollere
1332 379 1454 407 contra.

634 427 764 459 Interea
788 427 936 459 Christus
960 427 1082 470 triplici·
1102 430 1199 470 caput
1222 428 1292 470 ipse
1318 438 1438 459 corona

593 479 712 521 Cingit.
758 479 851 515 Quae
876 480 983 521 prima
1008 483 1068 519 est,
1093 482 1143 511 ter
1166 479 1250 511 deno
1274 479 1398 522 iaspide
1423 483 1551 515 vernat;

591 531 745 562 Proxima
768 541 851 573 quae
875 531 989 572 surgit,
1013 534 1076 562 stat
1101 531 1211 563 sexies
1235 534 1309 563 acta
1332 531 1541 573 decemplex3

591 583 701 614 Tertia
725 586 860 614 centeno
884 583 995 614 rutilat
1018 583 1238 625 pulcherrima
1261 594 1367 615 versu.

592 636 619 666 O
643 634 754 674 decus,
779 645 797 666 o
821 635 930 677 magni
953 635 1152 677 praenobilis
1177 635 1282 667 incola
1307 635 1401 675 caeli,

592 687 688 718 Orbis
712 686 862 726 deliciae,
887 687 1028 729 praesul⁷
1053 698 1112 729 per
1134 688 1265 719 saecula
1289 687 1391 719 salve.

594 739 724 782 Terque
748 741 927 781 quaterque
951 739 1041 771 iuvat
1066 739 1117 770 vel
1142 739 1249 771 milies
1275 739 1397 771 addere
1422 737 1534 770 ‘salve'

592 790 635 822 Et
658 789 768 822 ‘salve’
794 794 827 822 et
851 789 982 822 ‘valeas'
1008 794 1040 822 et
1065 790 1182 823 ‘aveto'
1207 794 1240 822 et
1263 794 1409 829 ⁴summc,
1434 789 1562 822 valeto.'

636 842 731 879 Quod
756 846 917 885 superest,
940 842 1050 875 valida
1074 843 1158 875 inter
1182 846 1292 885 partes
1317 843 1374 875 lite
1398 846 1510 875 coorta

594 895 758 927 l'raesulis
781 894 930 926 induvias
956 895 1103 926 certatim
1128 896 1264 938 quisque
1289 898 1480 938 reposcunt:

592 947 654 979 His
678 947 814 986 inhiant,
837 946 897 978 has
922 947 1060 989 quisque
1084 947 1146 979 sibi
1171 948 1317 990 rapuisse
1341 947 1501 979 laborant.

592 999 710 1031 Aerior
733 1010 775 1031 ex
799 999 915 1041 opibus
939 1009 1098 1041 nusquam
1122 999 1285 1031 eontentio
1310 999 1443 1030 summis

594 1051 777 1084 Emersisse
802 1051 895 1083 solet.
941 1050 1071 1083 Modica
1095 1051 1258 1083 ditescere
1281 1050 1404 1093 praeda

594 1103 654 1135 Est
677 1106 788 1135 votum
811 1103 947 1142 eunctis,
971 1105 1113 1145 nequeat
1136 1113 1209 1134 cum
1233 1102 1351 1135 cedere
1375 1103 1511 1134 cunctis.

594 1155 757 1187 Promitur
779 1155 812 1186 in
836 1154 994 1191 medium;
1018 1158 1144 1197 partem
1169 1154 1227 1187 sed
1251 1155 1394 1187 vindicat
1418 1155 1504 1194 aula,

595 1207 725 1239 Partem
750 1207 918 1250 pontifices
942 1207 1062 1239 collata
1085 1210 1173 1239 sorte
1197 1210 1385 1250 capessunt.

594 1260 787 1291 Sanctorum
810 1259 957 1301 gerulam
980 1259 1053 1291 divo
1077 1270 1135 1302 pro
1158 1270 1294 1292 munere
1319 1270 1452 1302 capsam

594 1311 773 1354 Impatiens
797 1311 911 1353 regina
935 1311 1038 1354 capit3
1061 1322 1138 1343 mox
1162 1312 1306 1354 pignoris
1330 1312 1406 1343 almi

595 1363 712 1395 Petrus
737 1367 812 1395 ovat
835 1363 949 1406 spolio,
973 1364 1105 1406 praesul
1129 1364 1356 1395 sanctissimus
1379 1363 1481 1401 urbis,

596 1415 812 1458 Ciliciamque
836 1415 930 1458 rapit,
955 1426 1079 1447 sacram
1104 1415 1188 1458 rapit
1210 1416 1281 1458 ipse
1306 1415 1477 1448 cucullam.

596 1468 716 1500 Cetera
739 1468 908 1510 pontifices
933 1471 1060 1499 certant
1083 1467 1285 1510 disrumpere
1309 1467 1394 1499 seni:

596 1520 705 1562 Atque
728 1531 813 1551 unus
838 1520 980 1562 cinglum
1003 1519 1237 1562 praevindicat,
1263 1520 1348 1551 alter
1371 1519 1536 1558 amictum,

596 1572 743 1614 Cumque
767 1571 831 1604 duo
855 1572 1008 1611 tunicam,
1034 1572 1184 1613 sagulum
1207 1571 1272 1603 duo
1297 1571 1469 1614 diripuere.

595 1624 698 1663 Haec,
722 1628 825 1666 pater,
849 1623 1014 1656 Ausonias
1038 1624 1156 1666 linquis
1180 1627 1392 1656 monumenta
1416 1635 1474 1666 per
1497 1635 1571 1655 oras

597 1677 747 1709 Caesaris
772 1676 879 1708 edicto
903 1678 1014 1707 notam
1038 1676 1227 1708 referendus
1250 1676 1291 1708 ad
1314 1676 1445 1713 urbem;

596 1729 666 1768 His,
690 1728 857 1768 Ravenna,
882 1728 940 1760 tibi
964 1729 1097 1760 meritos
1121 1727 1276 1770 dependit
1298 1728 1451 1760 honores.

638 1780 777 1812 Funeris
800 1780 967 1823 impensas
991 1780 1107 1812 animis
1131 1780 1357 1812 communibus
1378 1783 1507 1822 urgent,

596 1833 692 1870 Quod
714 1843 779 1864 non
803 1843 904 1875 parva
928 1833 994 1864 viro
1019 1832 1159 1864 debetur
1181 1832 1287 1874 gloria
1307 1834 1408 1865 tanto.

597 1885 752 1917 Accolius
776 1884 880 1916 solido
905 1884 1057 1927 pollinxit
1081 1887 1227 1916 aromate
1253 1895 1381 1927 corpus,

573 1937 755 1969 -Vestibus
779 1940 812 1968 et
834 1936 922 1968 molli
945 1937 1058 1978 regina
1082 1935 1228 1968 Placidia
1252 1936 1356 1968 fulcro

598 1989 725 2021 Extulit
748 1992 780 2021 et
804 1991 932 2021 sanctos
956 1989 1040 2021 texit
1062 1988 1255 2031 propensius
1280 1991 1379 2020 artus.

595 2041 681 2073 Hinc
705 2041 766 2073 iter
789 2044 822 2072 et
846 2041 992 2079 comites,
1016 2051 1179 2083 expensas
1203 2043 1302 2082 atque
1328 2040 1456 2072 vehicla

597 2093 836 2136 Suppetiasque
859 2093 932 2125 viae
956 2103 1014 2125 seu
1038 2092 1208 2124 commoda
1231 2095 1349 2125 cuneta
1373 2092 1503 2124 meandi

596 2146 732 2177 Instruit
754 2145 925 2188 Augustus
949 2146 1116 2188 lectosque
1139 2145 1202 2177 hae
1226 2148 1313 2176 sorte
1339 2145 1505 2176 ministros

596 2198 811 2240 Prosequitur
833 2198 932 2239 largis
955 2197 1057 2240 regali
1082 2197 1224 2229 eulmine
1248 2196 1354 2230 donis.

597 2250 773 2282 Pontifices
797 2260 835 2282 ea
858 2260 936 2282 cura
958 2260 1060 2292 penes
1084 2259 1181 2292 quam
1205 2249 1347 2281 maxime
1370 2249 1492 2280 fervet:

596 2303 638 2334 Et
660 2313 818 2345 praesens
842 2306 967 2334 struere
990 2301 1183 2344 obsequium
1206 2304 1240 2334 et
1263 2301 1402 2343 vigilare
1426 2300 1545 2332 futuro.

597 2356 691 2396 Tum,
715 2355 866 2398 quicquid
890 2354 997 2397 poscit
1020 2354 1225 2397 praestantia
1247 2353 1437 2395 relligionis,

597 2407 737 2439 Funeris
761 2406 964 2438 omnimodos
987 2405 1073 2437 unde
1097 2404 1182 2437 unde
1207 2407 1361 2448 aptantur
1382 2404 1414 2436 in
1437 2415 1532 2441 usus;

598 2459 738 2501 Agmine
760 2459 938 2502 praecipue
962 2458 1009 2490 sic
1030 2452 1256 2490 informantur.
1303 2456 1355 2488 Ad
1379 2467 1464 2496 oras,

597 2511 715 2550 Gallia,
738 2510 857 2553 plaude
881 2513 954 2542 tuas
978 2509 1125 2542 antistite
1148 2509 1238 2541 laeta
1261 2511 1405 2551 recepto.

1622 436 1652 462 Ul
1681 446 1698 461 a
1722 436 1821 461 Christo
1844 437 1877 460 sit

1635 479 1769 512 tripliciter
1787 488 1857 504 coru-

1705 526 1788 548 namu.

1623 845 1654 870 Ut
1684 845 1799 870 certatim
1834 844 1876 869 dc-

1613 889 1701 921 ιῙίιτιοιί
1719 888 1822 913 exuviae
1839 886 1877 912 di·

1679 931 1812 963 ripum-int.

340 2666 446 2692 Scholia
468 2681 497 2684 —
518 2666 569 2693 453
588 2668 719 2701 induvias]
738 2670 891 2694 vestimenta
995 2666 1044 2693 471
1064 2666 1147 2700 Quod]
1167 2675 1197 2692 eo
1216 2667 1284 2698 quod

338 2751 389 2778 448
407 2753 429 2778 Ο
441 2754 531 2788 decus]
551 2757 572 2780 0
591 2755 680 2781 doetus
699 2764 766 2780 corr.
780 2756 804 2780 P
839 2755 975 2788 pernobilis
988 2753 1081 2779 Boech.
1152 2753 1188 2778 ad
1205 2751 1258 2778 470
1275 2753 1372 2777 funeris
1384 2753 1439 2778 eius
1453 2751 1546 2778 Rueck.

338 2839 389 2866 445
398 2847 452 2873 sqq.
473 2839 529 2872 Gs'r.
550 2840 647 2867 Matth.
670 2841 708 2872 13,
723 2840 747 2867 8.
852 2841 904 2868 456
923 2839 1057 2867 ditescere
1075 2838 1181 2874 praeda
1200 2838 1282 2864 Lucr.
1302 2837 1411 2865 V1248.

1616 2750 1668 2777 480
1685 2754 1771 2776 stusre
1783 2758 1850 2775 corr.
1863 2747 1896 2792 P·
