2040 2996
409 196 433 214 95

399 457 435 476 Ιω

396 715 432 734 105

397 975 434 994 110

394 1235 430 1254 11⁵

390 1492 428 1511 120

390 1750 427 1768 12⁵

389 2008 428 2028 130

389 2267 427 2287 1³5

115 2695 189 2724 laud.
211 2697 273 2731 vin-9.
292 2697 352 2724 494.

115 2755 163 2775 ore
180 2755 231 2776 suo
249 2755 306 2776 non
323 2748 394 2776 falsa
411 2748 521 2785 premit„

680 101 730 128 AD
748 101 995 128 HARTGARIUM
1013 100 1225 128 EPISOOPUM.

486 188 647 220 Omnibus
670 188 769 230 inque
794 188 873 219 locis
895 187 1067 219 Lantberti
1090 188 1208 219 nobilis
1232 188 1328 220 heres

537 239 699 272 Caelestis
722 239 814 271 verbi
836 249 931 270 sacra
953 239 1077 271 fluenta
1100 240 1193 270 serit:

490 292 681 334 Oognovere
704 291 810 323 virum
833 291 947 333 populi
971 291 1125 333 civesque
1149 292 1293 332 beatum,

536 343 662 375 Olaruit
685 343 843 385 angelicis
867 343 1011 374 vultibus
1034 343 1105 385 ipse
1130 343 1208 383 suis,

488 397 649 429 Exultant
672 396 790 435 cuncti,
813 396 956 427 laetatur
978 396 1122 433 maxima
1145 396 1265 427 Roma:

539 449 657 480 “Pacis
681 447 795 480 adest'’
820 448 963 479 clamant
986 448 1146 489 “angelus
1169 451 1266 490 atque
1291 447 1410 480 sator.⁷'

489 500 663 533 Gressibus
686 500 762 532 hinc
785 499 923 543 placidis
947 500 1088 531 Simonis
1112 499 1218 531 tendit
1241 500 1272 531 in
1296 500 1413 539 aulam,

534 552 714 594 Angelicos
737 552 822 584 inter
845 552 914 594 quit
938 551 1071 583 rutilare
1095 551 1220 583 choros.

489 604 694 646 “Expectate
717 602 840 643 venis,”
865 606 934 635 tum
958 603 1089 645 Oephas
1112 613 1229 635 aureus
1253 603 1324 635 infit

533 655 644 688 “Almi
666 654 839 687 Lantberti
862 655 1005 686 maxima
1029 665 1107 686 cura
1129 655 1186 694 tui,

491 707 742 749 Caelicolaeque
766 709 896 739 sonant:
921 707 1043 738 “‘salve
1068 717 1145 748 spes
1169 717 1269 738 aurea
1291 707 1383 745 caeli,

536 759 695 791 Concives
718 761 832 791 noster
853 762 889 790 tu
912 759 989 800 quia
1011 768 1142 800 semper
1165 757 1294 790 eris'”.’'

487 811 579 843 Tunc
601 821 679 843 mox
701 810 838 843 secretis
863 809 994 852 Cephas
1018 813 1194 851 nosterque
1217 810 1358 852 loquelis

532 862 694 905 Angelica
715 862 828 904 lingua
849 861 987 904 mystica
1009 861 1111 893 verba
1134 865 1257 894 serunt.

487 915 516 948 Ο
538 915 662 946 utinam
686 914 770 946 tal'es
792 913 975 956 potuissem
997 923 1133 945 noscere
1156 923 1266 953 voces,

537 967 630 1004 Quae
655 968 811 1009 superant
832 965 945 997 Musas
969 965 1215 1007 armonicosque
1238 967 1345 998 tonos.

484 1019 647 1052 Imbribus
671 1022 706 1051 at
727 1021 839 1051 noster
860 1018 993 1061 praesul
1016 1018 1101 1060 rigat
1124 1028 1182 1049 ora
1205 1028 1384 1060 genasque,

532 1071 716 1104 Gaudifluis
738 1070 880 1103 lacrimis
904 1070 1051 1113 pascitur
1072 1069 1145 1112 ipse
1169 1070 1248 1109 suis,

486 1123 631 1156 Fuderat
654 1126 757 1166 atque,
775 1133 893 1166 preces
916 1133 998 1165 puro
1021 1121 1062 1154 de
1085 1121 1182 1154 corde
1205 1125 1343 1162 creatas,

531 1175 714 1208 Mul-murat
736 1178 770 1207 et
792 1175 916 1217 gemitu
939 1184 1035 1206 sacra
1058 1174 1210 1206 columba
1232 1174 1295 1217 pio,

482 1227 667 1270 Augustum
690 1237 845 1270 magnum
869 1237 982 1269 regem
1006 1236 1185 1268 regumque
1209 1230 1362 1268 precatur

532 1278 639 1311 Orans
661 1288 722 1321 pro
744 1278 878 1321 populo,
902 1277 1045 1310 Caesare
1068 1287 1193 1320 proque
1217 1287 1286 1309 suo.

485 1329 639 1372 claviger
661 1329 811 1362 astrisoni
834 1331 912 1362 tuno
936 1329 1040 1371 inquit
1062 1328 1182 1361 Petrus
1206 1328 1326 1371 Olimpi

531 1381 759 1414 “Altithronus
782 1384 910 1414 vestras
933 1381 1024 1413 audit
1046 1381 1079 1413 in
1102 1383 1190 1413 astra
1213 1391 1339 1424 preces.

483 1433 661 1466 Terrestris
684 1433 809 1466 Caesar
829 1443 888 1465 vos
911 1432 1028 1475 diligit,
1053 1436 1104 1464 ast
1127 1443 1223 1474 mage
1247 1443 1390 1465 summus

532 1485 724 1528 Regnorum
747 1488 856 1518 rector
877 1488 991 1528 pastor
1014 1485 1110 1517 Iesus
1134 1487 1230 1516 amat.

481 1536 578 1569 Hanc
601 1537 700 1579 igitur
723 1539 827 1569 totam
849 1537 984 1569 maturis
1006 1536 1176 1576 imbribus,
1199 1535 1315 1569 urbem

528 1587 635 1621 Irrora
658 1588 748 1631 pacis
772 1587 912 1621 candida
934 1588 1021 1620 dona
1043 1597 1168 1621 serens.

482 1640 498 1672 1
522 1640 623 1673 decus
646 1640 808 1681 Italicum,
831 1639 956 1672 Romae
980 1639 1200 1683 splendorque
1225 1643 1368 1680 senatus,

531 1691 698 1725 Gonserva
721 1692 884 1736 proprias,
907 1691 1019 1724 floride
1043 1692 1186 1735 praesul,
1210 1691 1320 1724 oves.”

484 1743 579 1776 Haec
603 1744 733 1787 Cephas
757 1744 869 1777 dicens
892 1743 1007 1776 libavit
1029 1747 1063 1776 et
1086 1744 1199 1776 oscula
1221 1744 1324 1775 nostri

530 1795 661 1839 Orequs
684 1797 826 1840 pastoris
848 1800 962 1839 pastor
984 1800 1018 1829 et
1040 1807 1097 1828 ora
1119 1796 1248 1839 premit.
1272 1815 1313 1818 —

482 1847 573 1880 Urbe
598 1848 814 1891 remigramus
837 1849 1010 1881 transactis
1034 1848 1148 1880 ordine
1173 1848 1280 1887 rebus,

528 1899 598 1932 Ver
619 1900 740 1943 pictum
764 1900 850 1933 ridet
872 1901 1016 1943 floreque
1039 1911 1215 1943 purpureo.

482 1950 650 1984 Candidus
673 1951 749 1984 hinc
771 1951 870 1984 Aries
894 1955 1059 1995 pastorem
1081 1954 1220 1984 vexerat
1242 1952 1363 1983 almum

532 2002 694 2036 Cornibus
717 2004 839 2036 auratis
863 2004 951 2047 picta
973 2015 1031 2047 per
1055 2014 1133 2036 arva
1155 2004 1280 2036 volans.

480 2054 544 2086 Ast
567 2066 628 2098 ego
647 2055 869 2088 ,maestificnm
893 2060 926 2088 te
950 2066 1090 2088 noscens
1114 2066 1189 2088 esse
1214 2055 1384 2088 Maronem

527 2105 666 2149 Aligero
690 2117 787 2139 cursu
810 2107 917 2139 visere
941 2110 974 2139 te
997 2107 1096 2140 volui.

481 2157 536 2190 Me
558 2169 635 2191 nam
658 2158 839 2202 Calliopem
862 2170 922 2202 per
945 2159 1050 2192 nubes
1075 2159 1168 2191 duxit
1189 2169 1327 2201 aquosas

528 2209 675 2252 Pegasus
698 2211 931 2254 hymnipotens
954 2211 1227 2253 Musigenumque
1251 2211 1377 2243 chorus.

481 2261 692 2305 Quaesoque‚‘
713 2273 849 2306 rugosos
872 2262 1166 2306 frontisvdeponite
1189 2263 1308 2302 sulcos,

529 2313 611 2346 Cum
635 2314 750 2347 redeat
771 2318 882 2347 vester
905 2315 1038 2358 praesul
1062 2317 1095 2347 et
1118 2314 1246 2356 amplus
1270 2324 1373 2346 amor.
1397 2333 1439 2337 —

480 2364 539 2397 Bis
562 2365 701 2398 Romam
723 2366 838 2406 tendit,
861 2366 912 2399 bis
935 2377 992 2398 nos
1016 2366 1088 2409 pius
1111 2365 1164 2397 ille
1189 2365 1309 2404 revisit,

527 2416 590 2449 Est
612 2418 688 2460 quia
709 2421 899 2461 tetragonos
923 2417 1049 2450 vividus
1073 2417 1127 2449 ille
1149 2417 1242 2459 lapis.

219 2531 254 2557 95
271 2531 380 2557 huberti
395 2532 417 2557 0
431 2540 499 2557 corr.
517 2531 664 2558 Bahman
745 2532 795 2559 102
812 2532 873 2566 *qui
887 2533 910 2559 0
986 2532 1035 2558 133
1054 2533 1200 2567 pernubens
1215 2533 1237 2558 Ο
1245 2533 1336 2558 tacitus
1348 2542 1415 2558 corr.
1431 2533 1523 2558 Graue

116 2577 207 2607 potans
220 2574 243 2600 0
327 2573 378 2600 138
395 2578 542 2608 mtegram·
555 2575 578 2601 0
591 2584 659 2601 corr.
681 2576 773 2602 Graue

221 2646 271 2672 103
288 2645 357 2672 Aen.
370 2645 410 2679 11,
428 2646 480 2672 283
498 2645 651 2680 Expectata
669 2647 768 2674 venis?
826 2647 935 2682 Cephas
947 2647 963 2674 i.
977 2655 996 2674 e.
1011 2647 1114 2680 Parus,
1128 2655 1209 2680 papa.

444 2697 495 2724 123
512 2697 580 2724 Aen.
599 2698 649 2731 VI,
668 2699 720 2726 546
738 2699 751 2726 I
769 2699 865 2731 decus,
889 2699 911 2730 i,
936 2700 1070 2726 nostrum.

1713 105 1774 135 175

1603 2531 1653 2558 134
1664 2530 1764 2557 *hinni-

1298 2647 1348 2673 122
1360 2646 1480 2673 candida
1497 2646 1571 2674 dona
1582 2655 1625 2681 αφ,
1639 2646 1763 2674 Δῖιῧιάηι.

1159 2699 1208 2725 126
1226 2698 1292 2725 Met.
1310 2697 1352 2732 X,
1371 2698 1421 2725 291
1440 2707 1477 2732 sq.
1502 2707 1605 2732 oraque
1624 2698 1737 2726 tandem
1758 2698 1762 2732 Ι

614 2750 664 2778 129
681 2757 718 2785 sq.
733 2749 781 2776 Ge.
794 2749 818 2785 1,
830 2749 881 2777 217
899 2749 1040 2778 Candidus
1058 2749 1164 2777 sumtis
1182 2749 1274 2785 aperit
1291 2757 1353 2777 cum
1372 2749 1501 2777 cornibus
1519 2758 1624 2777 annum
1639 2749 1644 2784 Ι
1659 2750 1763 2777 taurus.
