2138 3106
13 2758 15 2763 Δ
4 2736 11 2740 ¹
0 2038 30 2729 ’'kffssfflwss‘ffffl

632 189 682 216 AD
700 188 917 216 ANSEGISUM.
953 190 1070 216 MICON
1089 190 1135 217 DE
1153 191 1388 218 FORTUNATO.
1773 194 1834 225 335

594 275 704 313 Plura,
727 277 831 316 pater,
855 276 947 307 vobis
971 286 1123 317 cuperem
1148 275 1336 319 depingere,
1360 282 1473 310 noster

548 326 592 358 Ni
615 326 759 358 calamus
782 326 943 369 languens
967 331 1001 359 et
1024 327 1124 359 tristis
1148 328 1243 360 valde
1267 332 1421 369 vetasset,

550 377 728 420 Usquequo
750 388 816 409 vox
838 379 912 410 viva
935 379 1065 419 referat,
1089 380 1175 422 quod
1198 381 1314 422 palliat
1336 381 1416 423 ipse.

550 430 681 461 Parcite
703 430 865 472 tantisper
887 431 1002 462 veniae
1027 431 1217 474 calamoque
1243 433 1389 472 subacto,

486 489 511 508 ³⁵
547 482 611 518 Qui
635 481 794 513 tremulus
817 482 921 514 voluit
943 482 1131 524 contingere
1154 486 1248 525 prata
1272 484 1457 527 sophorum,

549 532 714 564 Exercere
738 532 817 564 inibi
840 532 1007 564 discursus
1031 543 1121 565 more
1146 535 1321 576 strepentis

546 584 620 616 Hac
643 584 719 616 illac
741 584 887 616 salientis
912 585 987 627 equi
1010 584 1152 627 lorisque
1176 586 1290 617 solutis

548 636 592 668 Et
614 636 684 668 sine
708 647 838 668 sessore
862 636 992 679 proprio
1015 636 1111 668 dorso
1136 637 1302 669 residenti.

549 687 689 720 Oai-cere
712 691 888 730 propterea
910 698 997 720 nunc
1022 692 1132 720 trusus
1157 689 1245 720 sistit
1267 690 1299 721 in
1322 692 1403 729 atro,

487 747 512 766 ⁴⁰
547 740 619 777 Quo
643 739 773 772 demum
797 740 904 772 valeat
927 740 1045 772 melius
1070 751 1217 772 reserare
1241 741 1361 783 cupita.

592 791 644 823 Ad
667 792 765 824 finem
789 795 912 834 repeto,
937 792 1023 834 quod
1048 793 1152 835 prima
1174 793 1280 824 fronte
1304 794 1403 836 petivi

547 843 646 876 Istius
670 843 799 876 humilis
822 846 946 882 textus,
970 854 1027 875 vos
1051 855 1154 886 usque
1178 845 1288 876 valere

547 895 611 927 Hic
635 898 668 927 et
690 895 724 927 in
747 898 918 928 aeternum
941 895 1049 928 zabuli
1073 896 1143 928 sine
1168 896 1281 928 fraude
1306 897 1448 939 superbi.

970 1193 1044 1226 CII.

613 1252 784 1285 Claudiani
808 1253 926 1286 librum
950 1254 1029 1286 mihi
1053 1257 1198 1287 vestrum
1221 1255 1348 1292 mittite,
1374 1266 1507 1297 quaeso,

546 1303 610 1336 Per
633 1315 730 1347 quem
754 1305 917 1348 corrigere
940 1309 1087 1338 nostrum
1111 1306 1239 1338 valeam
1262 1307 1347 1339 male
1372 1307 1498 1346 falsum,

548 1355 618 1388 Ceu
641 1356 730 1389 visus
753 1359 865 1389 vester
887 1357 1008 1389 nitidus
1032 1358 1203 1400 perspexit
1226 1362 1350 1400 aperte.

547 1406 583 1439 Si
606 1418 721 1451 sospes
745 1408 846 1448 fuero,
871 1409 967 1441 citius
990 1409 1144 1442 reddetur
1167 1413 1200 1442 et
1222 1410 1292 1452 ipse

495 1467 507 1485 ⁵
543 1459 694 1492 Inlaesus
718 1460 811 1493 vobis
834 1460 1004 1494 mercedes
1027 1460 1102 1493 inde
1126 1460 1271 1498 boando;

548 1511 665 1545 Gratia
688 1522 763 1544 nam
787 1511 909 1545 Christi
934 1513 1028 1545 vobis
1054 1513 1235 1546 remanebit
1257 1516 1290 1545 et
1312 1513 1388 1545 almi

546 1563 598 1596 Ex
621 1563 683 1596 hoc
706 1564 853 1596 Richarii
875 1565 978 1597 nostri
1000 1559 1182 1607 summique
1206 1565 1344 1608 patroni.

547 1615 747 1648 Fortunatus
771 1615 866 1649 adest
889 1617 917 1648 si
941 1617 1044 1656 vobis,
1068 1617 1212 1660 pandite,
1237 1620 1357 1657 noster,

547 1667 685 1710 Ignarus
708 1678 826 1700 maneo
849 1669 1013 1710 quoniam,
1039 1669 1111 1711 quis
1135 1669 1277 1712 dempsit
1299 1669 1440 1712 iniquus.

485 1726 509 1745 ¹⁰
545 1719 654 1762 Ipsius
677 1719 815 1752 formam
837 1720 916 1752 mihi
939 1720 1077 1752 multum
1100 1720 1226 1752 noscite
1249 1731 1367 1752 caram.

545 1769 606 1802 Est
628 1773 739 1803 tamen
763 1771 826 1804 etsi
849 1781 924 1811 non,
949 1771 1066 1804 iterum
1090 1781 1146 1803 vos
1170 1774 1247 1814 opto
1271 1771 1381 1804 valere

546 1822 584 1854 In
609 1822 750 1863 Christo,
774 1833 879 1854 nocuo
903 1823 958 1865 qui
980 1834 1040 1855 nos
1065 1823 1212 1867 suscepit
1235 1823 1275 1855 ab
1297 1824 1389 1856 hoste

545 1874 608 1906 Per
631 1879 770 1908 mortem
792 1875 958 1919 propriam
982 1876 1130 1919 pendens
1154 1886 1250 1908 cruce
1274 1876 1376 1918 gratis
1399 1876 1432 1908 in
1455 1876 1531 1907 alta.

587 1926 682 1959 Haec
704 1930 879 1970 peragrata
903 1927 966 1959 cito
990 1927 1139 1959 Vulcano
1163 1938 1285 1970 quaeso
1309 1927 1440 1967 remitti,

483 1985 508 2004 1⁵
542 1978 639 2011 Talia
661 1989 703 2011 ne
726 1979 858 2011 valeant
880 1979 967 2011 docti
991 1978 1098 2012 ridere
1121 1980 1280 2022 magistri,

544 2029 664 2062 Elisios
687 2033 807 2063 norunt
829 2030 914 2063 bene
939 2030 993 2073 qui
1017 2041 1209 2073 percurrere
1233 2041 1376 2074 campos,

545 2081 785 2115 Grammaticos
808 2083 905 2116 docte
929 2083 1086 2115 tremulos
1109 2083 1243 2115 referire
1266 2083 1373 2126 parati

544 2134 597 2167 Ex
620 2134 733 2167 ferulis
755 2134 915 2167 Prisciani
939 2135 1078 2167 doctoris
1101 2135 1198 2167 acuti.

545 2186 642 2219 Clara
665 2186 718 2219 dei
740 2187 846 2230 pietas
870 2187 926 2219 det
949 2186 1042 2219 vobis
1064 2186 1209 2229 praemia
1231 2186 1329 2225 vitae,

481 2246 507 2265 ²⁰
542 2238 618 2271 Una
641 2249 714 2270 cum
739 2239 860 2271 sanctis
883 2239 983 2271 faciat
1005 2248 1142 2280 regnare
1164 2237 1344 2281 perhenne.

280 2403 311 2429 31
331 2403 435 2429 *nostra
453 2403 478 2428 B
581 2403 615 2429 38
633 2403 782 2429 *residentis
799 2403 825 2428 B

281 2454 354 2487 [CIL]
375 2464 393 2480 α
409 2455 576 2488 praecedente
595 2459 685 2481 cmztra
703 2455 813 2481 codicem
831 2454 1007 2487 separavimus
1110 2453 1127 2477 8
1146 2453 1293 2478 Fortinatus
1311 2451 1336 2476 B

280 2547 314 2574 34
332 2548 382 2580 cfr.
400 2555 421 2574 c.
443 2547 589 2580 XXVIII,
605 2549 643 2574 19.
747 2548 781 2574 35
799 2547 845 2579 cfr.
863 2555 884 2573 c.
906 2546 974 2579 XX,
985 2547 1009 2572 5.

281 2607 348 2642 [ΟΠ.
367 2608 438 2636 0111.
457 2607 536 2642 cm]
558 2607 629 2635 Huc
657 2608 746 2640 salso
777 2607 904 2634 inserta
930 2609 1008 2633 sunt
1026 2614 1038 2632 e
1056 2605 1202 2632 Miconis
1231 2605 1323 2637 serie,
1353 2604 1449 2630 cuius
1479 2607 1536 2630 aut
1564 2607 1666 2631 artem
1688 2612 1770 2638 prae
1795 2614 1825 2632 se

176 2659 294 2691 ferant
311 2662 370 2686 aut
387 2659 547 2694 temporis
564 2662 681 2687 notam.

282 2719 361 2754 [CIL]
380 2719 555 2746 Meminimus
576 2719 612 2746 ad
636 2719 787 2747 Claudiani
802 2721 894 2753 poetae
916 2718 1050 2745 lectionem
1073 2717 1135 2743 him:
1157 2725 1212 2742 rum
1229 2716 1304 2742 κακά
1321 2716 1498 2743 testimonium
1512 2725 1597 2751 prave
1615 2725 1669 2743 esse
1685 2716 1824 2750 detortum,

177 2779 210 2798 ex
226 2779 279 2805 quo
295 2780 315 2798 a
331 2771 429 2798 barone
445 2771 477 2798 de
495 2771 660 2805 Reiffenbery
677 2771 905 2804 l.c.1n·otractum
923 2772 977 2801 esu
1006 2768 1051 2795 sed
1078 2771 1168 2795 tamen
1188 2767 1282 2794 Micon
1308 2768 1427 2800 wns'em
1457 2768 1535 2794 voluit
1553 2768 1597 2795 De
1624 2770 1696 2795 statu
1721 2767 1827 2794 animae

177 2822 256 2850 lan-os
275 2822 422 2850 Claudiani
440 2822 579 2863 Mamerti.
703 2822 734 2849 14
751 2822 798 2855 dr.
815 2829 836 2848 c.
857 2820 990 2854 CLXIV,
1003 2821 1036 2847 26
1054 2822 1079 2847 et
1098 2819 1235 2853 CLXIII,
1250 2821 1288 2846 12.
