2040 2996
272 146 312 175 26
760 139 846 166 vrrA
866 139 976 166 BEA'I'I
995 136 1217 164 LEUDEGARU
1237 134 1435 162 MAR'rYRIs.

706 227 838 257 Interea
862 226 1002 258 eclesiae
1027 225 1117 266 vigili
1140 223 1268 255 duravit
1292 232 1401 254 amore

640 278 692 310 Ad
716 278 861 310 tumbam
886 281 996 309 custos
1020 276 1121 312 vatis;
1146 276 1197 307 cui
1221 275 1361 316 denique
1385 274 1467 304 latro

638 331 745 363 Nocte
769 331 945 362 tenebrosa
969 329 1075 370 rapuit
1100 339 1152 359 res
1177 330 1246 359 arte
1270 326 1422 368 maligna,

557 391 581 408 ³⁰
638 383 747 414 Antea
771 393 854 424 quae
879 381 1008 423 proprio
1033 383 1244 421 congesserat
1266 379 1335 420 ipse
1360 377 1483 409 labore.

638 434 730 465 Illius
755 437 788 465 et
812 443 930 464 vacuas
955 432 1070 463 abiens
1094 431 1145 462 fur
1169 430 1291 461 deserit
1315 428 1429 464 aedem

638 484 807 521 Quiscum,
832 494 928 525 quem
952 482 1057 514 tenuit
1082 484 1281 519 reverenter,
1306 480 1435 511 calceus
1459 488 1541 509 unus

638 536 790 577 Martyris
814 535 942 566 ablatus
966 535 1077 566 fertur.
1125 533 1190 564 Sed
1215 532 1350 564 clericus
1374 530 1471 568 idem,

637 588 725 619 Dum
749 591 883 625 remeat,
908 586 1057 629 proprias
1083 589 1208 617 mature
1232 588 1267 616 ut
1291 585 1410 615 viseret
1434 582 1544 615 aedes.

557 648 581 666 ³⁵
639 639 800 682 Repperit
824 638 953 670 exuviis
978 638 1150 680 spoliatam
1174 637 1301 668 hostem
1326 646 1384 678 per
1407 644 1563 666 acerram.

640 691 795 724 Ooncitus
820 691 875 722 ille
899 687 981 733 petit
1005 690 1135 722 rediens
1159 687 1345 720 veneranda
1369 686 1553 729 sepulchra,

640 743 793 775 Crinibus
818 742 973 775 extractis
998 745 1030 773 et
1053 741 1173 784 pugnis
1198 743 1332 783 pectora
1356 738 1505 777 tundens,

638 795 709 827 Nec
734 805 869 827 caruere
893 805 998 837 genae
1022 793 1165 826 lacrimis
1189 803 1248 824 nee
1271 795 1403 834 guttora
1424 790 1531 833 pulsu.

640 847 845 886 Vociferans,
869 847 1054 885 lacrimans,
1080 846 1178 877 nimio
1204 845 1346 876 clamore
1371 843 1497 881 ruebat,

559 906 583 924 ⁴⁰
641 899 826 930 Persistens
853 898 992 940 supplex
1015 897 1168 940 precibus
1191 896 1346 938 horisque
1370 894 1494 926 diurnis

639 950 775 982 Addidit
799 953 831 982 et
854 953 995 988 noctem,
1020 950 1166 991 rogitans
1192 949 1253 980 sibi
1276 947 1413 980 reddere
1438 957 1571 978 censum
1596 954 1648 973 -2

641 1003 709 1035 Fur
731 1003 839 1035 fessus
864 1002 960 1034 rediit
984 1002 1119 1034 demens
1144 1004 1301 1033 onerante
1326 1003 1471 1038 coturno,

640 1055 767 1087 Invitus
789 1055 920 1086 domino
943 1054 1077 1086 tandem
1100 1054 1206 1096 spolia
1228 1054 1338 1096 ampla
1361 1052 1491 1088 reiecit;
1548 1056 1550 1058 “

641 1107 686 1139 At
708 1107 859 1139 dominus
884 1107 969 1138 servi
992 1108 1099 1148 patrat
1121 1106 1264 1148 periuria
1286 1105 1380 1136 falsa.

559 1167 582 1185 ⁴⁵
642 1159 751 1201 Digna
776 1158 834 1190 sed
857 1159 1015 1190 immitem
1039 1158 1188 1199 sequitur
1210 1168 1288 1188 mox
1309 1157 1391 1188 ultio
1414 1160 1602 1196 utrumque:

640 1210 725 1242 Nam
748 1210 900 1242 dominus
925 1210 1023 1241 vitam
1048 1209 1146 1241 celeri
1170 1219 1244 1240 cum
1267 1209 1331 1240 fine
1355 1207 1493 1250 reliquid

641 1262 684 1293 Et
710 1272 822 1293 servus
846 1265 956 1303 raptor
979 1272 1087 1303 poena
1109 1261 1282 1292 damnatur
1304 1260 1435 1292 acerba.

710 1313 780 1344 Nec
803 1313 929 1344 latuere
953 1313 1009 1344 diu
1034 1313 1218 1344 crescentia
1241 1313 1336 1354 signa
1358 1311 1507 1343 dolosum

642 1366 784 1398 Diversa
807 1358 840 1397 iri
864 1366 993 1408 populis
1017 1365 1214 1402 Ebroinum;
1238 1375 1347 1396 rumor
1369 1364 1490 1406 ubique

560 1426 585 1443 5»ss
644 1418 771 1450 Inditiis
795 1418 891 1450 certis
915 1418 1113 1458 manifestat,
1138 1417 1223 1460 quod
1246 1416 1336 1459 prius
1361 1416 1427 1455 ille,

642 1471 770 1503 Invidia
792 1471 946 1511 faciente,
969 1471 1056 1502 mala
1080 1471 1247 1502 celaverat
1269 1473 1350 1502 arte.

645 1543 683 1548 —
708 1524 841 1567 Aspice,
867 1535 939 1555 cum
964 1523 1094 1555 domino
1118 1526 1241 1565 martyr
1264 1523 1328 1554 iam
1351 1525 1466 1564 regnat
1489 1521 1520 1552 in
1545 1531 1629 1558 arce,

643 1577 819 1617 Invidiose,
843 1588 956 1620 rapax,
980 1576 1143 1608 homicida
1166 1576 1298 1615 inmitis,
1321 1575 1464 1607 adulter:

643 1629 857 1671 Fulgescunt,
881 1628 1019 1668 radiant,
1043 1629 1193 1671 flagrant,
1217 1629 1448 1666 monstrantur,
1472 1628 1622 1657 amantur

562 1689 585 1706 ⁵⁵
644 1682 746 1723 Signa
769 1681 814 1724 pii
838 1681 932 1720 vatis,
956 1681 1058 1712 virtus
1083 1681 1238 1712 decorata
1261 1680 1401 1712 nitescit.

643 1733 738 1764 Nunc
763 1732 840 1774 quid
863 1732 905 1763 ad
928 1732 1009 1764 haec
1033 1732 1156 1774 poteris
1182 1732 1266 1763 falsa
1289 1731 1435 1774 proferre
1460 1730 1610 1772 loquela?

644 1784 860 1821 Qum—nisi
884 1783 980 1815 corde
1003 1784 1108 1826 gemis
1133 1784 1266 1822 tacitus,
1289 1782 1450 1825 pavitans,
1474 1781 1627 1813 Ebroiue.

645 1836 798 1878 Optatam
822 1846 840 1867 e
865 1835 990 1867 tumulo
1014 1838 1119 1867 certat
1143 1837 1275 1877 captare
1299 1833 1462 1866 medelam

644 1887 790 1930 Quisque
817 1887 884 1919 suis
907 1887 1075 1919 membris:
1098 1887 1184 1918 sanis
1208 1897 1282 1918 nam
1307 1885 1444 1919 callibus
1467 1885 1540 1921 iste,

562 1948 587 1966 ⁶0
646 1940 708 1972 Ille
733 1939 836 1971 oculis
859 1939 968 1971 radios
992 1939 1114 1982 gaudet
1137 1949 1304 1970 remeasse
1331 1948 1465 1969 serenos

643 1991 801 2034 Expulsis
824 1991 981 2029 tenebris,
1005 2002 1110 2023 nocuo
1136 1991 1214 2032 (hie)
1241 1991 1385 2022 caruisse
1410 1989 1526 2027 calore,

644 2043 708 2075 Ast
730 2043 813 2074 alius
838 2043 930 2075 triste
955 2043 1083 2075 exultat
1106 2043 1270 2074 vomuisse
1293 2052 1454 2074 venenum

645 2094 842 2131 Daemonis3
865 2098 900 2130 et
924 2097 1058 2126 cunctos
1083 2097 1176 2126 curat
1197 2104 1354 2126 concessa
1376 2096 1535 2135 potestas.

643 2146 765 2178 Inditio
790 2149 841 2178 est
865 2157 1003 2188 regnare
1027 2147 1114 2188 polo,
1138 2147 1189 2178 cui
1212 2146 1350 2178 Tartara
1372 2155 1469 2176 saeva

563 2205 587 2224 ⁶⁵
645 2198 812 2230 Promittis
835 2198 996 2230 voluisse:
1022 2202 1078 2229 tua
1102 2201 1153 2230 est
1176 2198 1314 2241 depulsa
1336 2200 1542 2239 potestas.—

646 2250 781 2282 Talibus
805 2251 963 2282 attonitus
987 2250 1090 2282 doluit
1113 2251 1216 2293 signis
1239 2250 1418 2286 Ebroinus;

646 2302 740 2335 Haec
764 2303 819 2342 ait,
844 2313 886 2334 ex
910 2302 974 2334 imo
998 2313 1153 2345 rumpens
1177 2302 1261 2334 hanc
1285 2305 1416 2344 pectore
1442 2311 1564 2337 vocem,

644 2354 707 2386 His
731 2357 867 2396 questus
892 2355 1035 2386 lacrimis
1058 2355 1170 2387 dicens
1193 2354 1306 2386 uxoris
1331 2353 1371 2385 ad
1395 2363 1505 2384 aures:

645 2406 733 2438 ‘Heu
757 2405 846 2446 mihi,
870 2406 948 2448 quid
970 2409 1097 2451 tantum
1121 2407 1262 2449 populos
1278 2406 1445 2437 celebrare
1462 2403 1671 2446 sepulchrum

383 2519 417 2544 30
430 2520 517 2546 labore
528 2522 551 2546 R
568 2520 590 2545 G
651 2519 686 2545 35
698 2520 810 2546 *hostem
823 2518 877 2553 per]
891 2521 969 2554 hospi}
985 2521 1008 2545 G
1068 2520 1102 2546 58
1114 2520 1213 2559 tumul}
1230 2520 1252 2544 G
1264 2528 1330 2544 corr.
1344 2518 1369 2543 P
1427 2518 1459 2544 61
1474 2518 1530 2543 *hic
1540 2518 1607 2543 deest
1616 2519 1644 2543 in
1656 2519 1678 2543 G
1740 2517 1774 2543 (38
1788 2522 1896 2554 questus
1908 2517 1930 2542 G

382 2578 414 2604 :37
434 2578 479 2610 cfr.
495 2578 624 2605 Radbert.
639 2578 736 2605 Paseh.
750 2579 795 2612 eyl.
809 2587 830 2604 v.
845 2579 890 2610 783
910 2580 975 2605 Aen.
989 2579 1041 2612 IV,
1061 2579 1111 2606 673
1123 2579 1239 2606 foedans
1258 2579 1286 2605 et
1305 2578 1420 2612 pectora
1438 2577 1548 2612 pugnis.
1619 2578 1653 2604 38
1672 2576 1791 2603 Ermold.
1805 2576 1860 2609 HI,
1880 2577 1931 2603 425

281 2629 344 2655 Non
363 2638 474 2656 caruere
492 2638 581 2664 genae
600 2630 730 2657 lacrimis.
817 2631 851 2657 39
871 2630 919 2657 Ge.
933 2631 984 2664 IV,
1009 2631 1062 2658 439
1081 2631 1149 2658 Cum
1169 2631 1288 2657 clamore
1309 2629 1367 2656 ruit
1389 2637 1499 2663 magno.
1588 2629 1621 2655 43
1640 2630 1706 2655 Aen.
1720 2628 1769 2661 IV,
1788 2629 1822 2655 93
1840 2627 1932 2662 spolia¹

281 2680 376 2715 ampla
388 2681 502 2707 refertis.
572 2682 608 2708 48
626 2683 693 2708 Aen.
707 2682 729 2715 I,
751 2682 801 2709 130
819 2682 878 2708 Nec
890 2682 998 2708 latuere
1019 2681 1078 2708 doli
1090 2681 1213 2713 tratrem,
1231 2682 1282 2714 cfr.
1296 2681 1387 2708 Sedul.
1403 2681 1432 2714 V,
1452 2681 1494 2707 32.
1565 2681 1598 2707 53
1617 2681 1666 2713 cfr.
1680 2680 1768 2707 Sedsd.
1784 2679 1812 2713 V,
1831 2679 1865 2706 59
1877 2687 1930 2712 sqq·

280 2733 314 2760 56
327 2732 375 2765 cfr.
389 2733 412 2765 Ι,
433 2732 472 2759 70,
539 2734 572 2760 63
586 2734 642 2760 Iuv.
655 2734 679 2766 Ι,
697 2734 747 2761 769
766 2742 895 2761 concessa
914 2735 1044 2769 potestas.
1111 2735 1145 2761 66
1157 2734 1225 2760 Aen.
1239 2733 1294 2767 111,
1314 2733 1364 2759 172
1382 2732 1496 2759 Talibus
1510 2732 1656 2759 attonitus.
1721 2732 1754 2758 67
1768 2732 1815 2765 cfr.
1829 2731 1852 2764 L
1871 2731 1930 2758 624.

281 2785 315 2811 69
334 2785 399 2810 Aen.
418 2784 456 2818 ΙΙ,
475 2784 526 2811 274
545 2784 576 2810 Ei
594 2784 671 2812 mihi.
1636 2788 1638 2792 ’
