2060 3074
283 151 347 181 686
661 149 829 176 CARMINA
849 148 1070 175 SCOTTORUM
1089 147 1227 174 LATINA
1246 147 1293 175 ΕΤ
1313 147 1555 175 GRAECANICA.

1080 234 1141 267 ΠΙ.

650 295 851 327 Graecarum
874 295 1001 337 glossas
1025 295 1154 327 domino
1179 295 1319 327 donante
1342 296 1472 338 peregit

652 347 697 379 H.
721 346 849 378 tibimet
873 347 973 379 frater
996 347 1116 380 servire
1139 350 1281 390 paratus.

650 399 798 441 Namque
822 400 910 441 geris
933 400 1030 431 vittas
1052 400 1150 445 longo
1174 410 1237 442 quo
1261 402 1419 442 tempore,
1444 399 1522 431 felix

651 451 843 482 Pontificale
868 450 967 483 decus
989 452 1190 494 multumque
1216 454 1327 483 tenere
1342 451 1491 491 -salubre,

597 517 608 534 5
652 503 779 534 Exhinc
803 502 845 534 ad
869 503 952 534 caeli
975 504 1085 535 valeas
1109 503 1327 535 conscendere
1352 504 1478 535 culmen

652 555 702 586 Ac
724 565 837 597 regem
860 565 975 597 regum
998 566 1070 587 cum
1095 556 1212 587 sanctis
1236 566 1367 587 cernere
1392 555 1564 588 Christum.

1041 615 1179 648 AMEN.

1081 815 1139 847 IV.

602 875 830 908 ΓΡΔΜΜΔΤΔ
856 877 1109 908 ΓΡΔΙΥΓΕΝωΝ
1134 878 1237 908 RATA
1261 877 1457 908 ΕΚΗΜΔΤΔ
1480 876 1589 907 ΟΟΦΕ
1612 875 1850 914 ΓΥΝΟΕΚΕΙΟ,

646 927 765 959 Cerne:
790 928 902 960 labore
926 939 999 960 meo
1023 929 1133 971 lingua
1156 929 1298 971 Pelasga
1320 931 1422 971 patet.

604 979 747 1022 Quisque
771 981 850 1012 veIit
872 981 1001 1023 sapiens
1025 981 1189 1023 sapientes
1211 991 1367 1023 gnoscere
1391 991 1514 1021 causas,

646 1031 801 1064 Sensibus
824 1033 857 1064 in
880 1033 977 1065 sacris
1001 1033 1119 1065 sentiat
1141 1033 1218 1065 artis
1242 1043 1330 1076 opes.

547 1097 558 1116 5
602 1084 673 1116 Has
697 1085 905 1127 euangelicas
929 1084 1091 1117 doctrinas
1115 1085 1228 1117 doctor
1250 1085 1291 1117 ab
1315 1085 1408 1117 astris

646 1136 748 1168 Nobis
771 1137 974 1179 praecipiens
998 1137 1134 1169 contulit
1156 1147 1211 1169 ore
1236 1136 1324 1169 deus.

605 1189 667 1225 Qui
690 1189 775 1231 regit
800 1200 894 1221 omne
919 1189 1005 1232 quod
1029 1193 1088 1230 est,
1113 1190 1167 1232 qui
1191 1189 1334 1222 condidit
1357 1200 1451 1222 omne
1475 1192 1629 1232 creatum,

647 1241 710 1278 Quj
733 1241 836 1273 faetor
857 1242 971 1274 mundi
993 1243 1117 1284 virgine
1142 1243 1246 1274 factus
1269 1242 1366 1274 homo
1391 1245 1453 1279 est;

606 1293 803 1336 Principium
827 1294 895 1326 sine
919 1294 1086 1337 principio,
1110 1295 1181 1326 finis
1204 1294 1271 1326 sine
1294 1295 1358 1326 fine
1383 1298 1433 1326 est

533 1359 557 1378 ιο
646 1345 858 1388 Omnipotens
882 1346 1039 1387 dominus,
1062 1347 1142 1378 lucis
1165 1347 1267 1389 origo,
1291 1346 1381 1379 deus.

604 1398 678 1430 Lux
702 1400 845 1438 aeterna,
870 1398 923 1430 dei
946 1399 1091 1439 verbum,
1116 1399 1277 1441 sapientia
1299 1399 1410 1441 patris,

649 1450 809 1482 Caelestis
831 1450 956 1493 patriae
979 1451 1081 1483 verba
1104 1461 1244 1493 superna
1266 1450 1344 1483 dare

604 1502 704 1534 Venit
726 1502 759 1533 in
781 1501 866 1534 hunc
888 1502 1054 1543 mundum,
1078 1513 1138 1535 rex
1159 1513 1274 1546 regum
1297 1513 1421 1546 rexque
1445 1503 1591 1543 sabaoth,

648 1554 725 1596 Ipse
750 1553 831 1585 deus
854 1554 1032 1594 hominum,
1057 1555 1110 1597 qui
1134 1555 1225 1587 dedit
1248 1565 1343 1587 omne
1366 1555 1496 1587 bonum.

532 1620 556 1638 15
600 1606 687 1638 Fons
710 1605 856 1637 bonitate
880 1609 1007 1648 potens,
1030 1607 1102 1638 fons
1125 1607 1211 1639 vitae
1238 1607 1375 1649 fonsque
1398 1607 1542 1650 sophiae,

648 1657 713 1689 Gor
736 1657 891 1690 mundum
915 1658 1042 1690 famulis
1067 1659 1118 1698 da,
1142 1654 1228 1690 bone
1253 1659 1394 1699 Christe,
1418 1659 1489 1692 tuis,

604 1710 755 1742 Salvator
776 1710 897 1751 mundi,
923 1711 977 1753 qui
1000 1711 1131 1743 saecula
1154 1711 1284 1743 sordida
1307 1711 1452 1752 mundas,

648 1763 729 1795 Cum
753 1763 871 1794 virtute
897 1764 998 1795 crucis
1022 1764 1155 1795 erimina
1179 1767 1294 1796 cuncta
1315 1765 1439 1804 lavans,

606 1815 830 1857 Omnipotens,
855 1815 1020 1855 miserere,
1045 1816 1110 1847 mei
1134 1816 1289 1848 miserere
1314 1816 1465 1848 dolentis:

532 1881 557 1900 ρο
644 1867 722 1899 Sum
745 1867 825 1899 mihi
848 1878 989 1910 namque
1013 1868 1078 1900 mei
1102 1879 1198 1900 causa
1222 1868 1341 1900 doloris
1365 1879 1437 1911 ego.

394 2016 462 2050 [111.]
483 2016 681 2048 Ifaudunemis
699 2015 767 2048 444)
777 2016 832 2049 fol.
845 2015 927 2042 275v:
944 2024 988 2041 sex
1005 2025 1093 2041 versus
1110 2017 1177 2041 notin
1200 2016 1348 2041 Tirzmiam's
1366 2017 1455 2049 scripti
1479 2017 1540 2048 (πίσί
1557 2017 1626 2049 quod
1647 2017 1709 2042 haec
1731 2016 1810 2042 verba
1831 2014 1947 2048 syllabae

289 2061 388 2086 litterae
406 2061 552 2085 minuscula
570 2060 701 2092 scriptum
718 2067 839 2092 aepreesa
858 2063 929 2084 sumt:
948 2060 1049 2092 glossas
1061 2064 1084 2085 et
1096 2060 1149 2093 egit
1166 2069 1188 2084 v.
1203 2059 1225 2091 l,
1245 2061 1270 2085 Η
1288 2064 1311 2084 et
1327 2064 1412 2085 metu.
1427 2059 1451 2091 2,
1471 2069 1495 2092 q.
1508 2060 1535 2084 in
1554 2069 1664 2093 namque
1681 2069 1703 2085 v.
1717 2059 1733 2084 3
1750 2063 1773 2085 et
1785 2059 1946 2091 multumque

288 2113 308 2128 v.
327 2103 356 2135 4,
382 2104 551 2129 conscendere
574 2112 596 2128 υ.
615 2103 643 2135 5)
667 2106 753 2135 ectypo
780 2107 1008 2135 repraesentantur
1034 2103 1060 2128 in
1085 2103 1275 2135 4⁰—Cataloqae
1305 2103 1349 2128 des
1376 2103 1562 2135 ‹lepor-tamenta
1585 2103 1605 2128 I
1618 2103 1683 2133 234,
1710 2103 1851 2128 secandum
1877 2101 1947 2134 quod

288 2152 362 2172 notas
383 2147 513 2172 solverunt
540 2147 562 2171 I.
585 2146 613 2171 O.
631 2146 748 2178 Gauthey
773 2147 852 2171 abbas
873 2146 902 2171 Ο.
921 2146 949 2172 S.
967 2147 992 2171 B
1019 2146 1189 2172 Massiliensis
1212 2151 1234 2171 et
1258 2147 1402 2172 Guilelmus
1425 2147 1535 2172 Schmitz
1558 2147 1715 2172 Coloniensi-s
1734 2146 1766 2171 N.
1784 2146 1817 2172 A.
1831 2145 1857 2170 Χ
1863 2143 1945 2170 17197

290 2189 304 2215 1
324 2192 480 2216 Graecarum
497 2189 615 2220 (¹voeum'
632 2189 804 2222 supplendam
822 2198 874 2215 esee
892 2194 973 2215 censet
991 2189 1114 2222 Schmiaez)
1129 2190 1153 2214 L
1229 2190 1245 2215 2
1263 2188 1429 2223 H(incmaro)
1449 2199 1493 2222 eqo
1506 2189 1728 2222 (Abhandlzmqen
1741 2190 1758 2215 l.
1772 2198 1792 2215 e.
1809 2198 1870 2222 paq.
1882 2187 1944 2216 36²)

289 2234 444 2259 Hinemsrus
467 2233 578 2258 Schmitz
669 2233 685 2258 5
708 2233 813 2265 qulmsn
831 2233 856 2258 L
952 2231 967 2256 7
990 2233 1134 2258 ΑΙΒΕΙΓ
1156 2232 1184 2264 (ἱ.
1203 2241 1224 2258 e.
1248 2241 1322 2258 amen
1346 2233 1469 2266 scriptum
1490 2241 1538 2266 per
1561 2233 1788 2266 cryptoqraphiam
1810 2241 1828 2257 a
1854 2231 1948 2258 Scottis

283 2278 486 2309 frequentatam,
504 2278 537 2310 qf.
557 2276 767 2309 Abhandltmqen
785 2276 802 2301 l.
815 2276 849 2308 c.)
862 2276 886 2301 L

394 2319 459 2353 [IV.]
487 2319 678 2352 sangallemis
697 2322 732 2345 48
754 2328 819 2345 saec.
834 2319 887 2352 IX)
912 2328 975 2352 paq.
989 2318 1057 2350 395,-
1083 2318 1143 2345 υτον
1166 2320 1277 2352 imaqine
1304 2328 1426 2352 eoepreoea
1452 2320 1525 2352 apud
1551 2320 1634 2353 Rettiq
1660 2320 1688 2345 ἰη
1714 2319 1823 2345 editione
1846 2317 1948 2344 coelio-'n

292 2362 472 2396 Sanqallemis
495 2363 582 2388 'I'arici
600 2362 668 2389 1836
684 2372 743 2396 pay.
758 2362 809 2388 395
899 2362 913 2388 1
934 2360 1136 2391 ΓΥΝΟΟΚΙΟ
1153 2372 1231 2396 super
1249 2361 1256 2391 Ι
1277 2364 1309 2388 ab
1327 2363 1417 2389 eadem
1435 2372 1515 2388 manu
1533 2364 1556 2389 ei
1570 2363 1655 2396 posito
1669 2363 1692 2389 S
1778 2361 1810 2388 16
1827 2363 1862 2387 di
1874 2362 1896 2387 S

395 2441 464 2475 [HL]
486 2439 600 2466 Carmen
618 2440 714 2474 legitur
732 2439 863 2466 insertum
881 2439 951 2466 inter
971 2439 1100 2466 idiomata
1118 2448 1186 2473 quae
1203 2427 1334 2466 aicwntur
1351 2439 1551 2474 Latinoqraeea
1567 2439 1664 2474 (edidit
1681 2448 1712 2466 ω
1734 2440 1814 2467 Gom
1829 2439 1861 2465 in
1885 2438 1948 2465 Gor-

288 2500 355 2526 pore
371 2492 523 2526 ylossarwr.
544 2492 746 2523 11487—506)
764 2494 787 2518 et
806 2492 912 2519 Graeca
932 2491 1068 2518 Prisciani
1088 2492 1122 2519 de
1142 2492 1235 2518 xvlll
1254 2491 1382 2525 partibus
1403 2493 1432 2518 et
1450 2492 1657 2519 constructione
1674 2501 1692 2518 α
1711 2491 1835 2518 Martino
1851 2490 1947 2518 Hiber-

291 2543 378 2570 niensi
397 2543 522 2578 magistro
534 2543 716 2570 Lawdunemn‘
730 2544 830 2571 Latine
843 2552 918 2571 versa
938 2545 1018 2577 (quae
1030 2543 1110 2570 edv'dnt
1123 2544 1216 2571 Miller
1233 2543 1264 2570 in
1280 2543 1390 2570 Notio-es
1401 2546 1425 2570 et
1438 2544 1549 2571 admits
1562 2544 1675 2570 XXIX
1685 2544 1702 2570 2
1715 2552 1779 2578 pay.
1794 2542 1948 2577 118—175).

292 2596 308 2621 2
327 2596 360 2622 H.
378 2596 512 2629 episcopas
535 2596 597 2629 fort.
617 2596 787 2623 Hine-marus
805 2595 1013 2629 Laudunensis,
1037 2595 1071 2628 cf.
1090 2595 1314 2630 Abhandlanyen
1332 2596 1348 2622 l.
1361 2604 1397 2630 c.;
1423 2596 1501 2623 aliter
1526 2598 1611 2624 censet
1631 2595 1787 2628 Chatelain,
1809 2594 1948 2629 Milanya

294 2646 390 2673 Julien
407 2647 494 2674 Havet
508 2656 571 2682 pay.
585 2648 627 2675 84.
715 2648 732 2674 3
744 2656 795 2682 seq.
816 2647 954 2682 Quamdiu
973 2649 1041 2682 (quo
1060 2649 1187 2682 tempore
1206 2648 1303 2682 longo)
1323 2647 1407 2675 vittas
1422 2648 1506 2683 geris,
1530 2647 1640 2684 (valeas)
1659 2650 1744 2675 tenere
1762 2647 1949 2682 pontificatum

293 2699 465 2733 (pontificale
484 2700 578 2733 decus)
597 2701 699 2733 felicem
717 2704 741 2728 et
759 2701 835 2728 valde
853 2701 1000 2728 salutarem
1019 2701 1151 2735 (multum
1170 2701 1301 2736 salubre).

398 2751 465 2786 [IV.]
487 2751 598 2778 Carmen
613 2752 724 2779 Soottice
741 2754 874 2788 scriptum
893 2754 1096 2788 euangeliorum
1110 2753 1194 2780 codici
1211 2753 1403 2780 Graooelatino
1420 2755 1443 2779 et
1461 2753 1514 2787 ipsi
1526 2761 1544 2779 a
1556 2752 1650 2779 Scottis
1661 2752 1758 2787 sev-:Pto
1768 2751 1948 2785 manumittet,

292 2804 327 2835 cf.
352 2804 454 2830 Traube
475 2804 693 2839 Abhandlunyen
712 2807 728 2831 l.
742 2814 762 2832 c.
778 2815 840 2841 pay.
854 2807 913 2833 347.
