2138 3106
486 377 511 395 10

485 635 510 654 15

482 1152 508 1172 ⁴25

680 231 849 259 CARMINA
867 232 1020 260 MICONIS
1038 233 1084 260 ΕΤ
1104 234 1336 262 FREDIGARDI.

549 317 616 350 Sed
639 318 688 350 vis
711 317 873 359 corrigere
897 318 1068 360 facturam,
1092 320 1206 360 faetor,
1231 321 1381 362 amando,

544 369 597 401 Ne
620 369 800 401 tumefacta
823 369 890 401 suis
915 374 1026 412 speret
1048 375 1195 413 perstare
1218 373 1383 415 potentiis.

546 421 643 453 Hanc
667 431 729 463 ego
753 420 829 452 dum
853 421 974 459 baiulo,
998 433 1122 455 memor
1145 433 1218 456 esse
1241 425 1353 467 tuique
1376 425 1491 467 pericli

546 472 672 512 Debeo,
696 472 911 515 muscipulam
935 474 1044 505 valeat
1067 485 1108 506 ne
1132 475 1267 507 tendere
1292 487 1404 508 rursus

547 523 730 556 Exieialem
752 523 919 556 hominum
942 525 1068 557 inlusor
1090 527 1267 569 mortisque
1290 531 1447 570 repertor,

547 575 676 618 Quique
699 579 785 616 tuos,
809 575 951 616 domine,
975 577 1123 609 certatim
1147 578 1286 620 perdere
1311 583 1425 620 certat,

544 628 655 670 Atque
677 637 811 667 memor,
835 627 940 670 qualis
963 638 1078 660 maneo
1102 630 1272 672 qualisque
1296 631 1421 663 solutus

548 679 702 722 Corpore,
729 679 940 719 celsitonans,
965 690 1032 719 ero,
1056 683 1225 724 tempnere
1250 682 1296 714 sic
1320 683 1458 725 fugitiva

546 730 671 771 Mundi,
694 731 849 763 iudicium
872 732 966 774 quasi
990 743 1148 774 praesens
1172 734 1286 765 mortis
1310 734 1452 767 adesset.

547 782 653 819 Quam
677 782 783 814 subito
807 783 902 826 perit,
926 783 1000 821 heu,
1024 784 1192 816 hominum
1218 786 1362 818 mortalis
1386 787 1508 829 imago:

546 834 673 867 Cotidie
695 834 816 867 idcirco
841 838 1029 878 suspectam
1050 837 1122 868 iure
1144 840 1259 870 tenere

543 886 631 918 Ante
653 886 741 919 acies
763 889 900 918 mortem
925 887 1084 920 debemus
1108 888 1198 921 fonte
1221 890 1326 922 renati

545 938 616 971 Nec
640 948 704 970 non
728 938 922 971 alterutrum
946 939 1116 972 caritatem
1140 941 1331 983 impendere
1356 941 1478 974 Christi

546 990 597 1022 Ob
621 990 784 1022 scelerum
808 991 949 1030 veniam,
974 1009 1013 1014 —-
1038 991 1078 1023 ob
1103 992 1189 1024 vitae
1215 993 1368 1025 caelestis
1393 1004 1548 1028 amorem.

545 1041 708 1079 Quatinus
730 1042 771 1074 ad
795 1043 920 1074 calcem
944 1043 1119 1075 subeamus
1142 1044 1188 1076 nil
1214 1045 1418 1087 trepidantes

545 1093 731 1126 Caelestem
754 1094 867 1126 mortis
892 1095 1041 1137 patriam,
1065 1095 1123 1128 sed
1148 1096 1250 1128 simus
1274 1100 1418 1130 ovantes.
1478 1093 1481 1095 ⁷

543 1145 685 1186 Christe,
707 1149 873 1178 memento
896 1147 955 1186 tui,
981 1147 1137 1185 clemens,
1161 1147 1314 1191 deposco,
1339 1149 1477 1189 clientis,

543 1197 702 1238 Adcfinis,
727 1198 855 1231 valeam
879 1198 938 1231 tibi
961 1209 1024 1242 quo
1049 1200 1207 1242 promissa
1230 1203 1352 1240 tenere,

543 1250 594 1282 Tu
616 1261 699 1291 mea,
723 1249 864 1290 Christe,
888 1251 976 1283 salus
1000 1252 1163 1294 quoniam,
1188 1255 1223 1284 tu
1247 1263 1323 1296 spes
1347 1264 1421 1285 mea
1444 1265 1562 1297 magna

543 1301 614 1335 Nec
637 1313 703 1334 non
725 1302 794 1335 vita
816 1302 916 1335 decus
939 1303 1011 1336 laus
1034 1304 1138 1346 gloria
1161 1304 1217 1336 lux
1241 1305 1327 1337 bona
1350 1306 1450 1338 solus.

890 1530 1115 1564 LXXXVIII.

647 1593 696 1631 IN
723 1593 944 1631 SESSIONE
971 1594 1365 1634 PEREGRINORVM.
1392 1626 1394 1628 .

550 1667 689 1711 Saepius
712 1668 764 1701 hic
786 1668 911 1701 residet
934 1669 1092 1710 Christus,
1115 1666 1307 1703 mitissimus
1330 1682 1444 1714 agnus,

585 1720 625 1752 In
648 1720 787 1752 hominis
811 1721 920 1764 specie
943 1722 1072 1764 saepius
1097 1722 1148 1754 hic
1171 1722 1311 1759 residet;

542 1771 679 1804 Solvere
702 1772 757 1815 qui
779 1772 905 1805 studuit
927 1773 1030 1815 gratis
1054 1773 1186 1806 loetalia
1210 1774 1327 1813 vincla,

585 1823 657 1860 Quo
679 1824 766 1856 foret
789 1825 986 1867 exemplum,
1010 1825 1138 1858 solvere
1161 1826 1216 1868 qui
1240 1826 1363 1858 studuit

490 1882 501 1899 ⁵
537 1875 748 1918 Instituitque
773 1886 849 1908 suos
872 1887 1007 1919 gressus
1030 1887 1164 1910 servare
1187 1881 1352 1920 paternos,

583 1926 655 1960 Neo
678 1927 784 1960 minus
807 1931 841 1960 et
862 1938 978 1971 pacem
1001 1929 1208 1972 instituitque
1232 1940 1317 1962 suos.

959 2153 1047 2187 IXC.

927 2220 943 2256 I
953 2219 984 2255 T
993 2219 1022 2256 E
1030 2219 1078 2256 Μ.

546 2290 897 2335 Βυεοίρορἰοἰριῆοε,
921 2304 951 2333 o,
976 2293 1108 2333 Christi,
1134 2294 1279 2336 claviger
1301 2295 1407 2334 aulae,

585 2342 694 2385 Ipsius
718 2343 751 2376 in
774 2345 886 2387 specie
910 2345 1040 2388 suscipe
1064 2345 1248 2388 discipulos,

543 2393 702 2437 Quaeque
725 2398 832 2438 potes,
856 2397 963 2429 tribue
983 2397 1030 2429 .0b
1052 2397 1140 2430 vitae
1166 2397 1320 2430 caelestis
1345 2408 1499 2437 amorem,

584 2445 724 2479 Nomine
748 2458 807 2490 pro
831 2447 964 2488 Christi,
988 2459 1136 2491 quaeque
1159 2452 1263 2492 potes,
1287 2449 1405 2481 tribue.

1771 239 1833 269 329

280 2589 311 2616 13
323 2591 485 2618 memmi:
496 2592 524 2618 in
536 2601 618 2626 mars]-
631 2593 656 2619 Β
732 2594 763 2620 17
781 2595 885 2621 *adesse
900 2595 924 2620 B
995 2595 1026 2620 19
1039 2599 1157 2628 suspecta
1169 2596 1195 2621 B
1206 2605 1273 2622 corr.
1286 2595 1384 2622 Bemm.
1455 2595 1489 2622 23
1501 2605 1552 2629 qua
1560 2595 1569 2628 l
1578 2596 1648 2622 tinus
1665 2596 1693 2621 in
1705 2604 1786 2628 meu-9.
1799 2595 1825 2620 B

278 2631 465 2668 [Lxxxvulq
482 2634 500 2660 3
518 2635 623 2661 uincula
639 2636 665 2661 B

278 2675 364 2710 [IXC.]
382 2677 399 2704 3
417 2678 505 2715 celesti
524 2679 550 2704 B
566 2688 632 2705 corr.
652 2679 750 2706 Bethm.

278 2760 368 2796 [IXC.]
394 2762 408 2789 1
431 2763 481 2795 cfr.
503 2771 523 2790 c.
546 2763 661 2798 LXIX,
677 2765 690 2791 l
719 2767 744 2792 et
773 2765 905 2799 Requlam
927 2765 955 2793 S.
975 2765 1115 2792 Benedicti
1141 2774 1164 2794 c.
1191 2765 1251 2792 LX
1277 2766 1308 2793 de
1332 2766 1479 2801 hospitibus
1505 2766 1692 2801 suscipiendis.-
1723 2767 1824 2794 Omnes

174 2812 400 2845 supervenientes
428 2813 567 2849 hospites,
597 2816 742 2850 tamquam
768 2816 905 2849 Christus,
934 2816 1129 2851 suscipiantur.
1179 2817 1250 2850 Quia
1277 2817 1337 2852 ipse
1363 2817 1487 2846 dicturus
1514 2820 1568 2846 est:
1599 2818 1699 2853 hospes
1728 2818 1768 2846 fui
1796 2820 1825 2845 et

174 2862 334 2898 suscepistis
351 2873 396 2892 mc
413 2865 524 2898 (Maus.
534 2867 588 2904 25).
695 2868 712 2894 3
729 2867 780 2900 cfr.
798 2876 820 2895 c.
837 2868 1032 2902 LXXXVII,
1045 2870 1087 2896 22.

277 2910 380 2938 Pon-uz
398 2920 482 2940 ιΑτικι
500 2921 560 2941 sevi
578 2915 704 2942 Cmoum
722 2914 771 2947 111,
783 2916 808 2943 2.
