2040 2996
263 101 326 132 214

829 98 973 126 SEDULII
992 98 1121 126 SCOTTI
1139 98 1307 126 CARMINA
1325 99 1360 126 II.

626 184 683 217 Ius
707 189 759 218 est
780 196 922 229 namque
945 186 1006 218 tibi
1030 186 1172 228 gemitus
1196 186 1310 218 audire
1333 189 1472 227 tuorum,

679 237 743 274 Qui
767 241 800 270 te
824 239 944 281 quique
967 241 1058 270 tuum
1081 248 1199 270 nomen
1223 249 1335 270 amore
1359 243 1488 272 sonant.

567 296 578 314 ⁵
631 289 681 321 Tu
704 293 799 333 pater
822 301 858 322 es
875 291 955 330 veri,
978 301 1075 322 verus
1099 290 1192 330 deus,
1216 290 1327 322 omnia
1350 301 1461 330 verax,

680 342 727 374 Te
750 354 864 375 verum
887 343 1051 375 dominum
1077 346 1194 375 cuncta
1218 346 1330 375 creata
1353 344 1505 386 probant.

629 394 717 436 Ergo
740 391 970 437 fuga'densas,
994 406 1012 427 ο
1035 396 1093 427 lux
1116 396 1275 436 inmensa,
1300 396 1464 435 tenebras,

682 446 809 488 Detege
831 447 1008 479 mendosos
1032 447 1165 482 luminis
1190 458 1246 479 ore
1270 448 1396 489 globos.

629 498 703 530 Non
727 498 964 531 confundantur
988 500 1084 532 mites
1108 502 1141 531 te
1165 500 1311 542 principe
1335 500 1437 542 pacis,

553 558 577 576 1⁰
683 550 711 581 Ο
735 550 780 582 fili
803 550 921 590 David,
945 562 964 582 o
989 550 1164 583 Salomone
1187 551 1289 593 prior:

631 602 697 634 Sed
722 602 962 634 confundantur
985 603 1131 635 mendosi
1154 603 1322 635 daemonis
1346 613 1447 640 arma,

683 653 763 690 Quis
785 654 900 697 inopes
925 658 1038 686 contra
1062 655 1173 686 sibilat
1195 655 1285 697 aspis
1309 665 1399 686 ovea.

631 706 680 738 Tu
704 707 756 738 leo
781 706 821 738 de
845 706 937 747 Iuda,
961 710 996 738 tu
1019 717 1089 747 rex,
1114 707 1174 749 (tu)
1200 706 1371 750 splendide
1395 706 1536 746 Christe,

687 758 788 790 Vince
811 758 993 790 latebrosas
1017 759 1091 790 luce
1115 759 1241 790 nitente
1266 758 1430 801 strophas.

556 817 579 835 1⁵
638 809 807 842 clarescat
828 811 954 842 cunctis
978 811 1098 843 erroris
1123 814 1157 842 et
1180 814 1251 843 atra
1274 821 1425 851 caverna,

682 861 779 893 Unde
803 862 882 894 serit
904 862 1015 905 piceas
1039 862 1124 894 falsa
1148 863 1279 905 loquela
1301 863 1402 894 faces.

632 913 682 945 Tu
705 914 865 956 quondam
889 914 999 946 fueras
1023 917 1134 946 castae
1157 914 1307 947 fautorne
1332 915 1514 955 Susannae,

685 965 803 997 Testes
827 966 965 998 falsidici
987 977 1048 998 nec
1071 967 1206 998 valuere
1229 966 1309 998 viri?

632 1017 705 1048 Non
727 1017 791 1049 illis
815 1018 963 1060 geminus
986 1029 1151 1058 numerus,
1174 1029 1239 1050 non
1263 1029 1346 1050 cana
1369 1021 1518 1051 vetustas

555 1076 580 1094 2⁰
684 1069 822 1110 Profuit,
845 1070 924 1102 haut
947 1070 1055 1102 fusum
1078 1070 1163 1102 falsa
1186 1081 1244 1113 per
1268 1081 1325 1102 ora
1348 1071 1488 1107 malum:

635 1121 699 1153 Sed
724 1125 756 1154 te
780 1122 890 1157 veraci
913 1122 1055 1161 domino,
1079 1126 1113 1155 te
1136 1122 1242 1155 iudice
1266 1133 1393 1154 summo

686 1173 885 1216 Sorpserunt
908 1175 1062 1217 reprobos
1086 1174 1224 1206 Tartara
1247 1185 1346 1206 caeca
1370 1175 1472 1207 viros:

634 1226 698 1262 Qui
722 1226 909 1258 dilexerunt
931 1226 1096 1258 mendosis
1118 1227 1251 1269 figmina
1274 1228 1400 1270 plastis,

686 1278 778 1310 Inter
800 1278 975 1310 mendosos
999 1279 1147 1321 praemia
1168 1279 1268 1321 digna
1291 1280 1396 1312 luunt.

559 1337 583 1356 2⁵
637 1330 768 1371 Magne,
792 1331 838 1362 tui
861 1331 981 1363 victrix
1005 1331 1058 1363 sic'
1075 1331 1227 1373 splendet
1250 1332 1340 1363 celsa
1363 1334 1522 1374 potestas,

687 1381 787 1413 Cuius
810 1383 843 1414 in
865 1386 999 1425 aspectu
1023 1383 1135 1415 nubila
1158 1383 1243 1417 salsa
1265 1383 1395 1416 cadunt.

635 1433 686 1464 Tu
709 1434 796 1466 solus
819 1434 914 1466 nobis
938 1435 983 1466 sis
1007 1434 1117 1474 iudex,
1143 1434 1285 1475 Christe,
1309 1435 1481 1477 benignus,

687 1485 766 1517 Alto
790 1486 896 1528 deque
921 1487 1037 1519 throno
1061 1487 1240 1529 propitiare
1265 1487 1339 1519 tuis.

635 1536 810 1570 Credimus
833 1539 1002 1570 altithroni
1025 1539 1173 1581 genitum
1197 1542 1239 1579 te,
1262 1539 1406 1571 maxime
1428 1542 1545 1579 rector,

558 1596 583 1614 ³⁰
689 1589 867 1632 speramus
891 1591 1004 1623 mitem
1027 1590 1162 1622 mitibus
1186 1601 1261 1623 esse
1285 1590 1420 1623 ducem:

635 1641 724 1684 Ergo
749 1642 813 1679 tuis
836 1642 966 1674 famulis
989 1643 1115 1675 alienae
1139 1643 1266 1676 sarcina
1288 1643 1383 1676 molis

685 1693 762 1726 Non
784 1698 973 1738 apponatur,
989 1695 1095 1728 iudice
1119 1698 1152 1728 te
1176 1695 1325 1734 domin0;

636 1745 674 1778 In
697 1749 730 1778 te
754 1750 925 1789 sperantes
949 1758 1014 1780 non
1037 1747 1274 1780 confundamur
1295 1749 1328 1780 in
1353 1758 1479 1788 aevum,

689 1798 817 1842 Sceptri
841 1799 1003 1842 virgatui
1027 1800 1157 1842 frangat
1180 1800 1304 1832 inorme
1329 1800 1441 1837 nefas;

563 1857 588 1876 ³⁵
642 1849 793 1884 Iustitiae
818 1852 974 1885 trutinam
998 1852 1148 1886 manibus
1172 1863 1261 1894 rege,
1285 1852 1424 1884 candide
1447 1852 1571 1885 index(

692 1903 782 1935 Vera
804 1904 916 1939 volent
938 1915 1078 1943 sursum,
1101 1908 1218 1946 vergat
1237 1905 1272 1936 in
1296 1905 1361 1936 ima
1383 1905 1515 1936 malum.

639 1955 689 1987 Tu
712 1956 806 1987 nobis
830 1956 966 1999 clipeus,
990 1960 1025 1988 tu
1045 1957 1094 1988 sis
1116 1956 1280 1999 turrisque
1305 1957 1436 1993 salutis;

692 2007 847 2048 Maxime,
869 2011 906 2040 tu
929 2009 1079 2040 minimos
1103 2009 1240 2052 respice,
1265 2008 1406 2049 Christe,
1430 2012 1516 2040 tuos.

1075 2113 1144 2137 nvn.

720 2167 834 2201 ITEM
855 2167 917 2200 DE
940 2168 1042 2200 IPSO
1065 2167 1309 2201 FALSIDICO
1333 2168 1486 2201 TESTE.

643 2229 729 2266 Quid
752 2229 911 2262 mendosa
934 2230 992 2262 tibi
1015 2230 1128 2262 retulit
1153 2230 1336 2272 vulpecula,
1361 2233 1491 2273 pastor?

690 2281 772 2313 Fors
797 2282 968 2321 eructavit,
992 2285 1073 2324 quos
1097 2281 1181 2313 bibit
1203 2282 1260 2313 illa
1284 2281 1398 2313 dolos?

646 2335 698 2366 An
722 2337 826 2366 tetros
850 2334 975 2366 vomuit
999 2334 1159 2366 carbones
1183 2345 1239 2366 ore
1262 2335 1395 2377 nigello,

693 2385 834 2418 Garrula
856 2386 1003 2428 gannivit
1026 2387 1165 2418 subdola
1184 2386 1290 2419 ‘verba
1313 2390 1456 2419 sonans?

580 2445 591 2463 ⁵
644 2437 795 2470 Forsitan
819 2439 961 2470 occlusis
984 2442 1122 2471 mortem
1150 2439 1214 2470 sibi
1238 2439 1331 2470 finxit
1353 2439 1479 2478 ocellis,

692 2489 859 2522 Prendere
883 2501 946 2533 quo
971 2501 1108 2533 superas
1131 2494 1200 2522 arte
1222 2491 1348 2522 valeret
1370 2493 1472 2523 aves?

383 2595 399 2621 5
417 2597 492 2628 deus]
511 2595 543 2622 dr
557 2597 579 2622 O
593 2598 609 2622 i.
628 2607 648 2623 e.
667 2598 761 2623 dicitur
777 2606 826 2630 pro
845 2597 874 2623 ds
968 2597 999 2623 11
1019 2598 1134 2623 demonis
1149 2598 1171 2624 G
1261 2598 1292 2624 13
1310 2603 1339 2624 tu
1358 2599 1420 2624 add.
1441 2599 1552 2625 Plrenne

279 2639 313 2663 M
311 2639 406 2664 anitius

384 2707 454 2741 [nvn]
479 2708 513 2733 29
531 2707 598 2733 Aen.
615 2707 700 2741 VIII,
724 2708 775 2734 572
798 2708 891 2735 divom
917 2710 949 2735 tu
974 2709 1095 2735 maxime
1118 2710 1215 2736 rector.

493 2639 528 2665 20
546 2641 654 2665 l'rofluit
667 2640 689 2665 C
704 2649 772 2666 corr.
790 2641 902 2666 Psrevme
1025 2641 1102 2674 [Lvn.]
1121 2642 1160 2667 ed.
1182 2642 1275 2667 Grom
1288 2651 1317 2675 p.
1338 2642 1368 2667 11

280 2759 387 2792 apoloqo
406 2767 480 2793 quem
498 2759 583 2793 tanqit
601 2760 647 2792 cli:
666 2760 740 2794 Voiqt
758 2761 838 2787 ecbas.
857 2763 923 2794 capt.
941 2762 1024 2795 1258·

1643 2599 1675 2624 19
1694 2604 1816 2625 uenustas
1831 2599 1853 2625 Ο
1867 2608 1935 2624 corr.

1345 2710 1427 2744 [evm]
1451 2711 1467 2736 4
1489 2710 1534 2743 cfr.
1557 2710 1638 2744 XLI,
1658 2711 1699 2737 84.
1798 2711 1815 2737 5
1831 2718 1884 2744 sqq.
1901 2710 1934 2736 de
