<?xml version="1.0" encoding="UTF-8"?>
<!DOCTYPE html PUBLIC "-//W3C//DTD XHTML 1.0 Transitional//EN"
    "http://www.w3.org/TR/xhtml1/DTD/xhtml1-transitional.dtd">
<html xmlns="http://www.w3.org/1999/xhtml" xml:lang="en" lang="en">
 <head>
  <title>
</title>
<meta http-equiv="Content-Type" content="text/html;charset=utf-8" />
  <meta name='ocr-system' content='tesseract 3.04.00' />
  <meta name='ocr-capabilities' content='ocr_page ocr_carea ocr_par ocr_line ocrx_word'/>
</head>
<body>
  <div class='ocr_page' id='page_1' title='image "./monumentagerma03geseuoft/monumentagerma03geseuoft_0756.png"; bbox 0 0 2060 3074; ppageno 0'>
   <div class='ocr_carea' id='block_1_1' title="bbox 299 149 1476 184">
    <p class='ocr_par' dir='ltr' id='par_1_1' title="bbox 299 149 1476 184">
     <span class='ocr_line' id='line_1_1' title="bbox 299 149 1476 184; baseline -0.002 -7"><span class='ocrx_word' id='word_1_1' title='bbox 299 155 360 184; x_wconf 71' lang='lat'><em>740</em></span> <span class='ocrx_word' id='word_1_2' title='bbox 774 150 937 177; x_wconf 80' lang='lat' dir='ltr'><strong>AUDRADI</strong></span> <span class='ocrx_word' id='word_1_3' title='bbox 954 149 1151 176; x_wconf 87' lang='lat' dir='ltr'><strong>CARMINUM</strong></span> <span class='ocrx_word' id='word_1_4' title='bbox 1171 149 1476 176; x_wconf 83' lang='lat' dir='ltr'>SUPPLEMENTUM.</span> 
     </span>
    </p>
   </div>
   <div class='ocr_carea' id='block_1_2' title="bbox 294 234 1955 844">
    <p class='ocr_par' dir='ltr' id='par_1_2' title="bbox 294 234 1955 844">
     <span class='ocr_line' id='line_1_2' title="bbox 301 234 1952 276; baseline -0.002 -6"><span class='ocrx_word' id='word_1_5' title='bbox 301 238 407 270; x_wconf 78' lang='lat' dir='ltr'><em>metris</em></span> <span class='ocrx_word' id='word_1_6' title='bbox 429 239 615 269; x_wconf 74' lang='lat' dir='ltr'><em>constantes</em></span> <span class='ocrx_word' id='word_1_7' title='bbox 665 237 752 276; x_wconf 75' lang='lat' dir='ltr'><em>Quae</em></span> <span class='ocrx_word' id='word_1_8' title='bbox 774 236 908 275; x_wconf 74' lang='lat' dir='ltr'><em>scripta,</em></span> <span class='ocrx_word' id='word_1_9' title='bbox 925 238 1096 275; x_wconf 74' lang='lat' dir='ltr'><em>postquam</em></span> <span class='ocrx_word' id='word_1_10' title='bbox 1119 235 1183 266; x_wconf 86' lang='lat' dir='ltr'><em>alio</em></span> <span class='ocrx_word' id='word_1_11' title='bbox 1205 234 1271 267; x_wconf 85' lang='lat' dir='ltr'><em>loco</em></span> <span class='ocrx_word' id='word_1_12' title='bbox 1292 246 1314 267; x_wconf 90' lang='lat' dir='ltr'><em>a</em></span> <span class='ocrx_word' id='word_1_13' title='bbox 1337 246 1383 267; x_wconf 86' lang='lat' dir='ltr'><em>me</em></span> <span class='ocrx_word' id='word_1_14' title='bbox 1411 238 1457 267; x_wconf 86' lang='lat' dir='ltr'><em>est</em></span> <span class='ocrx_word' id='word_1_15' title='bbox 1479 236 1728 267; x_wconf 84' lang='lat' dir='ltr'><em>demonstratum</em></span> <span class='ocrx_word' id='word_1_16' title='bbox 1739 235 1772 275; x_wconf 88' lang='lat'><em>¹),</em></span> <span class='ocrx_word' id='word_1_17' title='bbox 1795 245 1886 275; x_wconf 80' lang='lat' dir='ltr'><em>quem</em></span> <span class='ocrx_word' id='word_1_18' title='bbox 1907 235 1952 267; x_wconf 82' lang='lat' dir='ltr'><em>ad</em></span> 
     </span>
     <span class='ocr_line' id='line_1_3' title="bbox 299 287 1950 328; baseline -0.002 -7"><span class='ocrx_word' id='word_1_19' title='bbox 299 290 425 321; x_wconf 82' lang='lat' dir='ltr'><em>modum</em></span> <span class='ocrx_word' id='word_1_20' title='bbox 448 289 613 320; x_wconf 75' lang='lat' dir='ltr'><em>editionem</em></span> <span class='ocrx_word' id='word_1_21' title='bbox 636 298 735 319; x_wconf 82' lang='lat' dir='ltr'><em>meam</em></span> <span class='ocrx_word' id='word_1_22' title='bbox 758 287 910 318; x_wconf 81' lang='lat' dir='ltr'><em>Audracli</em></span> <span class='ocrx_word' id='word_1_23' title='bbox 933 287 1113 318; x_wconf 76' lang='lat' dir='ltr'><em>carminum</em></span> <span class='ocrx_word' id='word_1_24' title='bbox 1135 287 1201 318; x_wconf 90' lang='lat' dir='ltr'><em>iam</em></span> <span class='ocrx_word' id='word_1_25' title='bbox 1223 297 1308 318; x_wconf 88' lang='lat' dir='ltr'><em>anno</em></span> <span class='ocrx_word' id='word_1_26' title='bbox 1332 289 1416 319; x_wconf 79' lang='lat'><em>1886</em></span> <span class='ocrx_word' id='word_1_27' title='bbox 1437 288 1583 320; x_wconf 85' lang='lat' dir='ltr'><em>emissam</em></span> <span class='ocrx_word' id='word_1_28' title='bbox 1591 287 1617 327; x_wconf 81' lang='lat'><em>²)</em></span> <span class='ocrx_word' id='word_1_29' title='bbox 1642 287 1853 328; x_wconf 75' lang='lat' dir='ltr'><em>prosperrime</em></span> <span class='ocrx_word' id='word_1_30' title='bbox 1874 297 1950 327; x_wconf 79' lang='lat' dir='ltr'><em>sup-</em></span> 
     </span>
     <span class='ocr_line' id='line_1_4' title="bbox 294 337 1950 380; baseline -0.002 -8"><span class='ocrx_word' id='word_1_31' title='bbox 294 341 463 380; x_wconf 76' lang='lat' dir='ltr'><em>plevissent</em></span> <span class='ocrx_word' id='word_1_32' title='bbox 485 342 579 379; x_wconf 80' lang='lat' dir='ltr'><em>atque</em></span> <span class='ocrx_word' id='word_1_33' title='bbox 602 340 798 370; x_wconf 87' lang='lat' dir='ltr'><em>coniecturas</em></span> <span class='ocrx_word' id='word_1_34' title='bbox 820 349 905 369; x_wconf 88' lang='lat' dir='ltr'><em>meas</em></span> <span class='ocrx_word' id='word_1_35' title='bbox 927 338 972 369; x_wconf 87' lang='lat' dir='ltr'><em>ibi</em></span> <span class='ocrx_word' id='word_1_36' title='bbox 987 338 1135 378; x_wconf 71' lang='lat' dir='ltr'><em>prolatas</em></span> <span class='ocrx_word' id='word_1_37' title='bbox 1158 338 1195 370; x_wconf 84' lang='lat' dir='ltr'><em>de</em></span> <span class='ocrx_word' id='word_1_38' title='bbox 1210 339 1406 370; x_wconf 80' lang='lat' dir='ltr'><em>carminibus</em></span> <span class='ocrx_word' id='word_1_39' title='bbox 1427 340 1522 371; x_wconf 90' lang='lat' dir='ltr'><em>etiam</em></span> <span class='ocrx_word' id='word_1_40' title='bbox 1545 342 1612 371; x_wconf 87' lang='lat' dir='ltr'><em>tum</em></span> <span class='ocrx_word' id='word_1_41' title='bbox 1634 339 1670 370; x_wconf 86' lang='lat' dir='ltr'><em>in</em></span> <span class='ocrx_word' id='word_1_42' title='bbox 1692 337 1810 370; x_wconf 73' lang='lat' dir='ltr'><em>occulto</em></span> <span class='ocrx_word' id='word_1_43' title='bbox 1825 337 1950 370; x_wconf 80' lang='lat' dir='ltr'><em>latenti-</em></span> 
     </span>
     <span class='ocr_line' id='line_1_5' title="bbox 299 389 1952 432; baseline -0.001 -9"><span class='ocrx_word' id='word_1_44' title='bbox 299 393 365 430; x_wconf 85' lang='lat' dir='ltr'><em>bus,</em></span> <span class='ocrx_word' id='word_1_45' title='bbox 391 392 428 423; x_wconf 84' lang='lat' dir='ltr'><em>de</em></span> <span class='ocrx_word' id='word_1_46' title='bbox 449 391 560 432; x_wconf 70' lang='lat' dir='ltr'><em>syltoye</em></span> <span class='ocrx_word' id='word_1_47' title='bbox 582 391 622 421; x_wconf 89' lang='lat' dir='ltr'><em>ab</em></span> <span class='ocrx_word' id='word_1_48' title='bbox 645 391 712 430; x_wconf 74' lang='lat' dir='ltr'><em>ipso</em></span> <span class='ocrx_word' id='word_1_49' title='bbox 736 389 894 421; x_wconf 66' lang='lat' dir='ltr'><em>Audi-ado</em></span> <span class='ocrx_word' id='word_1_50' title='bbox 917 389 1053 428; x_wconf 79' lang='lat' dir='ltr'><em>condita,</em></span> <span class='ocrx_word' id='word_1_51' title='bbox 1077 389 1114 420; x_wconf 81' lang='lat' dir='ltr'><em>cle</em></span> <span class='ocrx_word' id='word_1_52' title='bbox 1136 393 1278 429; x_wconf 73' lang='lat' dir='ltr'><em>computo</em></span> <span class='ocrx_word' id='word_1_53' title='bbox 1301 390 1340 421; x_wconf 89' lang='lat' dir='ltr'><em>ab</em></span> <span class='ocrx_word' id='word_1_54' title='bbox 1363 401 1396 422; x_wconf 87' lang='lat' dir='ltr'><em>eo</em></span> <span class='ocrx_word' id='word_1_55' title='bbox 1419 391 1560 429; x_wconf 83' lang='lat' dir='ltr'><em>invento,</em></span> <span class='ocrx_word' id='word_1_56' title='bbox 1584 390 1621 422; x_wconf 85' lang='lat' dir='ltr'><em>de</em></span> <span class='ocrx_word' id='word_1_57' title='bbox 1643 390 1752 422; x_wconf 78' lang='lat' dir='ltr'><em>ceteris</em></span> <span class='ocrx_word' id='word_1_58' title='bbox 1774 389 1866 422; x_wconf 78' lang='lat' dir='ltr'><em>rebus</em></span> <span class='ocrx_word' id='word_1_59' title='bbox 1887 401 1952 422; x_wconf 81' lang='lat' dir='ltr'><em>mm</em></span> 
     </span>
     <span class='ocr_line' id='line_1_6' title="bbox 294 439 1952 482; baseline -0.001 -8"><span class='ocrx_word' id='word_1_60' title='bbox 294 443 425 482; x_wconf 75' lang='lat' dir='ltr'><em>paucis,</em></span> <span class='ocrx_word' id='word_1_61' title='bbox 449 442 533 473; x_wconf 78' lang='lat' dir='ltr'><em>alias</em></span> <span class='ocrx_word' id='word_1_62' title='bbox 555 441 831 481; x_wconf 75' lang='lat' dir='ltr'><em>confirmavissent,</em></span> <span class='ocrx_word' id='word_1_63' title='bbox 865 439 950 472; x_wconf 75' lang='lat' dir='ltr'><em>alias</em></span> <span class='ocrx_word' id='word_1_64' title='bbox 980 441 1196 479; x_wconf 77' lang='lat' dir='ltr'><em>correxissent,</em></span> <span class='ocrx_word' id='word_1_65' title='bbox 1229 440 1385 481; x_wconf 83' lang='lat' dir='ltr'><em>reliquum</em></span> <span class='ocrx_word' id='word_1_66' title='bbox 1415 444 1499 479; x_wconf 84' lang='lat' dir='ltr'><em>erat,</em></span> <span class='ocrx_word' id='word_1_67' title='bbox 1529 444 1565 473; x_wconf 88' lang='lat' dir='ltr'><em>ut</em></span> <span class='ocrx_word' id='word_1_68' title='bbox 1593 441 1650 473; x_wconf 82' lang='lat' dir='ltr'><em>hoc</em></span> <span class='ocrx_word' id='word_1_69' title='bbox 1671 441 1707 473; x_wconf 86' lang='lat' dir='ltr'><em>in</em></span> <span class='ocrx_word' id='word_1_70' title='bbox 1731 452 1857 482; x_wconf 64' lang='lat' dir='ltr'><em>corpore</em></span> <span class='ocrx_word' id='word_1_71' title='bbox 1879 441 1952 473; x_wconf 75' lang='lat' dir='ltr'><em>dili·-</em></span> 
     </span>
     <span class='ocr_line' id='line_1_7' title="bbox 297 485 1953 534; baseline 0 -9"><span class='ocrx_word' id='word_1_72' title='bbox 297 495 423 534; x_wconf 74' lang='lat' dir='ltr'><em>9entius</em></span> <span class='ocrx_word' id='word_1_73' title='bbox 439 485 624 531; x_wconf 75' lang='lat' dir='ltr'><em>edermztur,</em></span> <span class='ocrx_word' id='word_1_74' title='bbox 658 503 754 533; x_wconf 80' lang='lat' dir='ltr'><em>quam</em></span> <span class='ocrx_word' id='word_1_75' title='bbox 777 503 798 523; x_wconf 88' lang='lat' dir='ltr'><em>a</em></span> <span class='ocrx_word' id='word_1_76' title='bbox 820 493 908 524; x_wconf 84' lang='lat' dir='ltr'><em>docto</em></span> <span class='ocrx_word' id='word_1_77' title='bbox 932 492 1015 524; x_wconf 84' lang='lat' dir='ltr'><em>Italo</em></span> <span class='ocrx_word' id='word_1_78' title='bbox 1047 493 1170 532; x_wconf 86' lang='lat' dir='ltr'><em>factum</em></span> <span class='ocrx_word' id='word_1_79' title='bbox 1201 495 1287 524; x_wconf 87' lang='lat' dir='ltr'><em>esset.</em></span> <span class='ocrx_word' id='word_1_80' title='bbox 1346 493 1410 525; x_wconf 86' lang='lat' dir='ltr'><em>Per</em></span> <span class='ocrx_word' id='word_1_81' title='bbox 1438 494 1542 525; x_wconf 85' lang='lat' dir='ltr'><em>virum</em></span> <span class='ocrx_word' id='word_1_82' title='bbox 1564 494 1664 534; x_wconf 77' lang='lat' dir='ltr'><em>iyitur</em></span> <span class='ocrx_word' id='word_1_83' title='bbox 1686 493 1953 526; x_wconf 77' lang='lat' dir='ltr'><em>humanissimum</em></span> 
     </span>
     <span class='ocr_line' id='line_1_8' title="bbox 298 544 1951 586; baseline -0.001 -9"><span class='ocrx_word' id='word_1_84' title='bbox 298 549 393 586; x_wconf 79' lang='lat' dir='ltr'><em>atquc</em></span> <span class='ocrx_word' id='word_1_85' title='bbox 424 555 497 585; x_wconf 71' lang='lat' dir='ltr'><em>crya</em></span> <span class='ocrx_word' id='word_1_86' title='bbox 527 556 573 576; x_wconf 92' lang='lat' dir='ltr'><em>me</em></span> <span class='ocrx_word' id='word_1_87' title='bbox 603 545 846 582; x_wconf 84' lang='lat' dir='ltr'><em>amicissimum,</em></span> <span class='ocrx_word' id='word_1_88' title='bbox 873 544 1036 584; x_wconf 75' lang='lat' dir='ltr'><em>Iosephum</em></span> <span class='ocrx_word' id='word_1_89' title='bbox 1061 544 1258 585; x_wconf 42' lang='lat' dir='ltr'><em>Fama-qam,</em></span> <span class='ocrx_word' id='word_1_90' title='bbox 1288 555 1374 577; x_wconf 74' lang='lat' dir='ltr'><em>nunc</em></span> <span class='ocrx_word' id='word_1_91' title='bbox 1403 545 1672 577; x_wconf 77' lang='lat' dir='ltr'><em>bibliothecarium</em></span> <span class='ocrx_word' id='word_1_92' title='bbox 1694 544 1951 585; x_wconf 79' lang='lat' dir='ltr'><em>Neapolitanum,</em></span> 
     </span>
     <span class='ocr_line' id='line_1_9' title="bbox 295 595 1953 637; baseline 0.001 -10"><span class='ocrx_word' id='word_1_93' title='bbox 295 597 397 637; x_wconf 73' lang='lat' dir='ltr'><em>petivi</em></span> <span class='ocrx_word' id='word_1_94' title='bbox 418 607 439 627; x_wconf 93' lang='lat' dir='ltr'><em>a</em></span> <span class='ocrx_word' id='word_1_95' title='bbox 461 596 585 628; x_wconf 85' lang='lat' dir='ltr'><em>Domno</em></span> <span class='ocrx_word' id='word_1_96' title='bbox 611 596 769 628; x_wconf 81' lang='lat' dir='ltr'><em>Gulielmo</em></span> <span class='ocrx_word' id='word_1_97' title='bbox 807 595 985 636; x_wconf 75' lang='lat' dir='ltr'><em>Colavolpe,</em></span> <span class='ocrx_word' id='word_1_98' title='bbox 1020 596 1171 628; x_wconf 81' lang='lat' dir='ltr'><em>monacho</em></span> <span class='ocrx_word' id='word_1_99' title='bbox 1205 596 1372 628; x_wconf 83' lang='lat' dir='ltr'><em>Casinensi</em></span> <span class='ocrx_word' id='word_1_100' title='bbox 1401 600 1431 628; x_wconf 87' lang='lat' dir='ltr'><em>et</em></span> <span class='ocrx_word' id='word_1_101' title='bbox 1459 597 1643 629; x_wconf 84' lang='lat' dir='ltr'><em>monasterii</em></span> <span class='ocrx_word' id='word_1_102' title='bbox 1669 596 1818 629; x_wconf 82' lang='lat' dir='ltr'><em>Oavensis</em></span> <span class='ocrx_word' id='word_1_103' title='bbox 1846 597 1953 629; x_wconf 78' lang='lat' dir='ltr'><em>biblio-</em></span> 
     </span>
     <span class='ocr_line' id='line_1_10' title="bbox 301 647 1955 690; baseline 0 -10"><span class='ocrx_word' id='word_1_104' title='bbox 301 649 448 686; x_wconf 79' lang='lat' dir='ltr'><em>thecario,</em></span> <span class='ocrx_word' id='word_1_105' title='bbox 472 651 508 680; x_wconf 89' lang='lat' dir='ltr'><em>ut</em></span> <span class='ocrx_word' id='word_1_106' title='bbox 530 659 608 679; x_wconf 89' lang='lat' dir='ltr'><em>suae</em></span> <span class='ocrx_word' id='word_1_107' title='bbox 630 648 829 680; x_wconf 80' lang='lat' dir='ltr'><em>bibliothecae</em></span> <span class='ocrx_word' id='word_1_108' title='bbox 852 648 987 679; x_wconf 79' lang='lat' dir='ltr'><em>codicem</em></span> <span class='ocrx_word' id='word_1_109' title='bbox 1011 648 1113 679; x_wconf 78' lang='lat' dir='ltr'><em>denuo</em></span> <span class='ocrx_word' id='word_1_110' title='bbox 1135 659 1207 679; x_wconf 91' lang='lat' dir='ltr'><em>cum</em></span> <span class='ocrx_word' id='word_1_111' title='bbox 1226 647 1404 680; x_wconf 75' lang='lat' dir='ltr'><em>Gaudentii</em></span> <span class='ocrx_word' id='word_1_112' title='bbox 1419 649 1555 690; x_wconf 62' lang='lat' dir='ltr'><em>evemplo</em></span> <span class='ocrx_word' id='word_1_113' title='bbox 1578 648 1742 688; x_wconf 77' lang='lat' dir='ltr'><em>conferret.</em></span> <span class='ocrx_word' id='word_1_114' title='bbox 1790 650 1882 690; x_wconf 73' lang='lat' dir='ltr'><em>Quod</em></span> <span class='ocrx_word' id='word_1_115' title='bbox 1902 648 1955 680; x_wconf 80' lang='lat' dir='ltr'><em>ille</em></span> 
     </span>
     <span class='ocr_line' id='line_1_11' title="bbox 300 700 1954 741; baseline 0 -9"><span class='ocrx_word' id='word_1_116' title='bbox 300 701 456 741; x_wconf 76' lang='lat' dir='ltr'><em>neyotium</em></span> <span class='ocrx_word' id='word_1_117' title='bbox 478 702 507 731; x_wconf 92' lang='lat' dir='ltr'><em>et</em></span> <span class='ocrx_word' id='word_1_118' title='bbox 529 700 757 731; x_wconf 80' lang='lat' dir='ltr'><em>humanissime</em></span> <span class='ocrx_word' id='word_1_119' title='bbox 779 700 916 739; x_wconf 76' lang='lat' dir='ltr'><em>suscepit</em></span> <span class='ocrx_word' id='word_1_120' title='bbox 938 702 967 731; x_wconf 88' lang='lat' dir='ltr'><em>et</em></span> <span class='ocrx_word' id='word_1_121' title='bbox 989 700 1166 731; x_wconf 80' lang='lat' dir='ltr'><em>doctissime</em></span> <span class='ocrx_word' id='word_1_122' title='bbox 1186 700 1328 740; x_wconf 77' lang='lat' dir='ltr'><em>perfecit,</em></span> <span class='ocrx_word' id='word_1_123' title='bbox 1352 703 1389 732; x_wconf 87' lang='lat' dir='ltr'><em>ut</em></span> <span class='ocrx_word' id='word_1_124' title='bbox 1412 701 1449 732; x_wconf 85' lang='lat' dir='ltr'><em>de</em></span> <span class='ocrx_word' id='word_1_125' title='bbox 1464 700 1593 733; x_wconf 88' lang='lat' dir='ltr'><em>lectione</em></span> <span class='ocrx_word' id='word_1_126' title='bbox 1610 701 1677 732; x_wconf 88' lang='lat' dir='ltr'><em>iam</em></span> <span class='ocrx_word' id='word_1_127' title='bbox 1691 704 1835 734; x_wconf 80' lang='lat' dir='ltr'><em>constare</em></span> <span class='ocrx_word' id='word_1_128' title='bbox 1849 701 1954 733; x_wconf 80' lang='lat' dir='ltr'><em>videa-</em></span> 
     </span>
     <span class='ocr_line' id='line_1_12' title="bbox 300 751 1954 793; baseline 0 -9"><span class='ocrx_word' id='word_1_129' title='bbox 300 756 362 785; x_wconf 87' lang='lat' dir='ltr'><em>tur.</em></span> <span class='ocrx_word' id='word_1_130' title='bbox 413 752 556 785; x_wconf 82' lang='lat' dir='ltr'><em>Continet</em></span> <span class='ocrx_word' id='word_1_131' title='bbox 585 752 661 783; x_wconf 88' lang='lat' dir='ltr'><em>liber</em></span> <span class='ocrx_word' id='word_1_132' title='bbox 687 751 835 784; x_wconf 82' lang='lat' dir='ltr'><em>Oavensis</em></span> <span class='ocrx_word' id='word_1_133' title='bbox 857 755 913 792; x_wconf 88' lang='lat'><em>(=</em></span> <span class='ocrx_word' id='word_1_134' title='bbox 934 751 974 792; x_wconf 84' lang='lat' dir='ltr'><em>C)</em></span> <span class='ocrx_word' id='word_1_135' title='bbox 995 754 1125 791; x_wconf 77' lang='lat' dir='ltr'><em>praeter</em></span> <span class='ocrx_word' id='word_1_136' title='bbox 1153 752 1347 784; x_wconf 80' lang='lat' dir='ltr'><em>Andradum</em></span> <span class='ocrx_word' id='word_1_137' title='bbox 1375 763 1470 793; x_wconf 77' lang='lat' dir='ltr'><em>opera</em></span> <span class='ocrx_word' id='word_1_138' title='bbox 1497 753 1654 793; x_wconf 80' lang='lat' dir='ltr'><em>quaedam</em></span> <span class='ocrx_word' id='word_1_139' title='bbox 1682 753 1800 785; x_wconf 82' lang='lat' dir='ltr'><em>Isidori</em></span> <span class='ocrx_word' id='word_1_140' title='bbox 1833 753 1954 793; x_wconf 73' lang='lat' dir='ltr'><em>Hispa-</em></span> 
     </span>
     <span class='ocr_line' id='line_1_13' title="bbox 301 803 1193 844; baseline 0 -8"><span class='ocrx_word' id='word_1_141' title='bbox 301 805 411 842; x_wconf 82' lang='lat' dir='ltr'><em>lensis,·</em></span> <span class='ocrx_word' id='word_1_142' title='bbox 432 804 571 843; x_wconf 80' lang='lat' dir='ltr'><em>scriptus</em></span> <span class='ocrx_word' id='word_1_143' title='bbox 594 806 638 835; x_wconf 88' lang='lat' dir='ltr'><em>est</em></span> <span class='ocrx_word' id='word_1_144' title='bbox 660 803 783 835; x_wconf 88' lang='lat' dir='ltr'><em>sacculo</em></span> <span class='ocrx_word' id='word_1_145' title='bbox 806 803 986 835; x_wconf 81' lang='lat' dir='ltr'><em>duodecimo</em></span> <span class='ocrx_word' id='word_1_146' title='bbox 1008 806 1148 844; x_wconf 75' lang='lat' dir='ltr'><em>veryente</em></span> <span class='ocrx_word' id='word_1_147' title='bbox 1159 805 1193 844; x_wconf 80' lang='lat'><em>³).</em></span> 
     </span>
    </p>
   </div>
   <div class='ocr_carea' id='block_1_3' title="bbox 302 932 2002 1485">
    <p class='ocr_par' dir='ltr' id='par_1_3' title="bbox 302 932 2002 1485">
     <span class='ocr_line' id='line_1_14' title="bbox 405 932 1956 967; baseline 0.001 -2"><span class='ocrx_word' id='word_1_148' title='bbox 405 934 499 965; x_wconf 92' lang='lat' dir='ltr'><em>Anno</em></span> <span class='ocrx_word' id='word_1_149' title='bbox 532 934 573 965; x_wconf 89' lang='lat' dir='ltr'><em>ab</em></span> <span class='ocrx_word' id='word_1_150' title='bbox 605 934 823 965; x_wconf 80' lang='lat' dir='ltr'><em>incarnatione</em></span> <span class='ocrx_word' id='word_1_151' title='bbox 854 933 972 967; x_wconf 90' lang='lat' dir='ltr'><em>domini</em></span> <span class='ocrx_word' id='word_1_152' title='bbox 1000 934 1100 965; x_wconf 81' lang='lat' dir='ltr'><em>nostri</em></span> <span class='ocrx_word' id='word_1_153' title='bbox 1128 934 1204 965; x_wconf 90' lang='lat' dir='ltr'><em>Iesu</em></span> <span class='ocrx_word' id='word_1_154' title='bbox 1234 933 1351 965; x_wconf 81' lang='lat' dir='ltr'><em>Christi</em></span> <span class='ocrx_word' id='word_1_155' title='bbox 1376 932 1654 964; x_wconf 83' lang='lat' dir='ltr'>DCCOXLVIIII</span> <span class='ocrx_word' id='word_1_156' title='bbox 1678 944 1750 965; x_wconf 90' lang='lat' dir='ltr'><em>eum</em></span> <span class='ocrx_word' id='word_1_157' title='bbox 1780 933 1956 966; x_wconf 87' lang='lat' dir='ltr'><em>secundum</em></span> 
     </span>
     <span class='ocr_line' id='line_1_15' title="bbox 302 985 1954 1027; baseline 0 -9"><span class='ocrx_word' id='word_1_158' title='bbox 302 987 464 1018; x_wconf 85' lang='lat' dir='ltr'><em>oraculum</em></span> <span class='ocrx_word' id='word_1_159' title='bbox 493 985 634 1017; x_wconf 88' lang='lat' dir='ltr'><em>divinum</em></span> <span class='ocrx_word' id='word_1_160' title='bbox 665 995 726 1027; x_wconf 84' lang='lat' dir='ltr'><em>ego</em></span> <span class='ocrx_word' id='word_1_161' title='bbox 751 985 940 1026; x_wconf 82' lang='lat' dir='ltr'><em>Audradus,</em></span> <span class='ocrx_word' id='word_1_162' title='bbox 971 986 1112 1017; x_wconf 90' lang='lat' dir='ltr'><em>omnium</em></span> <span class='ocrx_word' id='word_1_163' title='bbox 1141 996 1306 1017; x_wconf 87' lang='lat' dir='ltr'><em>servorum</em></span> <span class='ocrx_word' id='word_1_164' title='bbox 1336 985 1389 1017; x_wconf 90' lang='lat' dir='ltr'><em>dei</em></span> <span class='ocrx_word' id='word_1_165' title='bbox 1417 985 1581 1025; x_wconf 81' lang='lat' dir='ltr'><em>minimus,</em></span> <span class='ocrx_word' id='word_1_166' title='bbox 1611 996 1670 1027; x_wconf 89' lang='lat' dir='ltr'><em>pro</em></span> <span class='ocrx_word' id='word_1_167' title='bbox 1694 986 1798 1017; x_wconf 84' lang='lat' dir='ltr'><em>salute</em></span> <span class='ocrx_word' id='word_1_168' title='bbox 1821 986 1954 1018; x_wconf 78' lang='lat' dir='ltr'><em>fratrum</em></span> 
     </span>
     <span class='ocr_line' id='line_1_16' title="bbox 303 1037 1956 1080; baseline 0.001 -11"><span class='ocrx_word' id='word_1_169' title='bbox 303 1049 447 1070; x_wconf 88' lang='lat' dir='ltr'><em>meorum</em></span> <span class='ocrx_word' id='word_1_170' title='bbox 471 1038 609 1069; x_wconf 84' lang='lat' dir='ltr'><em>Romam</em></span> <span class='ocrx_word' id='word_1_171' title='bbox 633 1037 674 1068; x_wconf 86' lang='lat' dir='ltr'><em>ad</em></span> <span class='ocrx_word' id='word_1_172' title='bbox 696 1037 807 1068; x_wconf 86' lang='lat' dir='ltr'><em>limina</em></span> <span class='ocrx_word' id='word_1_173' title='bbox 830 1037 1089 1069; x_wconf 88' lang='lat' dir='ltr'><em>beatissimorum</em></span> <span class='ocrx_word' id='word_1_174' title='bbox 1112 1038 1332 1080; x_wconf 84' lang='lat' dir='ltr'><em>apostolorum</em></span> <span class='ocrx_word' id='word_1_175' title='bbox 1356 1037 1587 1068; x_wconf 78' lang='lat' dir='ltr'><em>intercessurus</em></span> <span class='ocrx_word' id='word_1_176' title='bbox 1603 1037 1775 1077; x_wconf 81' lang='lat' dir='ltr'><em>venissem,</em></span> <span class='ocrx_word' id='word_1_177' title='bbox 1799 1040 1956 1080; x_wconf 80' lang='lat' dir='ltr'><em>exceptus</em></span> 
     </span>
     <span class='ocr_line' id='line_1_17' title="bbox 302 1089 1954 1133; baseline 0.001 -12"><span class='ocrx_word' id='word_1_178' title='bbox 302 1101 321 1122; x_wconf 87' lang='lat' dir='ltr'><em>a</em></span> <span class='ocrx_word' id='word_1_179' title='bbox 345 1090 472 1121; x_wconf 90' lang='lat' dir='ltr'><em>domino</em></span> <span class='ocrx_word' id='word_1_180' title='bbox 498 1092 611 1131; x_wconf 88' lang='lat' dir='ltr'><em>quarto</em></span> <span class='ocrx_word' id='word_1_181' title='bbox 635 1089 745 1120; x_wconf 82' lang='lat' dir='ltr'><em>Leone</em></span> <span class='ocrx_word' id='word_1_182' title='bbox 769 1100 865 1133; x_wconf 82' lang='lat' dir='ltr'><em>papa,</em></span> <span class='ocrx_word' id='word_1_183' title='bbox 890 1090 957 1121; x_wconf 90' lang='lat' dir='ltr'><em>viro</em></span> <span class='ocrx_word' id='word_1_184' title='bbox 981 1100 1171 1131; x_wconf 81' lang='lat' dir='ltr'><em>magnorum</em></span> <span class='ocrx_word' id='word_1_185' title='bbox 1195 1100 1340 1132; x_wconf 86' lang='lat' dir='ltr'><em>operum,</em></span> <span class='ocrx_word' id='word_1_186' title='bbox 1358 1089 1461 1121; x_wconf 87' lang='lat' dir='ltr'><em>obtuli</em></span> <span class='ocrx_word' id='word_1_187' title='bbox 1476 1089 1575 1120; x_wconf 87' lang='lat' dir='ltr'><em>libros</em></span> <span class='ocrx_word' id='word_1_188' title='bbox 1591 1089 1649 1120; x_wconf 89' lang='lat' dir='ltr'><em>hos</em></span> <span class='ocrx_word' id='word_1_189' title='bbox 1672 1099 1732 1132; x_wconf 87' lang='lat' dir='ltr'><em>per</em></span> <span class='ocrx_word' id='word_1_190' title='bbox 1754 1099 1869 1122; x_wconf 84' lang='lat' dir='ltr'><em>manus</em></span> <span class='ocrx_word' id='word_1_191' title='bbox 1884 1089 1954 1122; x_wconf 85' lang='lat' dir='ltr'><em>eius</em></span> 
     </span>
     <span class='ocr_line' id='line_1_18' title="bbox 302 1139 1997 1184; baseline 0 -10"><span class='ocrx_word' id='word_1_192' title='bbox 302 1142 430 1174; x_wconf 90' lang='lat' dir='ltr'><em>domino</em></span> <span class='ocrx_word' id='word_1_193' title='bbox 464 1141 496 1172; x_wconf 88' lang='lat' dir='ltr'><em>in</em></span> <span class='ocrx_word' id='word_1_194' title='bbox 528 1141 580 1172; x_wconf 90' lang='lat' dir='ltr'><em>die</em></span> <span class='ocrx_word' id='word_1_195' title='bbox 613 1141 712 1172; x_wconf 86' lang='lat' dir='ltr'><em>natali</em></span> <span class='ocrx_word' id='word_1_196' title='bbox 746 1141 934 1173; x_wconf 88' lang='lat' dir='ltr'><em>eorumdem</em></span> <span class='ocrx_word' id='word_1_197' title='bbox 969 1142 1199 1184; x_wconf 85' lang='lat' dir='ltr'><em>apostolorum.</em></span> <span class='ocrx_word' id='word_1_198' title='bbox 1255 1141 1298 1173; x_wconf 82' lang='lat' dir='ltr'><em>Et</em></span> <span class='ocrx_word' id='word_1_199' title='bbox 1326 1141 1358 1172; x_wconf 89' lang='lat' dir='ltr'><em>in</em></span> <span class='ocrx_word' id='word_1_200' title='bbox 1388 1141 1472 1172; x_wconf 90' lang='lat' dir='ltr'><em>hunc</em></span> <span class='ocrx_word' id='word_1_201' title='bbox 1501 1139 1632 1173; x_wconf 91' lang='lat' dir='ltr'><em>modum</em></span> <span class='ocrx_word' id='word_1_202' title='bbox 1661 1140 1724 1172; x_wconf 87' lang='lat' dir='ltr'><em>feci</em></span> <span class='ocrx_word' id='word_1_203' title='bbox 1747 1141 1955 1182; x_wconf 76' lang='lat' dir='ltr'><em>oblationem,</em></span> <span class='ocrx_word' id='word_1_204' title='bbox 1985 1150 1997 1168; x_wconf 79' lang='lat'>⁵</span> 
     </span>
     <span class='ocr_line' id='line_1_19' title="bbox 303 1192 1955 1236; baseline 0 -12"><span class='ocrx_word' id='word_1_205' title='bbox 303 1194 427 1225; x_wconf 84' lang='lat' dir='ltr'><em>dicens:</em></span> <span class='ocrx_word' id='word_1_206' title='bbox 458 1193 570 1224; x_wconf 84' lang='lat' dir='ltr'><em>‘offero</em></span> <span class='ocrx_word' id='word_1_207' title='bbox 594 1197 723 1225; x_wconf 82' lang='lat' dir='ltr'><em>sanctae</em></span> <span class='ocrx_word' id='word_1_208' title='bbox 748 1194 881 1225; x_wconf 76' lang='lat' dir='ltr'><em>trinitati</em></span> <span class='ocrx_word' id='word_1_209' title='bbox 904 1204 963 1236; x_wconf 87' lang='lat' dir='ltr'><em>per</em></span> <span class='ocrx_word' id='word_1_210' title='bbox 986 1204 1099 1225; x_wconf 87' lang='lat' dir='ltr'><em>manus</em></span> <span class='ocrx_word' id='word_1_211' title='bbox 1115 1196 1250 1233; x_wconf 83' lang='lat' dir='ltr'><em>vestras,</em></span> <span class='ocrx_word' id='word_1_212' title='bbox 1277 1195 1387 1224; x_wconf 89' lang='lat' dir='ltr'><em>sancte</em></span> <span class='ocrx_word' id='word_1_213' title='bbox 1403 1192 1472 1224; x_wconf 82' lang='lat' dir='ltr'><em>Leo</em></span> <span class='ocrx_word' id='word_1_214' title='bbox 1496 1202 1592 1235; x_wconf 82' lang='lat' dir='ltr'><em>papa,</em></span> <span class='ocrx_word' id='word_1_215' title='bbox 1617 1192 1836 1225; x_wconf 86' lang='lat' dir='ltr'><em>testimonium</em></span> <span class='ocrx_word' id='word_1_216' title='bbox 1858 1203 1955 1235; x_wconf 75' lang='lat' dir='ltr'><em>prae-</em></span> 
     </span>
     <span class='ocr_line' id='line_1_20' title="bbox 304 1244 1957 1287; baseline -0.001 -10"><span class='ocrx_word' id='word_1_217' title='bbox 304 1245 471 1277; x_wconf 81' lang='lat' dir='ltr'><em>dicationis</em></span> <span class='ocrx_word' id='word_1_218' title='bbox 500 1255 608 1285; x_wconf 77' lang='lat' dir='ltr'><em>meae,</em></span> <span class='ocrx_word' id='word_1_219' title='bbox 633 1245 742 1276; x_wconf 88' lang='lat' dir='ltr'><em>titulos</em></span> <span class='ocrx_word' id='word_1_220' title='bbox 772 1245 930 1276; x_wconf 82' lang='lat' dir='ltr'><em>labiorum</em></span> <span class='ocrx_word' id='word_1_221' title='bbox 954 1244 1120 1276; x_wconf 81' lang='lat' dir='ltr'><em>meorum&#39;.</em></span> <span class='ocrx_word' id='word_1_222' title='bbox 1168 1255 1247 1287; x_wconf 88' lang='lat' dir='ltr'><em>quos</em></span> <span class='ocrx_word' id='word_1_223' title='bbox 1274 1245 1329 1276; x_wconf 90' lang='lat' dir='ltr'><em>ille</em></span> <span class='ocrx_word' id='word_1_224' title='bbox 1360 1247 1547 1275; x_wconf 86' lang='lat' dir='ltr'><em>reverenter</em></span> <span class='ocrx_word' id='word_1_225' title='bbox 1577 1244 1708 1286; x_wconf 82' lang='lat' dir='ltr'><em>excepit</em></span> <span class='ocrx_word' id='word_1_226' title='bbox 1735 1246 1769 1276; x_wconf 86' lang='lat' dir='ltr'><em>et</em></span> <span class='ocrx_word' id='word_1_227' title='bbox 1791 1254 1863 1276; x_wconf 88' lang='lat' dir='ltr'><em>eum</em></span> <span class='ocrx_word' id='word_1_228' title='bbox 1887 1245 1957 1287; x_wconf 85' lang='lat' dir='ltr'><em>epi-</em></span> 
     </span>
     <span class='ocr_line' id='line_1_21' title="bbox 304 1295 1956 1339; baseline 0 -11"><span class='ocrx_word' id='word_1_229' title='bbox 304 1297 408 1339; x_wconf 89' lang='lat' dir='ltr'><em>scopis</em></span> <span class='ocrx_word' id='word_1_230' title='bbox 433 1297 486 1339; x_wconf 93' lang='lat' dir='ltr'><em>qui</em></span> <span class='ocrx_word' id='word_1_231' title='bbox 509 1296 644 1328; x_wconf 88' lang='lat' dir='ltr'><em>aderant</em></span> <span class='ocrx_word' id='word_1_232' title='bbox 668 1315 706 1319; x_wconf 82' lang='lat'>—</span> <span class='ocrx_word' id='word_1_233' title='bbox 733 1308 806 1328; x_wconf 88' lang='lat' dir='ltr'><em>nam</em></span> <span class='ocrx_word' id='word_1_234' title='bbox 830 1296 872 1328; x_wconf 82' lang='lat' dir='ltr'><em>ad</em></span> <span class='ocrx_word' id='word_1_235' title='bbox 895 1297 1144 1328; x_wconf 83' lang='lat' dir='ltr'><em>sollemnitatem</em></span> <span class='ocrx_word' id='word_1_236' title='bbox 1168 1297 1387 1339; x_wconf 88' lang='lat' dir='ltr'><em>apostolorum</em></span> <span class='ocrx_word' id='word_1_237' title='bbox 1411 1306 1523 1327; x_wconf 87' lang='lat' dir='ltr'><em>omncs</em></span> <span class='ocrx_word' id='word_1_238' title='bbox 1546 1295 1629 1327; x_wconf 91' lang='lat' dir='ltr'><em>illius</em></span> <span class='ocrx_word' id='word_1_239' title='bbox 1652 1295 1777 1338; x_wconf 85' lang='lat' dir='ltr'><em>patriae</em></span> <span class='ocrx_word' id='word_1_240' title='bbox 1801 1306 1844 1327; x_wconf 82' lang='lat' dir='ltr'><em>ex</em></span> <span class='ocrx_word' id='word_1_241' title='bbox 1865 1306 1956 1328; x_wconf 86' lang='lat' dir='ltr'><em>more</em></span> 
     </span>
     <span class='ocr_line' id='line_1_22' title="bbox 304 1347 1958 1390; baseline 0 -10"><span class='ocrx_word' id='word_1_242' title='bbox 304 1351 521 1380; x_wconf 87' lang='lat' dir='ltr'><em>convenerant</em></span> <span class='ocrx_word' id='word_1_243' title='bbox 552 1368 588 1371; x_wconf 98' lang='lat'><strong>—</strong></span> <span class='ocrx_word' id='word_1_244' title='bbox 615 1351 648 1380; x_wconf 88' lang='lat' dir='ltr'><em>et</em></span> <span class='ocrx_word' id='word_1_245' title='bbox 682 1359 754 1380; x_wconf 91' lang='lat' dir='ltr'><em>cum</em></span> <span class='ocrx_word' id='word_1_246' title='bbox 789 1349 904 1380; x_wconf 86' lang='lat' dir='ltr'><em>ceteris</em></span> <span class='ocrx_word' id='word_1_247' title='bbox 946 1349 1147 1390; x_wconf 86' lang='lat' dir='ltr'><em>sapientibus</em></span> <span class='ocrx_word' id='word_1_248' title='bbox 1181 1348 1336 1380; x_wconf 86' lang='lat' dir='ltr'><em>Romanis</em></span> <span class='ocrx_word' id='word_1_249' title='bbox 1373 1348 1496 1380; x_wconf 87' lang='lat' dir='ltr'><em>clericis</em></span> <span class='ocrx_word' id='word_1_250' title='bbox 1531 1347 1573 1379; x_wconf 84' lang='lat' dir='ltr'><em>ad</em></span> <span class='ocrx_word' id='word_1_251' title='bbox 1606 1358 1720 1390; x_wconf 88' lang='lat' dir='ltr'><em>purum</em></span> <span class='ocrx_word' id='word_1_252' title='bbox 1755 1348 1958 1380; x_wconf 74' lang='lat' dir='ltr'><em>examinatos</em></span> 
     </span>
     <span class='ocr_line' id='line_1_23' title="bbox 303 1398 2002 1442; baseline -0.001 -10"><span class='ocrx_word' id='word_1_253' title='bbox 303 1401 493 1432; x_wconf 84' lang='lat' dir='ltr'><em>auctoritate</em></span> <span class='ocrx_word' id='word_1_254' title='bbox 530 1411 607 1432; x_wconf 85' lang='lat' dir='ltr'><em>suae</em></span> <span class='ocrx_word' id='word_1_255' title='bbox 641 1400 815 1432; x_wconf 82' lang='lat' dir='ltr'><em>cathedrae</em></span> <span class='ocrx_word' id='word_1_256' title='bbox 853 1401 1012 1432; x_wconf 90' lang='lat' dir='ltr'><em>catholico</em></span> <span class='ocrx_word' id='word_1_257' title='bbox 1046 1411 1168 1432; x_wconf 87' lang='lat' dir='ltr'><em>canone</em></span> <span class='ocrx_word' id='word_1_258' title='bbox 1203 1401 1369 1432; x_wconf 87' lang='lat' dir='ltr'><em>roboravit</em></span> <span class='ocrx_word' id='word_1_259' title='bbox 1404 1403 1437 1431; x_wconf 87' lang='lat' dir='ltr'><em>et</em></span> <span class='ocrx_word' id='word_1_260' title='bbox 1468 1399 1604 1442; x_wconf 83' lang='lat' dir='ltr'><em>provida</em></span> <span class='ocrx_word' id='word_1_261' title='bbox 1632 1399 1771 1432; x_wconf 82' lang='lat' dir='ltr'><em>utilitate</em></span> <span class='ocrx_word' id='word_1_262' title='bbox 1800 1398 1957 1442; x_wconf 86' lang='lat' dir='ltr'><em>legendos</em></span> <span class='ocrx_word' id='word_1_263' title='bbox 1977 1408 2002 1427; x_wconf 84' lang='grc' dir='ltr'><em>ιο</em></span> 
     </span>
     <span class='ocr_line' id='line_1_24' title="bbox 303 1450 1953 1485; baseline 0 -1"><span class='ocrx_word' id='word_1_264' title='bbox 303 1453 453 1485; x_wconf 88' lang='lat' dir='ltr'><em>fidelibus</em></span> <span class='ocrx_word' id='word_1_265' title='bbox 478 1452 645 1484; x_wconf 89' lang='lat' dir='ltr'><em>adnotavit</em></span> <span class='ocrx_word' id='word_1_266' title='bbox 669 1455 701 1484; x_wconf 91' lang='lat' dir='ltr'><em>et</em></span> <span class='ocrx_word' id='word_1_267' title='bbox 724 1453 766 1484; x_wconf 87' lang='lat' dir='ltr'><em>ad</em></span> <span class='ocrx_word' id='word_1_268' title='bbox 789 1453 946 1484; x_wconf 90' lang='lat' dir='ltr'><em>honorem</em></span> <span class='ocrx_word' id='word_1_269' title='bbox 970 1463 1048 1484; x_wconf 88' lang='lat' dir='ltr'><em>suae</em></span> <span class='ocrx_word' id='word_1_270' title='bbox 1072 1452 1158 1485; x_wconf 89' lang='lat' dir='ltr'><em>sedis</em></span> <span class='ocrx_word' id='word_1_271' title='bbox 1181 1453 1214 1484; x_wconf 90' lang='lat' dir='ltr'><em>in</em></span> <span class='ocrx_word' id='word_1_272' title='bbox 1237 1452 1351 1484; x_wconf 87' lang='lat' dir='ltr'><em>scrinio</em></span> <span class='ocrx_word' id='word_1_273' title='bbox 1375 1454 1507 1484; x_wconf 81' lang='lat' dir='ltr'><em>sauctae</em></span> <span class='ocrx_word' id='word_1_274' title='bbox 1531 1452 1642 1483; x_wconf 81' lang='lat' dir='ltr'><em>matris</em></span> <span class='ocrx_word' id='word_1_275' title='bbox 1659 1451 1815 1484; x_wconf 81' lang='lat' dir='ltr'><em>ecclesiae</em></span> <span class='ocrx_word' id='word_1_276' title='bbox 1831 1450 1953 1484; x_wconf 73' lang='lat' dir='ltr'><em>Roma-</em></span> 
     </span>
    </p>
   </div>
   <div class='ocr_carea' id='block_1_4' title="bbox 303 1504 1339 1573">
    <p class='ocr_par' dir='ltr' id='par_1_4' title="bbox 303 1504 1339 1573">
     <span class='ocr_line' id='line_1_25' title="bbox 303 1504 696 1537; baseline -0.003 -1"><span class='ocrx_word' id='word_1_277' title='bbox 303 1516 365 1537; x_wconf 90' lang='lat' dir='ltr'><em>nae</em></span> <span class='ocrx_word' id='word_1_278' title='bbox 389 1515 518 1537; x_wconf 86' lang='lat' dir='ltr'><em>servare</em></span> <span class='ocrx_word' id='word_1_279' title='bbox 543 1504 696 1536; x_wconf 87' lang='lat' dir='ltr'><em>decrevit.</em></span> 
     </span>
     <span class='ocr_line' id='line_1_26' title="bbox 931 1546 1339 1573; baseline -0.002 0"><span class='ocrx_word' id='word_1_280' title='bbox 931 1546 1101 1573; x_wconf 75' lang='lat' dir='ltr'>EXPLICIT</span> <span class='ocrx_word' id='word_1_281' title='bbox 1122 1546 1339 1573; x_wconf 78' lang='lat' dir='ltr'>PRAEFATIO.</span> 
     </span>
    </p>
   </div>
   <div class='ocr_carea' id='block_1_5' title="bbox 1028 1631 1233 1633">
    <p class='ocr_par' dir='ltr' id='par_1_5' title="bbox 1028 1631 1233 1633">
     <span class='ocr_line' id='line_1_27' title="bbox 1028 1631 1233 1633; baseline 0 0"><span class='ocrx_word' id='word_1_282' title='bbox 1028 1631 1233 1633; x_wconf 95' lang='lat' dir='ltr'><em> </em></span> 
     </span>
    </p>
   </div>
   <div class='ocr_carea' id='block_1_6' title="bbox 617 1709 1677 1804">
    <p class='ocr_par' dir='ltr' id='par_1_6' title="bbox 617 1709 1677 1804">
     <span class='ocr_line' id='line_1_28' title="bbox 617 1709 1677 1752; baseline -0.001 -10"><span class='ocrx_word' id='word_1_283' title='bbox 617 1711 642 1742; x_wconf 95' lang='lat' dir='ltr'><em>I.</em></span> <span class='ocrx_word' id='word_1_284' title='bbox 666 1710 793 1742; x_wconf 85' lang='lat' dir='ltr'><em>Primus</em></span> <span class='ocrx_word' id='word_1_285' title='bbox 816 1710 918 1742; x_wconf 85' lang='lat' dir='ltr'><em>habet</em></span> <span class='ocrx_word' id='word_1_286' title='bbox 940 1713 1077 1752; x_wconf 84' lang='lat' dir='ltr'><em>patrem,</em></span> <span class='ocrx_word' id='word_1_287' title='bbox 1102 1710 1257 1752; x_wconf 84' lang='lat' dir='ltr'><em>genitum,</em></span> <span class='ocrx_word' id='word_1_288' title='bbox 1280 1710 1457 1752; x_wconf 87' lang='lat' dir='ltr'><em>flatumque</em></span> <span class='ocrx_word' id='word_1_289' title='bbox 1482 1710 1534 1741; x_wconf 89' lang='lat' dir='ltr'><em>vel</em></span> <span class='ocrx_word' id='word_1_290' title='bbox 1557 1709 1677 1741; x_wconf 85' lang='lat' dir='ltr'><em>almum</em></span> 
     </span>
     <span class='ocr_line' id='line_1_29' title="bbox 664 1761 1561 1804; baseline -0.001 -11"><span class='ocrx_word' id='word_1_291' title='bbox 664 1762 745 1794; x_wconf 88' lang='lat' dir='ltr'><em>Esse</em></span> <span class='ocrx_word' id='word_1_292' title='bbox 768 1762 876 1794; x_wconf 91' lang='lat' dir='ltr'><em>Deum</em></span> <span class='ocrx_word' id='word_1_293' title='bbox 900 1762 1027 1801; x_wconf 87' lang='lat' dir='ltr'><em>trinum,</em></span> <span class='ocrx_word' id='word_1_294' title='bbox 1052 1772 1125 1793; x_wconf 90' lang='lat' dir='ltr'><em>cum</em></span> <span class='ocrx_word' id='word_1_295' title='bbox 1147 1762 1189 1792; x_wconf 89' lang='lat' dir='ltr'><em>sit</em></span> <span class='ocrx_word' id='word_1_296' title='bbox 1210 1761 1390 1793; x_wconf 86' lang='lat' dir='ltr'><em>substantia</em></span> <span class='ocrx_word' id='word_1_297' title='bbox 1414 1761 1561 1804; x_wconf 87' lang='lat' dir='ltr'><em>simplex.</em></span> 
     </span>
    </p>
   </div>
   <div class='ocr_carea' id='block_1_7' title="bbox 598 1830 1642 1926">
    <p class='ocr_par' dir='ltr' id='par_1_7' title="bbox 598 1830 1642 1926">
     <span class='ocr_line' id='line_1_30' title="bbox 598 1830 1642 1874; baseline 0.001 -12"><span class='ocrx_word' id='word_1_298' title='bbox 598 1831 641 1862; x_wconf 88' lang='lat' dir='ltr'><em>II.</em></span> <span class='ocrx_word' id='word_1_299' title='bbox 664 1831 744 1863; x_wconf 91' lang='lat' dir='ltr'><em>Inde</em></span> <span class='ocrx_word' id='word_1_300' title='bbox 768 1831 927 1863; x_wconf 88' lang='lat' dir='ltr'><em>secundus</em></span> <span class='ocrx_word' id='word_1_301' title='bbox 950 1831 1051 1863; x_wconf 85' lang='lat' dir='ltr'><em>habet</em></span> <span class='ocrx_word' id='word_1_302' title='bbox 1074 1841 1210 1874; x_wconf 89' lang='lat' dir='ltr'><em>regnum</em></span> <span class='ocrx_word' id='word_1_303' title='bbox 1232 1830 1411 1873; x_wconf 87' lang='lat' dir='ltr'><em>laudesque</em></span> <span class='ocrx_word' id='word_1_304' title='bbox 1435 1831 1642 1874; x_wconf 89' lang='lat' dir='ltr'><em>thronosque,</em></span> 
     </span>
     <span class='ocr_line' id='line_1_31' title="bbox 666 1883 1613 1926; baseline 0 -11"><span class='ocrx_word' id='word_1_305' title='bbox 666 1883 783 1915; x_wconf 81' lang='lat' dir='ltr'><em>Omnia</em></span> <span class='ocrx_word' id='word_1_306' title='bbox 805 1894 864 1926; x_wconf 91' lang='lat' dir='ltr'><em>per</em></span> <span class='ocrx_word' id='word_1_307' title='bbox 886 1883 1021 1915; x_wconf 86' lang='lat' dir='ltr'><em>verbum</em></span> <span class='ocrx_word' id='word_1_308' title='bbox 1045 1886 1162 1926; x_wconf 84' lang='lat' dir='ltr'><em>coepta</em></span> <span class='ocrx_word' id='word_1_309' title='bbox 1186 1885 1219 1915; x_wconf 89' lang='lat' dir='ltr'><em>et</em></span> <span class='ocrx_word' id='word_1_310' title='bbox 1241 1886 1394 1925; x_wconf 84' lang='lat' dir='ltr'><em>reparata</em></span> <span class='ocrx_word' id='word_1_311' title='bbox 1416 1893 1476 1926; x_wconf 87' lang='lat' dir='ltr'><em>per</em></span> <span class='ocrx_word' id='word_1_312' title='bbox 1497 1884 1613 1926; x_wconf 87' lang='lat' dir='ltr'><em>ipsum.</em></span> 
     </span>
    </p>
   </div>
   <div class='ocr_carea' id='block_1_8' title="bbox 581 1951 1585 2046">
    <p class='ocr_par' dir='ltr' id='par_1_8' title="bbox 581 1951 1585 2046">
     <span class='ocr_line' id='line_1_32' title="bbox 581 1951 1464 1994; baseline 0 -11"><span class='ocrx_word' id='word_1_313' title='bbox 581 1951 642 1982; x_wconf 91' lang='lat' dir='ltr'><em>III.</em></span> <span class='ocrx_word' id='word_1_314' title='bbox 667 1952 795 1983; x_wconf 87' lang='lat' dir='ltr'><em>Tertius</em></span> <span class='ocrx_word' id='word_1_315' title='bbox 820 1954 949 1983; x_wconf 84' lang='lat' dir='ltr'><em>enarrat</em></span> <span class='ocrx_word' id='word_1_316' title='bbox 972 1951 1091 1983; x_wconf 80' lang='lat' dir='ltr'><em>Christi</em></span> <span class='ocrx_word' id='word_1_317' title='bbox 1114 1951 1277 1993; x_wconf 82' lang='lat' dir='ltr'><em>magnalia</em></span> <span class='ocrx_word' id='word_1_318' title='bbox 1299 1952 1353 1983; x_wconf 90' lang='lat' dir='ltr'><em>vel</em></span> <span class='ocrx_word' id='word_1_319' title='bbox 1377 1951 1464 1994; x_wconf 91' lang='lat' dir='ltr'><em>quod</em></span> 
     </span>
     <span class='ocr_line' id='line_1_33' title="bbox 665 2003 1585 2046; baseline 0 -11"><span class='ocrx_word' id='word_1_320' title='bbox 665 2003 726 2035; x_wconf 91' lang='lat' dir='ltr'><em>His</em></span> <span class='ocrx_word' id='word_1_321' title='bbox 750 2003 876 2035; x_wconf 87' lang='lat' dir='ltr'><em>dederit</em></span> <span class='ocrx_word' id='word_1_322' title='bbox 898 2006 1054 2044; x_wconf 84' lang='lat' dir='ltr'><em>sanetum,</em></span> <span class='ocrx_word' id='word_1_323' title='bbox 1079 2004 1132 2046; x_wconf 87' lang='lat' dir='ltr'><em>qui</em></span> <span class='ocrx_word' id='word_1_324' title='bbox 1156 2004 1300 2035; x_wconf 88' lang='lat' dir='ltr'><em>eontinet</em></span> <span class='ocrx_word' id='word_1_325' title='bbox 1323 2003 1439 2042; x_wconf 79' lang='lat' dir='ltr'><em>omnia,</em></span> <span class='ocrx_word' id='word_1_326' title='bbox 1463 2004 1585 2035; x_wconf 81' lang='lat' dir='ltr'><em>flatum.</em></span> 
     </span>
    </p>
   </div>
   <div class='ocr_carea' id='block_1_9' title="bbox 584 2073 1562 2167">
    <p class='ocr_par' dir='ltr' id='par_1_9' title="bbox 584 2073 1562 2167">
     <span class='ocr_line' id='line_1_34' title="bbox 584 2073 1419 2116; baseline 0 -12"><span class='ocrx_word' id='word_1_327' title='bbox 584 2073 642 2104; x_wconf 92' lang='lat' dir='ltr'><em>IV.</em></span> <span class='ocrx_word' id='word_1_328' title='bbox 668 2073 809 2109; x_wconf 84' lang='lat' dir='ltr'><em>Quartus</em></span> <span class='ocrx_word' id='word_1_329' title='bbox 833 2073 976 2104; x_wconf 88' lang='lat' dir='ltr'><em>natalem</em></span> <span class='ocrx_word' id='word_1_330' title='bbox 1000 2073 1114 2104; x_wconf 87' lang='lat' dir='ltr'><em>recinit</em></span> <span class='ocrx_word' id='word_1_331' title='bbox 1136 2073 1228 2104; x_wconf 89' lang='lat' dir='ltr'><em>verbi</em></span> <span class='ocrx_word' id='word_1_332' title='bbox 1250 2073 1419 2116; x_wconf 82' lang='lat' dir='ltr'><em>puerique,</em></span> 
     </span>
     <span class='ocr_line' id='line_1_35' title="bbox 669 2124 1562 2167; baseline 0 -11"><span class='ocrx_word' id='word_1_333' title='bbox 669 2124 732 2161; x_wconf 87' lang='lat' dir='ltr'><em>Qui</em></span> <span class='ocrx_word' id='word_1_334' title='bbox 755 2125 846 2156; x_wconf 89' lang='lat' dir='ltr'><em>caelo</em></span> <span class='ocrx_word' id='word_1_335' title='bbox 871 2128 1001 2156; x_wconf 85' lang='lat' dir='ltr'><em>revocat</em></span> <span class='ocrx_word' id='word_1_336' title='bbox 1023 2125 1171 2156; x_wconf 89' lang='lat' dir='ltr'><em>homines</em></span> <span class='ocrx_word' id='word_1_337' title='bbox 1195 2135 1215 2156; x_wconf 87' lang='lat' dir='ltr'><em>a</em></span> <span class='ocrx_word' id='word_1_338' title='bbox 1237 2127 1341 2156; x_wconf 88' lang='lat' dir='ltr'><em>morte</em></span> <span class='ocrx_word' id='word_1_339' title='bbox 1365 2124 1562 2167; x_wconf 85' lang='lat' dir='ltr'><em>redemptos.</em></span> 
     </span>
    </p>
   </div>
   <div class='ocr_carea' id='block_1_10' title="bbox 602 2193 1693 2289">
    <p class='ocr_par' dir='ltr' id='par_1_10' title="bbox 602 2193 1693 2289">
     <span class='ocr_line' id='line_1_36' title="bbox 602 2193 1666 2230; baseline -0.003 -4"><span class='ocrx_word' id='word_1_340' title='bbox 602 2194 640 2225; x_wconf 93' lang='lat' dir='ltr'><em>V.</em></span> <span class='ocrx_word' id='word_1_341' title='bbox 666 2194 802 2230; x_wconf 85' lang='lat' dir='ltr'><em>Quintus</em></span> <span class='ocrx_word' id='word_1_342' title='bbox 826 2194 927 2226; x_wconf 81' lang='lat' dir='ltr'><em>habet</em></span> <span class='ocrx_word' id='word_1_343' title='bbox 950 2194 1046 2226; x_wconf 82' lang='lat' dir='ltr'><em>fontis</em></span> <span class='ocrx_word' id='word_1_344' title='bbox 1069 2194 1156 2226; x_wconf 83' lang='lat' dir='ltr'><em>vitae</em></span> <span class='ocrx_word' id='word_1_345' title='bbox 1180 2194 1357 2226; x_wconf 85' lang='lat' dir='ltr'><em>clarissima</em></span> <span class='ocrx_word' id='word_1_346' title='bbox 1381 2193 1479 2225; x_wconf 88' lang='lat' dir='ltr'><em>dona:</em></span> <span class='ocrx_word' id='word_1_347' title='bbox 1663 2220 1666 2223; x_wconf 23' lang='grc' dir='ltr'><strong>Δ</strong></span> 
     </span>
     <span class='ocr_line' id='line_1_37' title="bbox 667 2246 1693 2289; baseline -0.001 -11"><span class='ocrx_word' id='word_1_348' title='bbox 667 2246 794 2278; x_wconf 87' lang='lat' dir='ltr'><em>Pascha</em></span> <span class='ocrx_word' id='word_1_349' title='bbox 817 2247 915 2289; x_wconf 89' lang='lat' dir='ltr'><em>pium,</em></span> <span class='ocrx_word' id='word_1_350' title='bbox 939 2247 1060 2287; x_wconf 87' lang='lat' dir='ltr'><em>lunam,</em></span> <span class='ocrx_word' id='word_1_351' title='bbox 1084 2257 1254 2278; x_wconf 85' lang='lat' dir='ltr'><em>numerum</em></span> <span class='ocrx_word' id='word_1_352' title='bbox 1277 2246 1499 2289; x_wconf 87' lang='lat' dir='ltr'><em>scyphumque</em></span> <span class='ocrx_word' id='word_1_353' title='bbox 1523 2249 1693 2278; x_wconf 83' lang='lat' dir='ltr'><em>sacratum.</em></span> 
     </span>
    </p>
   </div>
   <div class='ocr_carea' id='block_1_11' title="bbox 411 2324 980 2331">
    <p class='ocr_par' dir='ltr' id='par_1_11' title="bbox 411 2324 980 2331">
     <span class='ocr_line' id='line_1_38' title="bbox 411 2324 980 2331; baseline 0 0"><span class='ocrx_word' id='word_1_354' title='bbox 411 2324 980 2331; x_wconf 95' lang='lat' dir='ltr'><em> </em></span> 
     </span>
    </p>
   </div>
   <div class='ocr_carea' id='block_1_12' title="bbox 306 2374 1964 2495">
    <p class='ocr_par' dir='ltr' id='par_1_12' title="bbox 306 2374 1964 2495">
     <span class='ocr_line' id='line_1_39' title="bbox 410 2374 1964 2409; baseline 0 -9"><span class='ocrx_word' id='word_1_355' title='bbox 410 2375 421 2400; x_wconf 93' lang='lat'>1</span> <span class='ocrx_word' id='word_1_356' title='bbox 442 2376 515 2401; x_wconf 82' lang='lat' dir='ltr'><em>ihesu</em></span> <span class='ocrx_word' id='word_1_357' title='bbox 535 2376 557 2401; x_wconf 78' lang='lat' dir='ltr'><em>O</em></span> <span class='ocrx_word' id='word_1_358' title='bbox 635 2376 652 2401; x_wconf 86' lang='lat'><strong>3</strong></span> <span class='ocrx_word' id='word_1_359' title='bbox 670 2377 760 2402; x_wconf 82' lang='lat' dir='ltr'><em>limina</em></span> <span class='ocrx_word' id='word_1_360' title='bbox 777 2377 813 2402; x_wconf 75' lang='lat' dir='ltr'><em>sic</em></span> <span class='ocrx_word' id='word_1_361' title='bbox 832 2376 855 2402; x_wconf 81' lang='grc' dir='ltr'><em>Ο</em></span> <span class='ocrx_word' id='word_1_362' title='bbox 922 2376 939 2401; x_wconf 86' lang='grc'><strong>6</strong></span> <span class='ocrx_word' id='word_1_363' title='bbox 957 2379 1046 2402; x_wconf 82' lang='lat' dir='ltr'><em>sancte</em></span> <span class='ocrx_word' id='word_1_364' title='bbox 1066 2375 1099 2407; x_wconf 83' lang='lat' dir='ltr'><em>(et</em></span> <span class='ocrx_word' id='word_1_365' title='bbox 1117 2381 1215 2409; x_wconf 65' lang='lat' dir='ltr'><em>semper</em></span> <span class='ocrx_word' id='word_1_366' title='bbox 1233 2385 1247 2402; x_wconf 91' lang='lat' dir='ltr'><em>e</em></span> <span class='ocrx_word' id='word_1_367' title='bbox 1263 2385 1312 2409; x_wconf 80' lang='lat' dir='ltr'><em>pro</em></span> <span class='ocrx_word' id='word_1_368' title='bbox 1325 2375 1351 2408; x_wconf 72' lang='lat' dir='ltr'><em>e)</em></span> <span class='ocrx_word' id='word_1_369' title='bbox 1371 2375 1394 2401; x_wconf 77' lang='lat' dir='ltr'><strong><em>G</em></strong></span> <span class='ocrx_word' id='word_1_370' title='bbox 1469 2375 1487 2401; x_wconf 89' lang='grc'>8</span> <span class='ocrx_word' id='word_1_371' title='bbox 1505 2376 1718 2409; x_wconf 72' lang='lat' dir='ltr'><em>sollempnitatem</em></span> <span class='ocrx_word' id='word_1_372' title='bbox 1737 2375 1807 2408; x_wconf 74' lang='lat' dir='ltr'><em>(item</em></span> <span class='ocrx_word' id='word_1_373' title='bbox 1817 2374 1926 2407; x_wconf 53' lang='lat' dir='ltr'><em>sinilia)</em></span> <span class='ocrx_word' id='word_1_374' title='bbox 1940 2374 1964 2400; x_wconf 79' lang='lat' dir='ltr'><strong><em>G</em></strong></span> 
     </span>
     <span class='ocr_line' id='line_1_40' title="bbox 308 2418 1964 2453; baseline 0.001 -10"><span class='ocrx_word' id='word_1_375' title='bbox 308 2419 338 2444; x_wconf 84' lang='lat'><em>13</em></span> <span class='ocrx_word' id='word_1_376' title='bbox 358 2420 488 2452; x_wconf 77' lang='lat' dir='ltr'><em>prephat10</em></span> <span class='ocrx_word' id='word_1_377' title='bbox 507 2419 529 2444; x_wconf 78' lang='grc' dir='ltr'><em>Ο</em></span> <span class='ocrx_word' id='word_1_378' title='bbox 595 2418 604 2451; x_wconf 63' lang='grc' dir='ltr'><em>ΙΙ</em></span> <span class='ocrx_word' id='word_1_379' title='bbox 622 2428 742 2445; x_wconf 72' lang='lat' dir='ltr'><em>numeros</em></span> <span class='ocrx_word' id='word_1_380' title='bbox 760 2421 788 2445; x_wconf 85' lang='lat' dir='ltr'><em>in</em></span> <span class='ocrx_word' id='word_1_381' title='bbox 805 2429 887 2453; x_wconf 76' lang='lat' dir='ltr'><em>mary.</em></span> <span class='ocrx_word' id='word_1_382' title='bbox 907 2420 1000 2446; x_wconf 76' lang='lat' dir='ltr'><em>addidi</em></span> <span class='ocrx_word' id='word_1_383' title='bbox 1081 2419 1121 2445; x_wconf 80' lang='lat'><em>12</em></span> <span class='ocrx_word' id='word_1_384' title='bbox 1138 2418 1312 2446; x_wconf 66' lang='lat' dir='ltr'><em>*substancia</em></span> <span class='ocrx_word' id='word_1_385' title='bbox 1330 2418 1437 2452; x_wconf 65' lang='lat' dir='ltr'><em>(sinalia</em></span> <span class='ocrx_word' id='word_1_386' title='bbox 1455 2419 1568 2452; x_wconf 71' lang='lat' dir='ltr'><em>saepius)</em></span> <span class='ocrx_word' id='word_1_387' title='bbox 1587 2419 1664 2445; x_wconf 87' lang='lat' dir='ltr'><em>simul</em></span> <span class='ocrx_word' id='word_1_388' title='bbox 1683 2419 1706 2444; x_wconf 82' lang='lat' dir='ltr'><strong><em>G</em></strong></span> <span class='ocrx_word' id='word_1_389' title='bbox 1772 2418 1826 2444; x_wconf 84' lang='lat'><em>112</em></span> <span class='ocrx_word' id='word_1_390' title='bbox 1844 2422 1920 2452; x_wconf 63' lang='lat' dir='ltr'><em>cept-1</em></span> <span class='ocrx_word' id='word_1_391' title='bbox 1940 2418 1964 2444; x_wconf 83' lang='lat' dir='ltr'><strong><em>G</em></strong></span> 
     </span>
     <span class='ocr_line' id='line_1_41' title="bbox 306 2461 832 2495; baseline 0.004 -8"><span class='ocrx_word' id='word_1_392' title='bbox 306 2463 327 2487; x_wconf 91' lang='lat' dir='ltr'>V</span> <span class='ocrx_word' id='word_1_393' title='bbox 341 2463 357 2487; x_wconf 75' lang='lat'><strong>2</strong></span> <span class='ocrx_word' id='word_1_394' title='bbox 375 2462 465 2487; x_wconf 84' lang='lat' dir='ltr'><em>lunam</em></span> <span class='ocrx_word' id='word_1_395' title='bbox 483 2462 519 2487; x_wconf 77' lang='lat' dir='ltr'><em>sic</em></span> <span class='ocrx_word' id='word_1_396' title='bbox 538 2462 561 2487; x_wconf 78' lang='lat' dir='ltr'><em>O</em></span> <span class='ocrx_word' id='word_1_397' title='bbox 611 2461 790 2495; x_wconf 85' lang='lat' dir='ltr'><em>*ciphumque</em></span> <span class='ocrx_word' id='word_1_398' title='bbox 809 2463 832 2488; x_wconf 83' lang='lat' dir='ltr'><em>C&#39;</em></span> 
     </span>
    </p>
   </div>
   <div class='ocr_carea' id='block_1_13' title="bbox 305 2529 2015 2844">
    <p class='ocr_par' dir='ltr' id='par_1_13' title="bbox 305 2529 2015 2844">
     <span class='ocr_line' id='line_1_42' title="bbox 410 2529 2015 2573; baseline 0.001 -10"><span class='ocrx_word' id='word_1_399' title='bbox 410 2538 436 2569; x_wconf 91' lang='lat'><em>1)</em></span> <span class='ocrx_word' id='word_1_400' title='bbox 456 2537 674 2571; x_wconf 70' lang='lat' dir='ltr'><em>Abhandlunqen</em></span> <span class='ocrx_word' id='word_1_401' title='bbox 692 2538 738 2565; x_wconf 84' lang='lat' dir='ltr'><em>der</em></span> <span class='ocrx_word' id='word_1_402' title='bbox 755 2538 842 2573; x_wconf 70' lang='lat' dir='ltr'><em>hemer.</em></span> <span class='ocrx_word' id='word_1_403' title='bbox 857 2537 1001 2564; x_wconf 74' lang='lat' dir='ltr'><em>Akademie</em></span> <span class='ocrx_word' id='word_1_404' title='bbox 1021 2537 1101 2564; x_wconf 88' lang='lat' dir='ltr'><em>XIX</em></span> <span class='ocrx_word' id='word_1_405' title='bbox 1112 2541 1128 2565; x_wconf 84' lang='lat'><em>2</em></span> <span class='ocrx_word' id='word_1_406' title='bbox 1141 2546 1203 2572; x_wconf 73' lang='lat' dir='ltr'><em>pay.</em></span> <span class='ocrx_word' id='word_1_407' title='bbox 1215 2541 1265 2565; x_wconf 77' lang='lat'><em>374</em></span> <span class='ocrx_word' id='word_1_408' title='bbox 1272 2542 1364 2566; x_wconf 87' lang='lat'><em>—391.</em></span> <span class='ocrx_word' id='word_1_409' title='bbox 1443 2539 1471 2572; x_wconf 83' lang='lat'><em>2)</em></span> <span class='ocrx_word' id='word_1_410' title='bbox 1490 2538 1581 2572; x_wconf 75' lang='lat' dir='ltr'><em>Supra</em></span> <span class='ocrx_word' id='word_1_411' title='bbox 1594 2546 1659 2572; x_wconf 72' lang='lat' dir='ltr'><em>pay.</em></span> <span class='ocrx_word' id='word_1_412' title='bbox 1670 2541 1798 2565; x_wconf 81' lang='lat'><em>67—121.</em></span> <span class='ocrx_word' id='word_1_413' title='bbox 1877 2538 1906 2572; x_wconf 87' lang='grc'><em>3)</em></span> <span class='ocrx_word' id='word_1_414' title='bbox 1923 2537 1960 2564; x_wconf 73' lang='grc' dir='ltr'><em>Βι</em></span> <span class='ocrx_word' id='word_1_415' title='bbox 2011 2529 2015 2538; x_wconf 74' lang='lat'>⁷</span> 
     </span>
     <span class='ocr_line' id='line_1_43' title="bbox 305 2589 1913 2623; baseline 0.001 -9"><span class='ocrx_word' id='word_1_416' title='bbox 305 2589 424 2622; x_wconf 63' lang='lat' dir='ltr'><em>catalogo</em></span> <span class='ocrx_word' id='word_1_417' title='bbox 442 2589 567 2615; x_wconf 75' lang='lat' dir='ltr'><em>librorum</em></span> <span class='ocrx_word' id='word_1_418' title='bbox 588 2589 754 2623; x_wconf 84' lang='lat' dir='ltr'><em>Cavensium,</em></span> <span class='ocrx_word' id='word_1_419' title='bbox 773 2589 821 2623; x_wconf 79' lang='lat' dir='ltr'><em>qui</em></span> <span class='ocrx_word' id='word_1_420' title='bbox 837 2589 874 2616; x_wconf 80' lang='lat' dir='ltr'><em>ad</em></span> <span class='ocrx_word' id='word_1_421' title='bbox 893 2589 1015 2616; x_wconf 78' lang='lat' dir='ltr'><em>Codicem</em></span> <span class='ocrx_word' id='word_1_422' title='bbox 1033 2589 1184 2622; x_wconf 79' lang='lat' dir='ltr'><em>Cavensem,</em></span> <span class='ocrx_word' id='word_1_423' title='bbox 1203 2589 1251 2623; x_wconf 76' lang='lat' dir='ltr'><em>qui</em></span> <span class='ocrx_word' id='word_1_424' title='bbox 1268 2589 1377 2623; x_wconf 77' lang='lat' dir='ltr'><em>dicitur,</em></span> <span class='ocrx_word' id='word_1_425' title='bbox 1397 2590 1462 2617; x_wconf 79' lang='lat' dir='ltr'><em>addi</em></span> <span class='ocrx_word' id='word_1_426' title='bbox 1480 2590 1552 2623; x_wconf 76' lang='lat' dir='ltr'><em>solet,</em></span> <span class='ocrx_word' id='word_1_427' title='bbox 1570 2589 1692 2616; x_wconf 76' lang='lat' dir='ltr'><em>nondum</em></span> <span class='ocrx_word' id='word_1_428' title='bbox 1708 2592 1852 2616; x_wconf 71' lang='lat' dir='ltr'><em>enarratas</em></span> <span class='ocrx_word' id='word_1_429' title='bbox 1868 2591 1913 2616; x_wconf 78' lang='lat' dir='ltr'><em>est.</em></span> 
     </span>
     <span class='ocr_line' id='line_1_44' title="bbox 409 2640 2007 2676; baseline 0.002 -10"><span class='ocrx_word' id='word_1_430' title='bbox 409 2640 503 2666; x_wconf 76' lang='lat'>2—12</span> <span class='ocrx_word' id='word_1_431' title='bbox 521 2641 647 2667; x_wconf 67' lang='lat' dir='ltr'><em>Allnieus</em></span> <span class='ocrx_word' id='word_1_432' title='bbox 667 2641 715 2668; x_wconf 84' lang='lat' dir='ltr'><em>SS.</em></span> <span class='ocrx_word' id='word_1_433' title='bbox 735 2641 851 2668; x_wconf 90' lang='lat' dir='ltr'><strong><em>XXIII</em></strong></span> <span class='ocrx_word' id='word_1_434' title='bbox 865 2642 922 2674; x_wconf 81' lang='lat'><strong>735,</strong></span> <span class='ocrx_word' id='word_1_435' title='bbox 939 2642 969 2668; x_wconf 80' lang='lat'><em>17</em></span> <span class='ocrx_word' id='word_1_436' title='bbox 988 2641 1035 2675; x_wconf 76' lang='lat' dir='ltr'><em>(cf.</em></span> <span class='ocrx_word' id='word_1_437' title='bbox 1059 2641 1173 2675; x_wconf 77' lang='lat' dir='ltr'><em>Traube,</em></span> <span class='ocrx_word' id='word_1_438' title='bbox 1194 2641 1411 2676; x_wconf 67' lang='lat' dir='ltr'><em>Abhamllunyen</em></span> <span class='ocrx_word' id='word_1_439' title='bbox 1429 2642 1445 2670; x_wconf 87' lang='lat'><em>1.</em></span> <span class='ocrx_word' id='word_1_440' title='bbox 1461 2650 1482 2668; x_wconf 86' lang='lat' dir='ltr'><em>c.</em></span> <span class='ocrx_word' id='word_1_441' title='bbox 1498 2650 1560 2676; x_wconf 69' lang='lat' dir='ltr'><em>paq.</em></span> <span class='ocrx_word' id='word_1_442' title='bbox 1574 2642 1651 2676; x_wconf 83' lang='lat'><em>382).·</em></span> <span class='ocrx_word' id='word_1_443' title='bbox 1675 2641 1835 2673; x_wconf 82' lang='lat' dir='ltr'><em>Audradns.</em></span> <span class='ocrx_word' id='word_1_444' title='bbox 1853 2641 1960 2675; x_wconf 78' lang='lat' dir='ltr'><em>eoi-epi·</em></span> <span class='ocrx_word' id='word_1_445' title='bbox 1999 2654 2007 2669; x_wconf 87' lang='lat'><em>·:</em></span> 
     </span>
     <span class='ocr_line' id='line_1_45' title="bbox 306 2688 2003 2728; baseline 0.001 -12"><span class='ocrx_word' id='word_1_446' title='bbox 306 2699 405 2724; x_wconf 84' lang='lat' dir='ltr'><em>scopus</em></span> <span class='ocrx_word' id='word_1_447' title='bbox 424 2691 596 2723; x_wconf 81' lang='lat' dir='ltr'><em>Senonensis,</em></span> <span class='ocrx_word' id='word_1_448' title='bbox 616 2693 650 2719; x_wconf 86' lang='lat' dir='ltr'><em>de</em></span> <span class='ocrx_word' id='word_1_449' title='bbox 670 2693 802 2719; x_wconf 80' lang='lat' dir='ltr'><em>mandato</em></span> <span class='ocrx_word' id='word_1_450' title='bbox 821 2693 897 2720; x_wconf 85' lang='lat' dir='ltr'><em>beati</em></span> <span class='ocrx_word' id='word_1_451' title='bbox 917 2693 1001 2725; x_wconf 78' lang='lat' dir='ltr'><em>Petri,</em></span> <span class='ocrx_word' id='word_1_452' title='bbox 1019 2693 1068 2728; x_wconf 87' lang='lat' dir='ltr'><em>qui</em></span> <span class='ocrx_word' id='word_1_453' title='bbox 1088 2693 1113 2720; x_wconf 91' lang='lat' dir='ltr'><em>ei</em></span> <span class='ocrx_word' id='word_1_454' title='bbox 1132 2693 1162 2720; x_wconf 87' lang='lat' dir='ltr'><em>in</em></span> <span class='ocrx_word' id='word_1_455' title='bbox 1181 2693 1288 2720; x_wconf 84' lang='lat' dir='ltr'><em>visione</em></span> <span class='ocrx_word' id='word_1_456' title='bbox 1307 2693 1440 2728; x_wconf 75' lang='lat' dir='ltr'><em>apparuit</em></span> <span class='ocrx_word' id='word_1_457' title='bbox 1458 2694 1488 2720; x_wconf 86' lang='lat' dir='ltr'><em>et</em></span> <span class='ocrx_word' id='word_1_458' title='bbox 1506 2693 1540 2719; x_wconf 87' lang='lat' dir='ltr'><em>de</em></span> <span class='ocrx_word' id='word_1_459' title='bbox 1558 2693 1675 2720; x_wconf 78' lang='lat' dir='ltr'><em>licentia</em></span> <span class='ocrx_word' id='word_1_460' title='bbox 1693 2693 1896 2728; x_wconf 74' lang='lat' dir='ltr'><em>archiepiscopi</em></span> <span class='ocrx_word' id='word_1_461' title='bbox 1915 2692 1959 2720; x_wconf 85' lang='lat' dir='ltr'><em>sui</em></span> <span class='ocrx_word' id='word_1_462' title='bbox 2000 2688 2003 2718; x_wconf 75' lang='lat' dir='ltr'>J</span> 
     </span>
     <span class='ocr_line' id='line_1_46' title="bbox 308 2742 2004 2780; baseline 0.001 -12"><span class='ocrx_word' id='word_1_463' title='bbox 308 2742 423 2768; x_wconf 74' lang='lat' dir='ltr'><em>Romam</em></span> <span class='ocrx_word' id='word_1_464' title='bbox 435 2744 574 2777; x_wconf 78' lang='lat' dir='ltr'><em>profectus</em></span> <span class='ocrx_word' id='word_1_465' title='bbox 592 2745 634 2771; x_wconf 86' lang='lat' dir='ltr'><em>est</em></span> <span class='ocrx_word' id='word_1_466' title='bbox 651 2745 680 2771; x_wconf 84' lang='lat' dir='ltr'><em>et</em></span> <span class='ocrx_word' id='word_1_467' title='bbox 693 2744 778 2771; x_wconf 80' lang='lat' dir='ltr'><em>libros</em></span> <span class='ocrx_word' id='word_1_468' title='bbox 792 2753 855 2771; x_wconf 89' lang='lat' dir='ltr'><em>suos</em></span> <span class='ocrx_word' id='word_1_469' title='bbox 869 2745 974 2772; x_wconf 85' lang='lat' dir='ltr'><em>obtulit</em></span> <span class='ocrx_word' id='word_1_470' title='bbox 988 2746 1088 2779; x_wconf 82' lang='lat' dir='ltr'><em>quarto</em></span> <span class='ocrx_word' id='word_1_471' title='bbox 1102 2745 1187 2772; x_wconf 87' lang='lat' dir='ltr'><em>Leoni</em></span> <span class='ocrx_word' id='word_1_472' title='bbox 1201 2754 1301 2780; x_wconf 79' lang='lat' dir='ltr'><em>papae,</em></span> <span class='ocrx_word' id='word_1_473' title='bbox 1320 2745 1369 2780; x_wconf 91' lang='lat' dir='ltr'><em>qui</em></span> <span class='ocrx_word' id='word_1_474' title='bbox 1383 2746 1542 2772; x_wconf 83' lang='lat' dir='ltr'><em>reverenter</em></span> <span class='ocrx_word' id='word_1_475' title='bbox 1555 2754 1601 2772; x_wconf 81' lang='lat' dir='ltr'><em>eos</em></span> <span class='ocrx_word' id='word_1_476' title='bbox 1613 2745 1730 2780; x_wconf 81' lang='lat' dir='ltr'><em>excepit.</em></span> <span class='ocrx_word' id='word_1_477' title='bbox 1803 2745 1836 2772; x_wconf 91' lang='lat'><em>11</em></span> <span class='ocrx_word' id='word_1_478' title='bbox 1849 2744 1959 2776; x_wconf 76' lang='lat' dir='ltr'><em>scrinio.</em></span> <span class='ocrx_word' id='word_1_479' title='bbox 1998 2762 2004 2770; x_wconf 58' lang='lat'><em>.-</em></span> 
     </span>
     <span class='ocr_line' id='line_1_47' title="bbox 306 2794 1905 2844; baseline 0.003 -24"><span class='ocrx_word' id='word_1_480' title='bbox 306 2794 339 2826; x_wconf 60' lang='grc' dir='ltr'><em>εἰ.</em></span> <span class='ocrx_word' id='word_1_481' title='bbox 362 2794 476 2827; x_wconf 83' lang='lat' dir='ltr'><em>Traube,</em></span> <span class='ocrx_word' id='word_1_482' title='bbox 497 2795 711 2830; x_wconf 70' lang='lat' dir='ltr'><em>Abhandlunyen</em></span> <span class='ocrx_word' id='word_1_483' title='bbox 726 2804 787 2830; x_wconf 70' lang='lat' dir='ltr'><em>paq.</em></span> <span class='ocrx_word' id='word_1_484' title='bbox 801 2798 858 2823; x_wconf 83' lang='lat'>391.</span> <span class='ocrx_word' id='word_1_485' title='bbox 964 2797 974 2831; x_wconf 83' lang='grc' dir='ltr'>Η</span> <span class='ocrx_word' id='word_1_486' title='bbox 992 2797 1116 2824; x_wconf 88' lang='lat' dir='ltr'>I—XIII</span> <span class='ocrx_word' id='word_1_487' title='bbox 1138 2797 1178 2830; x_wconf 76' lang='lat' dir='ltr'><em>Cf.</em></span> <span class='ocrx_word' id='word_1_488' title='bbox 1198 2805 1283 2831; x_wconf 73' lang='lat' dir='ltr'><em>supra</em></span> <span class='ocrx_word' id='word_1_489' title='bbox 1297 2806 1362 2832; x_wconf 76' lang='lat' dir='ltr'><em>paq.</em></span> <span class='ocrx_word' id='word_1_490' title='bbox 1376 2797 1427 2824; x_wconf 78' lang='lat'><em>739</em></span> <span class='ocrx_word' id='word_1_491' title='bbox 1445 2796 1509 2825; x_wconf 75' lang='lat' dir='ltr'><em>adn.</em></span> <span class='ocrx_word' id='word_1_492' title='bbox 1522 2797 1547 2827; x_wconf 79' lang='lat'><em>2.</em></span> <span class='ocrx_word' id='word_1_493' title='bbox 1881 2812 1905 2844; x_wconf 53' lang='grc' dir='ltr'><em>,ξ</em></span> 
     </span>
    </p>
   </div>
   <div class='ocr_carea' id='block_1_14' title="bbox 1979 1616 2060 3074">
    <p class='ocr_par' dir='ltr' id='par_1_14' title="bbox 1979 1616 2060 3074">
     <span class='ocr_line' id='line_1_48' title="bbox 1979 1616 2060 3074; baseline 0 0"><span class='ocrx_word' id='word_1_494' title='bbox 1979 1616 2060 3074; x_wconf 95' lang='lat' dir='ltr'><em> </em></span> 
     </span>
    </p>
   </div>
  </div>
 </body>
</html>
