2040 2996
706 106 840 134 TITULI.
878 106 925 134 AD
943 106 1196 135 HARTGARIUM.
1716 110 1773 142 211

912 204 996 227 xux.

681 257 798 290 IDEM
820 257 884 290 AD
907 258 1224 292 HARTGARIUM.

492 318 587 351 Nunc
610 318 751 350 viridant
774 322 917 361 segetes,
940 329 1026 350 nunc
1049 319 1167 351 florent
1190 320 1338 361 germine
1363 321 1479 363 campi,

492 371 587 403 Nunc
611 373 743 413 turgent
766 371 860 410 vites,
884 373 934 402 est
955 381 1042 402 nunc
1065 370 1302 413 pulcherrimus
1326 383 1440 412 annus,

492 423 588 455 Nunc
610 423 717 465 pictae
741 422 890 454 volucres
913 423 1118 465 permulcent
1142 423 1276 455 aethera
1301 429 1409 464 cantu,

491 474 587 507 Nunc
611 485 710 514 mare,
734 485 820 506 nunc
842 474 952 515 tellus,
976 485 1062 506 nunc
1087 475 1171 508 caeli
1195 476 1303 508 sidera
1326 477 1442 510 rident.

428 565 440 584 ⁵
492 557 557 589 Ast
573 566 639 589 'nos
661 557 818 589 tristificis
842 557 1013 600 perturbat
1036 557 1125 600 potio
1150 559 1248 599 sucis,

492 609 575 642 Cum
598 609 714 642 medus
737 612 835 651 atque
859 608 972 648 Cerea
996 620 1069 641 cum
1093 609 1196 641 Bachi
1219 621 1355 642 munera
1378 609 1500 648 desint;

491 661 569 693 Heu
593 680 632 684 ——-
657 672 753 704 quam
777 660 967 704 multiplicis
989 661 1068 693 defit
1092 662 1275 694 substantia
1298 663 1418 702 carnis,

492 712 597 750 Quam
620 713 708 745 mitis
731 713 830 745 tellus
854 716 1001 755 generat,
1025 723 1121 756 quam
1146 713 1291 745 roscidus
1315 714 1440 746 aether.

494 795 639 838 Scriptor
659 803 731 826 sum
754 794 900 837 (fateor),
924 804 995 826 sum
1019 794 1166 826 Musicus
1190 795 1272 827 alter
1294 799 1327 827 et
1349 796 1500 839 Orpheus

412 855 435 873 ¹⁰
494 846 574 879 Sum
597 847 657 878 bos
681 847 846 884 triturans,
868 857 1024 889 prospera
1047 857 1198 889 quaeque
1223 848 1306 886 volo,

492 898 571 930 Sum
594 902 705 930 vester
726 898 820 930 miles
843 898 978 941 sophiae
1001 898 1168 941 praeditus
1192 900 1309 931 armis:

491 950 557 983 Pro
580 951 674 983 nobis
697 954 857 991 nostrum,
880 950 986 990 Musa,
1010 954 1126 992 rogato
1150 954 1286 994 patrem.

938 1068 955 1090 1.

869 1123 1035 1156 IDEM.

491 1185 669 1228 Angelicus
693 1183 787 1217 nobis
809 1184 969 1216 adventus
993 1184 1095 1217 claret
1118 1185 1227 1217 aventi

538 1238 685 1270 Nuncius
707 1240 744 1269 ut
766 1237 916 1280 Raphael
939 1237 1061 1279 gaudia
1083 1237 1171 1270 laeta
1194 1238 1314 1271 ferens.

491 1290 528 1322 In
551 1290 696 1322 tenebris
719 1289 851 1327 fuimus,
874 1289 1033 1321 tenebrae
1060 1300 1120 1321 nos
1144 1293 1242 1332 atque
1266 1291 1372 1332 caligo

538 1342 737 1374 Presserunt
760 1344 916 1380 maestos,
940 1340 1006 1374 heu
1029 1344 1124 1384 pater
1146 1342 1241 1382 alme,
1265 1342 1364 1374 viros:

426 1404 438 1422 ⁵
492 1396 541 1428 Tu
564 1387 658 1428 nobis
682 1395 789 1427 subito
812 1394 999 1427 clarescens
1022 1395 1133 1427 inclita
1156 1395 1283 1438 lampas

537 1447 698 1480 Laetitiae
720 1447 882 1490 maniplos
905 1447 981 1487 fers,
1005 1447 1192 1487 benedicte,
1219 1458 1332 1480 novos.

490 1499 663 1542 Limphida
685 1499 867 1531 transmisit
889 1499 983 1531 nobis
1008 1503 1042 1532 et
1064 1499 1183 1542 glauca
1205 1499 1343 1532 Mosella

537 1551 739 1584 Praeconem
762 1551 924 1594 placidum
949 1551 1202 1595 florigerumque
1226 1555 1362 1595 patrem.

489 1603 550 1643 Tu,
573 1603 720 1646 baptista
742 1602 795 1636 dei
818 1606 973 1646 tanquam
997 1603 1163 1636 Iohannes
1188 1604 1322 1643 honore,

409 1663 434 1683 ιο
537 1654 684 1687 Nuncius
708 1665 744 1687 es
768 1655 871 1700 pacis:
897 1665 963 1699 pax
986 1655 1044 1688 tibi
1069 1667 1200 1700 semper
1222 1675 1264 1680 —
1287 1667 1359 1690 ave.

675 1788 678 1791 v
931 1773 970 1797 u.

689 1827 737 1861 IN
759 1828 955 1867 QUADAM
978 1828 1211 1862 EOOLESIA.

490 1889 559 1923 Hos
583 1890 716 1934 pietatis
740 1901 841 1934 equos
866 1890 1016 1922 Christus
1039 1892 1125 1932 regit
1148 1891 1291 1934 undique
1315 1891 1414 1924 frenis

538 1943 580 1974 Et
602 1943 666 1975 fert
688 1943 902 1985 quadriiugos
925 1942 993 1974 dux
1019 1954 1119 1986 super
1141 1946 1230 1975 astra
1255 1954 1341 1975 suos.

925 2056 975 2080 Ln-

871 2110 1036 2145 ITEM.

491 2174 599 2204 Aures
623 2173 655 2204 in
679 2171 801 2204 domini
826 2172 965 2204 sabaoth
989 2175 1150 2215 martyres
1173 2174 1281 2204 orant:

491 2224 607 2261 ‘Quem
631 2224 774 2256 bibimus
798 2224 946 2264 calicem,
969 2234 1083 2263 verax,
1107 2223 1277 2263 ulciscere,
1302 2223 1410 2256 iudex.

229 2371 318 2407 [xum]
341 2373 380 2398 ed.
399 2372 552 2399 Duemmler
574 2372 675 2398 Sedula?
697 2373 815 2398 carmina
828 2381 858 2406 p.
876 2371 911 2397 24
1002 2371 1019 2397 2
1041 2370 1115 2397 *αθ
1202 2370 1219 2395 ἴ)
1243 2371 1315 2404 pocio
1329 2371 1352 2396 0
1440 2371 1456 2397 7
1479 2373 1546 2398 desit
1559 2373 1582 2398 Ο
1596 2382 1662 2400 corr.
1683 2374 1776 2408 Haupt

125 2417 272 2443 substancia
289 2421 312 2442 et
328 2417 393 2442 talia
411 2417 513 2450 :nep-'m
527 2417 549 2442 0
632 2415 649 2442 8
667 2417 718 2442 ntis
736 2425 804 2442 corr.
825 2416 916 2449 Haupt
1029 2413 1072 2447 [L]
1091 2414 1130 2440 ed.
1150 2414 1298 2439 Duemmler
1313 2423 1341 2447 p.
1354 2413 1388 2439 ‘25
1432 2415 1520 2440 IDEM
1538 2415 1565 2440 in
1578 2418 1634 2450 fine
1654 2417 1666 2442 l
1686 2426 1774 2442 veram

123 2463 213 2493 poma
230 2460 293 2485 «uid.
309 2460 332 2485 0
413 2459 430 2486 6
448 2460 551 2486 bndietc
568 2459 730 2485 breviationis
746 2459 818 2491 εἰφιο
837 2459 928 2484 mnino
943 2458 965 2483 Ο
1053 2458 1070 2483 9
1088 2457 1198 2483 babtista
1217 2466 1285 2482 corr.
1301 2457 1324 2482 0
1372 2456 1506 2482 *iohannis
1520 2457 1543 2483 0
1661 2458 1714 2493 [ιι]
1733 2460 1773 2486 ed.

126 2501 238 2528 PBt-enne
251 2511 280 2536 p.
293 2501 327 2529 83
411 2502 424 2528 l
444 2501 533 2535 frenis]
551 2503 619 2536 regit
629 2511 696 2528 corr.
712 2502 734 2528 C'
844 2500 906 2535 [ιιι]
919 2501 987 2534 quod
999 2501 1218 2534 estsraqmemum
1232 2500 1272 2525 ed.
1286 2500 1397 2525 Pir-mne
1408 2500 1469 2525 ibid,
1477 2509 1486 2530 ,-
1499 2503 1558 2533 pou
1568 2501 1630 2526 LII
1637 2507 1776 2535 sequuntur

125 2545 153 2570 ἔτι
167 2545 190 2571 C'
204 2545 275 2571 mult.
294 2546 340 2571 lae.
358 2545 398 2571 ed.
417 2545 450 2572 B.
467 2554 488 2571 ο.
506 2545 557 2571 494
575 2550 598 2571 et
616 2545 760 2571 Eucherius
779 2546 810 2571 ih.
828 2554 849 2571 c.
862 2545 914 2570 390
930 2545 957 2570 iu
975 2553 1055 2569 unum
1074 2544 1208 2568 coniuncta
1226 2542 1287 2576 (cfr.
1300 2542 1435 2568 Baehrem
1447 2551 1477 2576 p.
1490 2544 1508 2568 I.
1521 2553 1553 2569 m.
1570 2544 1598 2575 V,
1615 2544 1666 2570 363
1683 2550 1706 2571 et
1718 2546 1773 2571 cod.

132 2587 267 2615 Vateneen.
287 2588 321 2614 M
337 2587 364 2614 3.
381 2587 416 2614 36
433 2597 453 2614 Ι.
470 2588 516 2621 Χ.)
533 2589 580 2614 hoc
598 2589 670 2614 titulo
693 2590 727 2615 IN
747 2590 838 2615 VELO
856 2589 950 2621 QVOD
967 2588 1133 2613 CHlNTlLA
1152 2587 1220 2612 REX
1240 2587 1275 2612 IN
1293 2586 1433 2611 llONORE
1451 2587 1552 2612 PETRI
1570 2588 1719 2614 OP'I'VLIT
1738 2589 1776 2614 HI

126 2630 254 2656 VERsvs
273 2631 405 2657 sempr!
423 2631 512 2657 SVNT

229 2715 320 2750 [xum]
338 2716 356 2743 :3
373 2716 439 2743 Aen.
453 2716 508 2749 IV,
525 2717 576 2743 525
594 2717 743 2751 pictaeque
758 2717 896 2748 volucrem
914 2716 948 2743 fb.
962 2716 1022 2749 VII,
1035 2717 1070 2742 39
1081 2723 1118 2749 αι.
1137 2715 1261 2742 volucres
1281 2734 1288 2741 .
1301 2734 1307 2740 .
1322 2735 1327 2741 .
1343 2714 1348 2747 Ι
1363 2713 1478 2740 aethera
1499 2714 1661 2742 mulcebant
1683 2717 1776 2743 cantu.

127 2767 144 2794 6
161 2765 215 2800 ΨΥ.
230 2767 287 2800 lx,
304 2768 330 2794 6.
419 2769 451 2795 10
466 2776 487 2795 e.
499 2777 525 2803 y.
545 2769 602 2796 Gor.
622 2770 646 2801 1,
664 2770 689 2799 9,
707 2770 724 2796 9
742 2769 805 2795 bovi
825 2768 979 2795 trituranti.

531 2816 535 2821 ’
1521 2813 1570 2840 27*
