2060 3074
0 1496 6 1509 b

0 1519 6 1537 ,δ

0 1542 5 1565 ἰ

0 1608 6 1651 ἒ

0 1655 6 1685 ἱ

104 626 279 674 'pa9.4o4
301 630 330 671 5,
347 635 366 663 1

220 1961 285 1992 407
313 1971 345 1993 n.
361 1962 383 1992 8

221 2168 286 2198 409
318 2179 344 2200 v.
362 2171 381 2199 1

221 2220 286 2251 412
318 2230 344 2251 v.
363 2222 384 2252 7

222 2324 285 2354 414
320 2334 347 2356 v.
363 2326 384 2355 3

134 2617 208 2647 paq.
224 2610 287 2640 421
321 2619 347 2640 v.
363 2611 385 2640 3

225 2661 291 2692 422
320 2671 351 2692 n.
368 2663 389 2692 3

830 182 1069 209 PRAETERITA.
1710 185 1771 214 755

403 268 538 300 oriundo
569 269 702 300 aetatem
734 268 821 306 tum,
855 268 928 300 olim
955 270 992 301 in
1013 269 1114 301 Italia
1141 269 1314 301 lectitatum
1340 280 1403 300 esse
1429 268 1492 300 alio
1515 268 1578 300 loco
1601 269 1771 301 ostendam.

404 320 424 352 1
431 319 463 351 V
486 320 620 361 fabulae
653 321 821 352 cuiusdam
854 320 1036 353 Perottinae
1062 321 1278 361 paraphrasis
1311 323 1364 353 est.
1430 320 1504 352 V—-
1518 321 1587 353 VII
1611 320 1772 361 epitaphia

403 373 495 402 sunt:
523 372 591 404 VII
610 372 765 404 Isudovici
793 373 992 412 imperatoris
1012 384 1042 405 a.
1064 373 1127 404 875
1150 373 1267 405 mortui
1288 373 1450 413 eodemque
1472 383 1557 405 anno
1586 374 1620 404 in
1641 372 1773 404 basilica

407 424 621 456 Ambrosiam
649 424 778 465 sepulti,
808 424 839 456 V
855 425 1027 457 sacerdotis
1049 425 1244 467 Lanfranci,
1277 425 1362 465 quod
1393 435 1505 457 nomen
1533 427 1608 456 tunc
1637 424 1773 455 maaeime

406 477 443 508 in
464 475 565 508 Italia
587 477 813 516 usurpabatur,
843 476 892 508 VI
910 477 1052 508 Arnaldi
1067 477 1243 518 presbyteri
1265 476 1408 508 ecclesiae
1431 476 1463 509 S.
1486 477 1617 508 Mariae
1633 475 1773 517 fortasse

405 527 666 566 Mediolanemis,
693 538 784 568 quem
807 539 878 560 cum
899 529 938 560 ab
961 528 1107 569 Hunqris
1129 529 1265 561 occisum
1287 539 1350 561 esse
1365 529 1495 568 primus
1517 539 1625 560 versus
1646 527 1772 565 indicet,

406 581 442 612 in
462 589 585 611 annum
601 580 663 610 900
685 580 881 612 deducimur.

407 631 493 664 Sado
530 634 560 663 et
601 631 742 663 Saducto
786 632 916 663 nomina
953 632 1105 664 nobilium
1150 632 1442 664 Beneventanorum
1479 634 1567 669 sunt,
1611 630 1653 672 cf.
1699 629 1772 663 God.

411 683 549 716 Carolin.
570 685 613 715 82
644 683 750 724 (Mon.
783 683 889 716 Germ.
918 684 979 723 Ep.
1004 684 1067 715 III
1085 686 1161 722 616,
1182 685 1216 724 9)
1251 683 1463 724 Erchempert.
1486 683 1571 714 Hist.
1595 683 1710 714 Bencv.
1732 683 1774 713 62

408 735 483 775 (SS.
513 735 650 775 Lanyob.
676 745 751 776 pay.
773 736 852 774 259,
875 736 934 776 21)
970 735 1084 768 Chron.
1118 736 1265 767 comitum
1302 735 1431 775 Capuae
1466 735 1510 766 ad
1541 745 1571 766 a.
1600 736 1663 766 840
1698 733 1772 774 (SS.

408 787 472 819 III
487 788 566 825 208)
588 789 643 819 cet.

703 900 940 937 HINCMARI
967 901 1152 937 CARMIN
1154 902 1197 938 A.

407 976 621 1008 Hincmarum
643 976 763 1008 codices
784 987 847 1008 non
866 986 987 1016 paucos
1008 987 1066 1008 suo
1090 976 1182 1008 iussu
1204 979 1262 1008 aut
1286 976 1419 1016 scriptos
1439 979 1498 1007 aut
1519 987 1535 1007 c
1556 976 1776 1008 vetustioribus

409 1028 599 1061 bibliothecis
614 1031 790 1060 contractos
811 1028 957 1060 ecclesiae
978 1030 1008 1060 et
1023 1028 1223 1059 monasteriis
1238 1028 1444 1059 Remensibus
1458 1028 1621 1059 donavisse
1636 1028 1775 1069 ipsorum

408 1080 559 1112 librorum
591 1080 813 1120 inscriptiones
847 1080 964 1112 docent.
1019 1079 1215 1111 Hinomarus
1248 1079 1509 1122 archiepiscopus
1543 1078 1632 1111 dedit
1665 1083 1774 1111 sancto

410 1132 561 1175 Remigio
584 1132 775 1164 Parisinum
797 1132 881 1162 5609
904 1130 1062 1172 (Cataloq.
1086 1131 1173 1163 codd.
1196 1131 1332 1171 hayioyr.
1356 1130 1455 1162 Paris
1475 1131 1520 1162 II
1529 1131 1616 1169 519),
1639 1131 1776 1163 Zenonis

410 1195 540 1224 <merum
555 1184 714 1225 exmpbzr
729 1184 889 1223 Remense,
912 1184 997 1224 quod
1004 1184 1106 1224 periit
1120 1183 1310 1224 (Serapeum
1332 1183 1456 1215 V1844
1471 1193 1548 1224 pay.
1566 1185 1616 1222 61,
1641 1183 1776 1216 G'ottlieb

410 1235 618 1268 Mittelalterl.
648 1235 867 1268 Bibliotheken
893 1236 985 1277 339),
1019 1235 1270 1276 cuanqeliarium
1299 1235 1450 1267 Remense
1475 1235 1549 1267 item
1582 1235 1777 1275 deperditum

408 1288 543 1329 (Beryer
573 1288 716 1320 Histoire
748 1288 786 1320 de
820 1287 852 1319 la
885 1287 1014 1328 Vulqate
1039 1298 1116 1328 pay.
1142 1288 1232 1327 282).
1291 1287 1484 1319 Hincmarus
1518 1286 1776 1330 archiepiscopus

414 1340 585 1372 Remensis
615 1340 706 1372 dedit
736 1343 866 1372 sanctae
896 1339 1018 1371 Mariae
1046 1339 1200 1371 Remensi
1229 1338 1276 1371 vel
1303 1341 1434 1370 sanetae
1461 1338 1584 1370 Mariae
1607 1339 1776 1370 Remensis

411 1391 568 1424 ecclesiae
591 1392 735 1424 Tichonii
757 1391 939 1432 reyularum
961 1391 1077 1423 librum
1092 1391 1274 1423 Remensem
1288 1391 1424 1431 (Archiv
1445 1390 1534 1422 VIII
1547 1391 1636 1429 393),
1659 1391 1778 1422 codices

409 1445 489 1476 duos
511 1445 584 1476 item
607 1444 788 1482 Renaenses,
816 1444 873 1484 qui
895 1446 982 1475 vetus
1011 1446 1040 1475 et
1061 1454 1174 1475 novum
1196 1445 1414 1475 testamentum
1441 1443 1583 1475 exhibent
1605 1442 1776 1483 fflurrieu,

411 1495 575 1538 Me'lanyes
597 1496 709 1529 Julien
723 1496 827 1528 Havet
843 1497 930 1537 650),
953 1495 1088 1527 alterum
1103 1495 1337 1536 euanqelio-rum
1359 1495 1473 1528 librum
1489 1495 1670 1527 Remcnsem
1692 1505 1777 1526 nunc

411 1547 557 1580 mutilum
572 1551 601 1580 et
617 1547 710 1579 titulo
718 1548 893 1588 gm‘vatum,
916 1558 1005 1588 quem
1026 1546 1141 1579 librum
1155 1547 1286 1578 eundem
1302 1558 1366 1578 esse
1380 1557 1450 1578 cum
1466 1546 1544 1578 libro
1559 1557 1580 1578 a
1595 1546 1779 1578 Flodoardo

412 1602 646 1631 commemorato
675 1599 780 1640 (apud
807 1610 863 1631 nos
890 1609 991 1639 supra
1006 1609 1082 1639 paq.
1102 1592 1181 1637 40'9)
1205 1599 1339 1630 Iacobus
1362 1598 1478 1638 Lelonq
1493 1598 1623 1638 putavit
1644 1598 1779 1639 (Beryer

411 1654 440 1682 et
463 1651 609 1683 Durrieu
631 1651 706 1683 locis
728 1651 859 1692 citatis).
898 1651 1091 1683 Hincmarus
1114 1650 1200 1682 abba
1222 1650 1277 1691 (cf.
1299 1650 1408 1682 Gallia
1427 1649 1612 1682 Christiana
1630 1650 1687 1681 IX
1701 1651 1778 1688 182)

412 1702 502 1734 dedit
531 1706 642 1735 sancto
670 1702 873 1735 Theoderico
903 1703 1032 1734 tertium
1059 1701 1309 1743 euanqeliarium
1332 1701 1482 1733 Remense
1508 1700 1668 1740 (Durrieu
1691 1701 1778 1742 651).

413 1755 509 1786 codex
524 1754 689 1787 Remensis
704 1754 892 1795 Hieronymi
914 1753 1073 1794 dialoqum
1096 1754 1131 1786 in
1147 1753 1379 1794 LuciferianOS‚
1401 1755 1476 1784 acta
1497 1752 1623 1784 concilii
1636 1752 1778 1784 Franco-

412 1806 597 1846 furdiensis,
620 1806 749 1838 Alcvini
764 1806 932 1846 epistulam
955 1806 999 1838 ad
1016 1806 1238 1844 Gundradam,
1265 1805 1388 1838 Ottonis
1402 1805 1447 1836 II
1463 1804 1658 1844 epitaph-ium
1668 1808 1779 1844 postea

412 1858 558 1890 additum
581 1857 782 1898 complectens
812 1858 866 1890 cui
893 1857 1092 1890 bibliothecae
1119 1858 1158 1890 ab
1181 1857 1356 1889 Hincmaro
1378 1857 1500 1889 oblatus
1526 1857 1581 1895 sit,
1613 1867 1634 1888 a
1656 1856 1780 1889 Pertzio

413 1909 549 1950 (Archiv
572 1910 663 1942 VIII
672 1911 752 1951 393)
774 1921 839 1942 non
860 1910 1033 1941 indicatur.

415 1961 534 1994 codices
561 1961 692 1994 Ferculi
725 1961 902 1994 Salomonis
935 1961 975 1992 ab
1003 1960 1179 1992 Hincmaro
1209 1960 1322 2000 scripti
1350 1960 1528 2001 fragmenta
1555 1959 1713 1991 tradentes
1744 1959 1780 1990 in

412 2014 602 2046 Abrincensi
617 2015 691 2054 (80-
703 2013 872 2054 Cataloque
888 2013 924 2044 X
938 2014 990 2051 27,
1013 2023 1045 2044 n.
1061 2012 1103 2043 85
1119 2022 1198 2043 saec.
1217 2011 1288 2053 XI)
1302 2014 1331 2043 et
1345 2011 1570 2052 Bamberyensi
1584 2010 1779 2051 (maschah,

415 2065 555 2106 Kataloq
583 2065 638 2097 der
671 2063 1068 2104 Glassikerhandschriften
1090 2074 1168 2104 pay.
1191 2064 1246 2101 59,
1275 2060 1344 2095 HJ.
1366 2062 1430 2095 IV.
1451 2065 1494 2095 24
1524 2073 1603 2095 saec.
1622 2062 1780 2102 X—-X1)

415 2117 605 2149 bibliothecis
627 2119 841 2149 asservantur.

414 2169 454 2201 ab
476 2169 538 2200 imo
560 2168 639 2210 leye:
660 2169 682 2200 ὰ
705 2168 752 2201 St.
767 2168 927 2200 Bernard.

414 2221 454 2252 ab
476 2221 538 2253 imo
561 2221 726 2262 dicendum
753 2223 821 2252 erat
843 2219 936 2251 ‘hanc
958 2219 1216 2259 subscriptionem
1238 2230 1295 2250 om.
1318 2219 1372 2257 A‘,
1398 2228 1474 2249 nam
1496 2218 1653 2250 subnexio
1676 2218 1781 2257 ipsum

415 2283 541 2305 carmen
562 2276 608 2305 est
629 2274 745 2313 scm'pto
768 2273 1018 2314 Hieronymiano
1039 2271 1200 2304 subditum
1222 2271 1262 2303 ab
1284 2271 1469 2303 Hincmaro.

416 2325 456 2356 ab
478 2325 540 2357 imo
562 2325 639 2366 lcyc:
661 2326 718 2357 fiet
739 2325 929 2362 Durandus,
952 2335 1031 2356 corr.
1049 2323 1195 2355 Harster.
1214 2342 1250 2347 -—
1270 2333 1345 2364 pay.
1363 2322 1426 2353 415
1449 2332 1475 2353 v.
1492 2323 1511 2352 4
1536 2321 1661 2353 debriet
1684 2323 1780 2363 atque

417 2377 502 2419 riget
524 2377 609 2416 Ncff.
633 2396 674 2400 -
697 2378 760 2408 419
783 2387 810 2409 v.
828 2379 890 2407 101
913 2376 974 2417 leye
996 2376 1123 2408 offerre.

744 2535 922 2572 HEIRICI
949 2534 1180 2571 CARMINA.

417 2610 456 2642 ab
477 2609 540 2641 imo
561 2609 639 2650 leye:
656 2608 902 2649 11hilos.-philol.
929 2608 975 2641 Ge.
1000 2609 1092 2639 1891.

420 2661 457 2693 dc
479 2661 593 2694 Marco
615 2661 656 2702 cf.
672 2661 849 2693 Mommsen
871 2661 914 2692 ad
938 2659 1096 2692 Chronica
1118 2659 1242 2691 minora
1264 2658 1328 2690 III
1340 2659 1410 2690 120.
1427 2676 1467 2680 -
1483 2668 1514 2688 n.
1530 2659 1550 2687 4
1573 2657 1610 2688 de
1626 2656 1783 2688 Haimone

420 2713 575 2745 sententia
598 2723 666 2744 mea
687 2714 881 2744 retractatur
901 2711 945 2743 ad
966 2711 1132 2748 Milonem,
1163 2720 1262 2750 supra
1279 2720 1353 2751 pay.
1377 2710 1448 2740 557.
1490 2709 1782 2741 commentariorum

423 2764 580 2797 codicibus
601 2765 721 2797 accedit
743 2763 979 2804 Rotomaqensis
1000 2773 1080 2796 saec.
1103 2762 1160 2795 IX
1180 2761 1434 2804 (8⁰-Gataloyue
1455 2761 1480 2794 I
1489 2761 1578 2802 343).
1602 2779 1641 2784 —
1664 2759 1685 2793 l.
1701 2759 1720 2790 5
1743 2759 1782 2792 ab

421 2816 483 2851 imo
504 2815 581 2862 leye:
602 2815 747 2850 alterum.
