2060 3074
251 162 312 192 590
904 159 1056 187 MILONIS
1075 158 1252 186 CARMINA.

619 246 704 283 Quid
727 249 772 286 tu,
797 248 907 277 sancte
931 248 1034 287 pater,
1058 248 1162 276 totum
1185 245 1395 278 memorande
1418 256 1478 288 per
1501 246 1623 286 orbem,

545 312 570 330 65
615 299 706 330 Tunc
729 298 837 339 agis?:
862 298 1010 339 agnellus
1032 297 1171 340 pedibus
1193 300 1371 339 prostratus
1394 297 1553 330 adhaeres

617 350 714 381 Saevi
737 359 856 392 nempe
879 349 964 391 lupi;
989 349 1077 391 fuge,
1100 359 1141 381 ne
1161 352 1194 381 te
1218 349 1350 381 sorbeat
1371 350 1486 392 ipsum.

616 402 752 443 Erigere
777 401 819 432 ad
843 400 1023 438 dominum;
1047 411 1123 439 nam
1146 411 1230 443 quae
1253 402 1338 444 petis
1360 402 1430 444 ipse
1453 404 1604 434 verenter

618 452 809 485 Ooncedens
833 452 985 484 stabilem
1009 452 1130 484 tribuet
1153 452 1325 495 dignanter
1346 453 1513 486 honorem.

616 506 705 547 Ergo
730 505 861 537 domum
883 504 985 537 Dotto
1011 508 1060 537 est
1082 506 1202 548 populo
1227 506 1401 538 comitante
1424 516 1587 538 reversus:

546 572 570 590 w
616 557 714 589 Ocius
737 557 779 588 ad
801 557 966 589 hominem
990 560 1119 589 sanctus
1142 558 1297 589 celeravit
1318 557 1454 589 anhelus

616 609 736 651 Atque,
759 609 815 641 ubi
839 609 1026 641 defunctum
1048 610 1200 641 miserum
1223 610 1388 641 miseratio
1413 609 1502 650 vidit,

616 661 744 693 Vivifici
766 664 910 692 mentem
934 661 1065 692 firmans
1089 661 1262 703 spiramine
1285 662 1380 693 flatus

616 713 811 755 Depositum
834 723 975 756 propere
1000 716 1172 755 cognatam
1194 714 1285 745 vexit
1308 713 1350 745 ad
1372 713 1499 754 aedem,

618 764 690 801 Quo
714 765 822 796 fuerat
845 765 958 796 solitus
980 767 1108 807 portam
1131 765 1260 807 pulsare
1283 775 1466 808 supernam.

548 829 572 848 75
617 816 779 848 Sternitur
803 816 878 848 hinc
901 816 985 848 arvis
1007 817 1111 858 magis
1134 816 1209 848 inde
1232 817 1442 859 propinquior
1463 818 1557 849 astris

617 868 728 910 Atque
751 878 866 910 preces
890 868 984 899 simul
1008 871 1041 899 et
1063 869 1267 900 lacrimarum
1289 869 1421 900 flumina
1443 869 1556 902 fundit.

618 920 709 956 Quae
734 921 880 963 quamvis
903 921 1008 952 vicina
1030 921 1136 962 rigent
1159 921 1297 952 confinia
1319 924 1436 962 terrae,

617 972 724 1004 Altius
748 972 790 1004 ad
814 973 935 1004 celsum
959 973 1095 1006 volitant
1117 973 1302 1005 scandendo
1326 974 1466 1006 tribunal

615 1025 775 1066 Angelioo
798 1024 976 1067 plaudente
1001 1025 1098 1056 choro
1123 1035 1220 1068 super
1242 1026 1377 1057 aethera
1400 1029 1524 1058 vectae.

544 1089 570 1108 so
613 1076 711 1108 Dicta
733 1076 816 1108 haec
840 1076 926 1108 facta
949 1077 1098 1118 probant,
1122 1077 1258 1109 verbum
1282 1078 1455 1120 completio
1479 1078 1598 1109 firmat:

618 1129 757 1160 Sanctus
781 1129 868 1160 enim
891 1129 1038 1160 incubuit
1059 1130 1211 1171 precibus
1233 1133 1413 1172 prostratus
1435 1131 1469 1162 in
1491 1131 1574 1162 arvis

616 1181 686 1212 Nec
709 1181 797 1222 prius
821 1180 863 1212 ad
886 1181 983 1212 finem
1009 1181 1089 1212 felix
1113 1181 1215 1212 oratio
1239 1181 1338 1222 venit,

617 1233 732 1264 Donec
755 1233 853 1264 ambo
878 1233 974 1264 simul
998 1233 1133 1264 diversis
1156 1233 1334 1264 comminus
1358 1233 1421 1265 oris

618 1285 797 1327 Surgentes
821 1288 944 1316 starent
967 1285 1066 1316 iuncti
1089 1304 1129 1308 —
1153 1285 1299 1317 mirabile
1325 1285 1393 1317 visu
1418 1298 1471 1317 —:

545 1350 569 1369 ss
614 1337 761 1368 Mortuus
786 1348 806 1368 a
828 1339 933 1368 morte
958 1339 992 1368 et
1015 1340 1143 1368 sanctus
1167 1336 1207 1368 de
1231 1337 1365 1379 pulvere
1387 1340 1504 1370 terrae.

661 1406 723 1438 ΠΙ.
748 1405 776 1438 O
801 1417 896 1448 quam
923 1406 1131 1448 conspicuum
1155 1406 1302 1438 dominus
1326 1406 1441 1439 dilexit
1462 1408 1636 1447 alumnum,

619 1458 679 1491 Oui
702 1461 768 1490 tam
791 1458 894 1490 multa
915 1459 965 1490 sui
987 1458 1100 1490 tribuit
1122 1459 1289 1501 signacula
1311 1460 1443 1491 amoris!

616 1511 778 1553 Denique,
803 1521 863 1542 ceu
886 1521 1041 1552 praesens
1064 1511 1157 1542 nobis
1181 1511 1338 1553 scriptura
1361 1512 1495 1552 revelat,

617 1563 806 1594 Praevaluit
830 1562 983 1605 precibus
1006 1563 1105 1594 sacris
1127 1563 1316 1605 meritisque
1339 1563 1445 1595 beatis

545 1628 571 1647 9⁰
614 1615 768 1646 Reddere
794 1614 981 1646 distractam
1005 1615 1106 1646 multo
1130 1625 1189 1657 pro
1213 1615 1344 1647 crimine
1367 1616 1466 1647 vitam

617 1667 782 1698 Defuncto
807 1669 904 1708 atque
929 1667 1056 1698 animae
1080 1667 1143 1698 iam
1167 1667 1296 1709 iamque
1320 1667 1352 1699 in
1375 1667 1512 1699 Tartara
1533 1668 1644 1710 lapsae

619 1718 767 1750 Obtinuit
790 1719 918 1750 veniam
942 1718 1070 1750 Christo
1093 1719 1268 1750 miserante
1292 1719 1465 1751 salubrem.

620 1771 668 1802 Sit
690 1772 760 1802 laus
784 1781 910 1802 summa
934 1770 1007 1810 deo,
1032 1771 1086 1813 qui
1109 1770 1195 1802 dona
1218 1771 1366 1803 fidelibus
1390 1771 1524 1813 addens,

617 1823 663 1854 Ut
686 1823 809 1865 possint
833 1823 923 1854 exire
948 1823 1075 1854 animae
1100 1822 1141 1854 de
1165 1825 1294 1855 carcere
1317 1822 1451 1865 Averni,

546 1888 571 1906 95
617 1875 755 1906 Tartara
778 1875 983 1917 disrumpens
1007 1875 1176 1907 obstacula
1199 1878 1314 1907 cuncta
1336 1876 1472 1907 revellit.

619 1927 750 1958 Interea
773 1926 904 1958 madido
929 1926 1078 1958 discussis
1101 1938 1174 1959 rore
1197 1928 1320 1970 capillis

617 1979 758 2010 Praevia
781 1981 953 2010 venturum
976 1979 1041 2010 iam
1065 1982 1138 2021 post
1162 1989 1220 2010 sua
1240 1979 1362 2011 lumina
1384 1979 1555 2012 Phoebum

618 2031 804 2073 Terrigenis
827 2030 956 2062 Aurora
980 2041 1037 2062 suo
1061 2034 1298 2063 monstraverat
1321 2034 1404 2064 ortu.

618 2083 664 2115 At
685 2083 785 2115 virtus
809 2084 976 2125 complens
999 2083 1135 2115 redivivi
1159 2084 1302 2126 corporis
1325 2087 1412 2115 artus

536 2149 573 2168 100
618 2135 804 2167 Addiderat
826 2135 963 2167 reduces
987 2135 1125 2167 solidato
1148 2136 1266 2167 robore
1289 2136 1383 2168 vires.

622 2188 710 2230 Ergo
734 2198 809 2219 suos
832 2188 911 2219 loeti
933 2187 1037 2219 victor
1059 2188 1210 2230 vitaeque
1233 2188 1393 2228 reductor,

620 2239 795 2271 Confessor
819 2239 940 2270 domini
964 2240 1063 2281 signis
1086 2240 1219 2281 insignis
1243 2239 1386 2271 honestis

619 2291 730 2323 Poscit
752 2302 868 2333 aquas;
893 2295 1022 2323 currunt
1045 2292 1169 2323 celeres
1193 2292 1381 2323 tumulanda
1403 2295 1554 2334 putantes

621 2344 758 2376 Menbra
780 2343 850 2383 viri⁷
874 2346 1003 2385 peteret
1026 2343 1166 2386 limphas
1190 2343 1277 2386 quod
1299 2354 1390 2375 more
1413 2344 1542 2376 lavacri.

538 2408 575 2427 105
618 2396 762 2437 Ingressi
784 2395 979 2426 incolumem
1002 2396 1170 2427 inveniunt
1193 2414 1231 2423 .-
1257 2396 1404 2427 mirabile
1428 2395 1516 2427 dictu
1539 2407 1592 2426 —-:

621 2447 742 2479 Ordine
767 2458 923 2479 converso
948 2451 1082 2479 cernunt
1105 2447 1249 2479 residere
1273 2450 1431 2479 verenter.

623 2499 702 2535 Quis
726 2502 836 2541 stupor
859 2499 911 2530 hic
934 2499 1040 2539 fuerit,
1064 2499 1141 2530 facti
1164 2499 1359 2530 excellentia
1380 2499 1501 2541 prodit:

355 2662 389 2688 83
406 2664 475 2688 horis
492 2664 538 2688 VB

357 2756 389 2782 75
411 2756 510 2783 Heiric.
534 2757 576 2783 VI
587 2757 639 2783 210
661 2757 796 2784 sternitur
820 2757 886 2784 hinc
912 2757 986 2784 arvis
1015 2758 1096 2784 tanto
1122 2757 1242 2784 vicinior
1264 2757 1355 2784 astris.
1453 2758 1556 2784 82—85
1583 2757 1683 2784 Ηοίηῗε.
1708 2757 1909 2787 ν1222-224,

258 2809 303 2834 101
327 2808 434 2834 Iurene.
455 2808 492 2834 ΙΙ
501 2809 551 2835 405
571 2809 618 2834 sed
637 2809 763 2836 Christus
783 2809 831 2835 leti
853 2809 942 2836 victor
960 2810 1092 2843 vitaeque
1111 2810 1242 2843 repertor.
