2060 3074
271 159 289 187 6
298 159 332 188 14
928 155 1018 182 MILO
1022 155 1081 182 NIS
1100 155 1275 182 CARMINA.

565 256 591 274 20
639 242 735 283 Illud,
760 243 792 274 in
815 242 947 284 antiqua
970 242 1075 284 patria
1099 242 1185 284 quod
1209 242 1293 274 ferre
1317 243 1476 284 solebant,

637 294 700 326 Hic
724 294 799 336 quia
823 293 942 336 captivi
964 293 1141 325 lacrimosis
1163 294 1345 336 planctibus
1367 295 1460 327 irent.

638 346 699 377 His
725 356 787 388 ego
812 348 887 377 tunc
911 346 1019 388 stupui
1027 357 1035 383 ;
1058 348 1231 388 postquam
1253 346 1427 378 mecorde
1450 347 1570 389 recepi,

637 398 749 429 Mente
772 397 983 429 revolvebam
1005 399 1134 443 patrum
1157 397 1351 430 documenta
1374 399 1516 441 priorum

638 449 853 491 Percepique⁷
877 449 970 481 bonis
993 449 1070 491 gula
1093 449 1181 492 quod
1203 451 1364 482 contraria
1387 451 1509 482 cunctis

565 514 590 533 25
636 501 742 542 Esset,
765 502 916 544 florigero
939 512 998 544 pro
1024 512 1087 544 qua
1111 501 1264 545 depulsus
1288 503 1329 534 ab
1353 503 1446 534 horto

638 554 768 585 Primus
791 553 899 586 Adam
922 551 1041 586 vallem
1064 557 1158 586 natos
1181 555 1351 597 generavit
1374 555 1407 586 in
1429 555 1535 596 istam,

639 605 712 642 Quo
735 616 818 648 puer
841 617 861 637 a
884 607 974 638 cunis
998 610 1032 638 et
1053 607 1166 638 matris
1189 607 1230 638 ab
1248 607 1356 648 ‚ubere
1379 607 1478 649 vagit.

638 657 688 689 Ac
711 658 811 690 veluti
835 658 974 700 populus
997 662 1108 690 sancta
1131 669 1150 690 a
1173 659 1288 691 tellure
1312 659 1442 701 fugatus

642 709 903 752 Septimanisque
928 710 1043 742 decem
1065 721 1221 742 annorum
1243 711 1277 743 in
1299 711 1468 753 Babylone
1492 711 1616 742 locatus

567 774 592 793 30
636 761 784 793 Fletibus
809 763 979 804 organicos
1003 765 1115 794 cantus
1138 763 1275 795 mutavit
1298 763 1426 803 amaris,

639 813 713 845 Non
736 814 831 845 aliter
854 814 947 846 nobis
970 815 1032 846 hac
1054 815 1086 846 in
1111 815 1257 847 convalle
1281 814 1487 857 gemendum.

640 865 735 897 Haec
758 865 836 897 mihi
861 876 958 897 causa
980 867 1041 898 fuit
1063 867 1123 898 hos
1145 878 1241 899 versu
1263 867 1404 899 scribere
1427 870 1545 898 trenos.

641 917 789 959 Suggere
812 918 913 950 verba
936 919 1014 950 mihi
1038 919 1180 960 veniens,
1205 930 1223 951 o
1248 919 1376 962 spiritus
1400 919 1495 959 alme,

643 969 799 1001 Sensibus
822 970 920 1012 inque
943 971 1025 1002 meis
1048 982 1154 1003 rorem
1179 971 1322 1003 diffunde
1346 981 1532 1014 supernum,

569 1034 594 1054 ³5
638 1021 694 1062 Ut,
719 1022 806 1064 quod
829 1023 941 1064 lingua
964 1023 1060 1063 canit,
1086 1023 1184 1055 faciat
1206 1034 1331 1064 manus,
1355 1024 1439 1056 actio
1462 1024 1578 1064 firmet,

643 1073 757 1105 Sermo
781 1084 874 1105 meus
897 1074 939 1105 sit
962 1074 1051 1106 cordi
1074 1075 1201 1116 habilis,
1225 1075 1386 1107 suasibilis
1408 1076 1487 1114 auri,

642 1125 793 1167 corrigat
815 1125 954 1167 auditus,
978 1127 1081 1158 lectus
1105 1129 1208 1159 struat
1232 1127 1359 1159 ordinet
1382 1130 1482 1159 actus.

643 1177 733 1209 Tunc
757 1181 845 1210 certo
869 1179 976 1210 sonitu
1000 1179 1078 1210 tuba
1100 1179 1178 1211 belli
1202 1180 1336 1211 classica
1359 1179 1498 1222 clanget,

642 1229 733 1261 Tunc
756 1240 820 1261 non
843 1233 1019 1262 vanescent
1041 1241 1101 1262 nec
1124 1231 1156 1263 in
1180 1242 1257 1263 aera
1279 1231 1417 1263 verbera
1440 1231 1584 1272 abibunt,

570 1294 596 1312 40
641 1281 675 1312 Si
698 1281 873 1313 concordet
897 1293 977 1325 opus
1001 1283 1135 1323 calamo,
1159 1284 1185 1315 si
1209 1283 1346 1315 dextera
1367 1284 1501 1326 plectro.

642 1331 769 1373 Annue,
794 1332 932 1372 Christe,
956 1343 1073 1375 queam
1099 1344 1162 1376 quo
1186 1333 1299 1366 laudes
1322 1333 1505 1366 sobrietatis

642 1384 809 1425 Promere,
835 1385 990 1417 dactilicis
1014 1388 1047 1417 et
1069 1386 1210 1418 scribere
1235 1386 1333 1428 digna
1356 1386 1516 1418 Camenis.

1086 1516 1126 1537 IV.

393 1570 474 1607 HIC
503 1568 719 1606 PROLOGI
748 1568 882 1604 FINIS.
938 1568 1100 1605 TITULI
1127 1569 1241 1606 HINC
1266 1571 1330 1606 EX
1357 1570 1493 1606 MORE
1521 1571 1820 1616 SEQUENTUR.

408 1637 434 1669 I.
457 1636 583 1668 Israhel
606 1635 752 1678 captivus
775 1635 808 1666 in
829 1634 999 1677 Babylone
1025 1635 1205 1668 absentiam
1229 1639 1360 1668 sanctae
1384 1640 1490 1669 terrae
1515 1637 1652 1669 deflesse
1675 1641 1832 1670 narratur.

393 1690 437 1721 ΙΙ.
461 1689 592 1730 Coquus
614 1687 792 1730 Babylonis
815 1687 973 1729 templum
998 1687 1050 1719 dei
1073 1688 1254 1720 incendisse
1278 1692 1485 1722 memoratur.

372 1741 433 1773 III.
457 1740 644 1782 Allegorice
669 1738 785 1771 eadem
810 1738 1024 1771 declarantur.

354 1794 433 1825 IIII.
457 1792 618 1824 Flendum
643 1792 675 1823 in
697 1791 792 1822 huius
816 1791 902 1823 vitae
926 1791 1035 1831 exilio,
1059 1795 1095 1823 ut
1118 1791 1160 1823 ad
1182 1792 1320 1834 patriam
1345 1790 1526 1824 redeamus.

394 1846 434 1877 V.
458 1845 663 1876 Documenta
686 1854 706 1875 a
728 1844 930 1886 protoplasto
954 1843 1122 1882 sumenda,
1146 1845 1201 1886 qui
1223 1855 1281 1886 pro
1305 1845 1382 1886 gula
1405 1844 1556 1887 paradiso
1579 1846 1690 1887 pulsus
1713 1847 1772 1876 est.

380 1898 438 1929 VI.
462 1896 558 1933 Quod
579 1895 652 1927 Noe
675 1895 749 1927 vino
770 1895 867 1927 nimio
891 1898 1018 1938 sumpto
1044 1906 1063 1926 a
1085 1896 1150 1927 filio
1175 1895 1298 1927 derisus
1321 1898 1379 1927 est.

359 1949 432 1981 VII.
460 1948 675 1980 Sodomorum
698 1948 848 1979 saturitas
873 1958 910 1979 ac
933 1958 1040 1990 poena
1064 1950 1097 1979 et
1119 1947 1205 1979 Loth
1230 1948 1372 1980 ebrietas
1394 1951 1533 1980 notatur.

340 2001 433 2032 VIII.
459 2000 546 2032 Esau
569 2010 628 2042 pro
651 1999 794 2041 ingluvie
818 1999 981 2041 primitiva
1004 2010 1062 2031 sua
1086 2000 1176 2031 fratri
1199 2000 1384 2032 vendidisse
1409 2000 1589 2032 damnatur.

327 2053 437 2085 VIIII.
460 2052 605 2094 Populus
628 2051 753 2083 Israhel
777 2051 925 2083 carnibus
953 2054 1065 2093 pastus
1089 2053 1369 2094 concupiscentiae
1393 2063 1534 2094 poenam
1557 2052 1624 2083 luit.
1671 2051 1734 2088 Qui
1755 2052 1834 2083 item
1861 2054 1936 2094 post

461 2116 551 2137 esum
573 2104 662 2136 idola
685 2104 792 2135 coluit.

397 2156 439 2190 X.
462 2157 539 2188 Dux
562 2155 651 2188 Aoth
674 2155 920 2187 ventriservium
943 2155 1050 2198 Eglon
1073 2155 1139 2187 sica
1162 2155 1264 2188 scidit.

375 2210 435 2241 XI.
460 2208 598 2240 Samson
621 2208 686 2239 mel
711 2207 751 2239 de
776 2208 869 2239 fauce
892 2208 994 2240 leonis
1018 2208 1162 2250 sumpsit.

360 2261 437 2293 XII.
462 2260 617 2293 Samuhel
640 2260 891 2302 gastrimargum
914 2259 1012 2302 Agag
1034 2260 1067 2291 in
1090 2259 1191 2291 frusta
1214 2259 1376 2291 dissecuit.

342 2313 437 2345 XIII.
461 2312 581 2344 Heliae
606 2312 765 2343 sobrietas
789 2311 944 2353 angelicis
967 2311 1047 2343 cibis
1070 2314 1165 2354 pasta
1187 2311 1229 2342 ad
1251 2310 1438 2353 paradisum
1461 2311 1633 2343 reducitur.

326 2365 437 2397 XIIII.
461 2364 615 2396 Heliseus
639 2363 818 2406 prophetas
840 2363 989 2395 reficiens
1012 2374 1139 2395 amaros
1163 2366 1275 2405 gustus
1299 2363 1382 2394 ollae
1406 2362 1560 2394 dulcorat.

363 2417 437 2449 XV.
461 2416 603 2448 Danihel
627 2415 792 2447 abstinens
816 2415 979 2457 legumine
1003 2415 1153 2458 pascitur.
1190 2426 1193 2429 ·

347 2468 438 2500 XVI.
462 2468 549 2500 Iudit
572 2468 680 2499 sobria
704 2470 802 2509 caput
824 2467 1012 2498 Holofernis
1035 2467 1154 2499 retulit.

330 2520 439 2552 XVII.
464 2520 586 2552 Hester
607 2520 729 2552 ieiunia
751 2518 858 2551 Aman
882 2518 923 2550 ad
947 2529 1074 2550 crucem
1097 2518 1274 2560 subrigunt.

319 2572 444 2604 XVIII.
469 2572 602 2615 Septem
626 2572 743 2603 fratres
766 2571 826 2602 sub
849 2570 1012 2602 Antiocho
1036 2581 1094 2613 pro
1118 2571 1315 2602 continentia
1338 2571 1546 2603 trucidantur.

299 2623 442 2655 XVIIII.
465 2623 568 2655 Actus
591 2624 732 2665 priorum
755 2626 884 2666 patrum
909 2623 1053 2654 breviter
1075 2626 1378 2654 commemorantur.

366 2675 440 2706 XX.
466 2675 629 2707 Virtutum
654 2678 687 2707 et
709 2675 859 2707 vitiorum
883 2685 993 2716 pugna
1015 2674 1049 2706 in
1072 2674 1211 2716 antiquis
1234 2674 1372 2716 figurata
1394 2677 1599 2706 monstratur.

389 2803 422 2829 26
443 2802 498 2835 Gfr.
519 2803 593 2829 Psaz.
612 2804 654 2835 83,
669 2803 692 2830 7.
780 2804 814 2830 29
833 2803 867 2830 E.
877 2811 903 2837 y.
923 2803 999 2830 Dan.
1020 2805 1044 2836 9,
1057 2804 1082 2830 2.
1169 2803 1203 2830 39
1221 2802 1351 2830 Prudmt.
1370 2803 1470 2837 Apoth.
1483 2802 1535 2830 404
1554 2801 1668 2829 verbera
1686 2801 1808 2837 linguae.

2032 2952 2060 3074 ,ἕψῃ-«π
2040 2891 2043 2894 ’
2048 2818 2054 2838 «,
2039 2743 2054 2775 ιι,-
2055 2681 2057 2691 μ
