2060 3074
0 2331 10 2393 *vv*
0 2226 15 2319 τ’*
0 2085 16 2230 *vv-”⁶⁷⁶

477 304 515 322 ³⁰⁰

479 562 516 580 ³05

479 821 518 840 310

481 1079 517 1098 315

482 1338 520 1357 320

483 1598 522 1617 ⁸25

483 1858 521 1877 331)

483 2117 521 2136 335

744 153 853 180 VITAE
873 154 899 181 S.
919 154 1088 181 GERMANI
1109 155 1214 182 LIBER
1230 156 1276 183 111.

597 239 634 270 In
657 239 840 271 Parisiacas
864 241 959 272 itiner
982 243 1182 274 convertitur
1206 253 1293 274 oras:

552 290 743 322 Metodorus
767 292 860 323 fessis
884 292 996 324 tribuit
1020 294 1212 336 compendia
1235 295 1348 326 noctis.

552 342 662 374 Turba
685 343 746 374 loci
770 344 942 386 complexa
964 345 1060 384 diem,
1086 349 1203 377 testata
1227 346 1380 388 probatos

552 394 739 427 Adventare
764 395 849 426 viros
873 399 963 438 rapto
987 397 1050 429 fert
1073 398 1202 439 agmine
1227 408 1374 439 gressum

552 446 720 487 Obviaque
743 447 890 488 exceptis
915 448 1058 490 impertit
1081 448 1193 480 debita
1217 450 1351 480 sanctis:

552 497 712 528 Funditur
735 498 767 528 in
791 501 939 529 cunctam
965 509 1121 541 praesens
1146 499 1332 531 benedictio
1358 501 1496 542 plebem.

555 548 635 580 Inde
658 548 754 580 rudes
777 549 902 581 animos
925 550 1054 581 monitis
1079 551 1272 582 caelestibus
1296 555 1412 593 aptans

554 600 718 642 Spargere
742 605 913 633 nectareas
937 602 1023 633 arvis
1049 602 1216 634 arentibus
1240 602 1345 634 undas

555 653 737 685 Germanus
762 663 856 684 sacer
879 653 1070 695 aggreditur
1093 654 1256 696 plenoque
1280 654 1432 686 fluentem

554 704 707 736 Vultibus
731 705 861 736 inmotis
886 709 1048 736 attentant
1070 706 1161 737 fonte
1187 706 1344 748 sophiam.

554 755 688 788 Eminus
713 756 745 787 in
769 756 875 788 medio
899 756 1005 788 divam
1031 761 1181 789 constare
1206 757 1347 800 puellam

556 808 740 850 Porr<cct)o
765 809 897 851 praesul
922 809 1025 840 cernit
1048 819 1146 851 snper
1169 810 1298 851 agmina
1322 801 1411 840 vultu

554 860 603 892 Ac
628 860 718 892 velut
740 860 930 892 aethereum
954 860 1030 903 quid
1054 864 1290 893 commentatus
1314 861 1346 892 in
1371 861 1424 891 illa

554 911 741 955 Comminus
764 911 928 943 admotam
951 912 1151 954 praeblando
1175 912 1295 944 famine
1320 913 1450 943 mulcet.

555 963 608 995 Sic
634 963 686 995 cui
710 963 843 995 venales
867 963 974 995 fundit
996 963 1132 995 licitatio
1156 975 1312 1005 gemmas.

556 1014 641 1046 Dum
666 1015 790 1046 cunctis
814 1014 927 1054 inhiat,
953 1015 1129 1057 pretiosam
1155 1015 1313 1057 conspicit
1335 1026 1446 1046 unam:

555 1066 651 1098 Hanc
674 1067 768 1108 rapit,
793 1066 876 1098 hanc
902 1067 1010 1098 multis
1034 1070 1126 1109 optat
1150 1066 1209 1098 sibi
1234 1071 1320 1098 stare
1345 1066 1476 1098 talentis

559 1118 790 1160 semotamque
813 1119 885 1150 aliis
909 1119 1033 1160 gremio
1057 1118 1113 1150 dat
1135 1119 1220 1150 ferre
1243 1118 1359 1149 tenaci.

559 1170 748 1202 Inmensum
773 1174 928 1213 stupuere
952 1171 1022 1202 viri.
1069 1170 1176 1212 Caput
1199 1170 1253 1202 ille
1276 1169 1424 1212 paventis

557 1222 623 1254 Orc
647 1223 760 1254 fovens
784 1233 887 1260 sacro,
912 1222 1029 1265 quibus
1053 1226 1123 1254 orta
1147 1222 1334 1264 parentibus
1358 1226 1444 1253 esset

557 1273 693 1310 Quodve
718 1274 780 1306 sibi
805 1285 935 1313 nomen,
959 1274 1027 1306 fatu
1051 1275 1208 1316 perquirit
1230 1274 1343 1305 amico.

558 1325 702 1368 Virginis
726 1326 758 1357 in
783 1326 924 1358 medium
949 1330 1169 1358 monstrantur
1192 1325 1307 1357 adesse
1331 1330 1494 1367 parentes.

558 1378 633 1410 Rite
657 1377 742 1420 quod
767 1382 799 1409 et
823 1378 928 1420 patrio
952 1389 1071 1410 nomen
1095 1378 1265 1410 Genovesa
1289 1377 1427 1408 tulisset.

559 1429 637 1462 Mox
660 1441 752 1462 sacer
775 1431 920 1472 implevit
943 1430 1042 1462 divini
1066 1434 1198 1472 pectora
1222 1430 1303 1461 vatis

559 1482 699 1524 Spiritus
723 1486 756 1514 et
779 1482 874 1514 rutilo
898 1483 946 1514 sio
968 1483 1091 1514 intonat
1114 1493 1168 1514 ore
1193 1481 1360 1514 sacerdos:

557 1534 598 1566 ⁴0
623 1533 765 1576 lepidum
790 1539 878 1566 certe
903 1538 1009 1576 caput,
1035 1545 1053 1565 o
1076 1533 1265 1576 praecordia
1287 1533 1394 1574 digua.

560 1586 588 1618 Ο
612 1596 743 1628 semper
766 1587 898 1618 meritos
922 1587 979 1618 tali
1003 1585 1043 1618 de
1067 1587 1158 1631 prole
1183 1589 1346 1628 parentes,

557 1637 658 1670 Cuius
682 1638 712 1670 in
738 1642 853 1670 exortu
877 1649 1012 1681 superos
1037 1638 1182 1680 ingentia
1205 1637 1292 1669 cives

559 1689 686 1722 Gaudia
710 1690 895 1733 perflarunt.
942 1690 1030 1722 Vero
1055 1690 1082 1721 si
1106 1689 1240 1722 credere
1264 1700 1361 1720 curae
1387 1692 1445 1720 cst.

560 1741 679 1774 Intima
702 1742 838 1774 secretis
863 1742 943 1773 haec
966 1741 1126 1784 quondam
1150 1741 1279 1773 admota
1303 1740 1450 1782 supernis

559 1793 728 1826 Constabit
752 1804 887 1836 percara
911 1794 981 1826 deo.
1006 1792 1235 1836 persplendida
1258 1791 1376 1823 mundo

559 1845 667 1888 Atque
691 1846 770 1888 ipsis
794 1845 950 1877 imitanda
974 1844 1071 1877 viris.⁷
1118 1845 1171 1877 Sic
1194 1846 1280 1876 fatus
1304 1848 1336 1875 ct
1359 1844 1442 1874 ultro

558 1897 786 1940 Complectens
809 1908 959 1940 pueram:
984 1897 1088 1935 ‘Fare5
1112 1907 1130 1928 o
1154 1894 1380 1930 sanctissima.³
1405 1895 1486 1926 dixit

558 1949 642 1982 ‘Neu
665 1950 867 1992 percontanti
891 1949 984 1980 malis
1009 1948 1191 1980 subducere
1215 1948 1309 1990 patri.

557 2002 609 2034 An
633 2002 806 2034 delecteris
830 2002 937 2043 magni
962 2001 1154 2043 cognomine
1179 2000 1300 2042 sponsi.

558 2054 659 2085 Cuius
682 2054 714 2085 in
738 2053 917 2095 amplexus,
943 2053 1016 2090 nisi,
1042 2063 1117 2091 non,
1142 2053 1204 2084 siet
1227 2052 1363 2093 integra„
1388 2049 1524 2081 transit*

558 2106 620 2137 Illa
643 2106 726 2148 rapit
750 2105 882 2137 verbum
908 2105 1069 2147 plenoque
1093 2103 1262 2135 audentior
1285 2114 1354 2134 orc:

558 2156 676 2188 “Huius
700 2167 810 2188 amore
834 2156 922 2188 feror
944 2154 1065 2187 dudum
1089 2165 1185 2197 quam
1209 2152 1344 2186 servida'
1368 2153 1464 2184 dixit:

557 2208 760 2251 ‘Amplector
783 2207 911 2239 titulum
937 2210 1095 2248 cognatae
1119 2205 1323 2248 virginitatis.

558 2259 836 2292 Innuba.siderco
861 2259 983 2301 possim
1006 2268 1069 2300 quo
1092 2257 1215 2289 nubere
1240 2267 1370 2299 sponso.

560 2312 608 2351 Id,
633 2313 659 2343 si
683 2311 836 2353 dignaris,
861 2321 919 2353 per
942 2314 973 2341 te
997 2309 1180 2341 roborarier
1202 2311 1278 2351 opto

559 2363 601 2396 Et
624 2363 774 2395 manibus
797 2362 952 2394 submitto
975 2361 1093 2403 capud:
1117 2361 1167 2392 fer
1190 2363 1266 2392 vota
1288 2358 1454 2402 precanti?

559 2415 693 2448 Praesul
717 2418 794 2446 ovat
816 2414 918 2456 spolio
942 2413 1103 2454 castisque
1127 2411 1331 2454 amplexibus
1355 2422 1474 2452 urgens

559 2467 800 2509 Magnanimcm
825 2469 970 2508 perstare
995 2465 1094 2496 iubet.
1140 2464 1217 2495 Mox
1239 2463 1349 2494 limina
1373 2463 1476 2494 laetus

560 2519 727 2551 Ecclesiae
751 2520 902 2560 penetrat
923 2517 1052 2558 fixaque
1077 2516 1108 2547 in
1136 2515 1254 2548 vertice
1278 2514 1393 2546 dextra

1771 159 1833 188 469

1602 250 1631 275 Vt
1651 250 1807 280 Genovesam

1601 293 1699 318 Christo
1718 301 1801 318 conse-

1665 336 1753 361 crat-il.

298 2615 404 2641 Scholia
423 2629 453 2635 --
471 2614 523 2642 313
540 2613 658 2646 licitatio]
677 2614 789 2639 venditio
875 2613 925 2638 315
942 2611 1018 2644 stare]
1037 2615 1154 2637 constare
1237 2608 1296 2642 (321
1318 2608 1383 2641 Rite]
1404 2618 1448 2642 pro
1467 2610 1517 2634 ritu
1537 2608 1596 2634 ἠοῖ.
1614 2607 1681 2632 mss’
1700 2606 1834 2640 Bacchius>

194 2658 244 2684 33⁴
263 2657 324 2692 siet]
343 2667 388 2692 pro
406 2659 446 2684 sit.
466 2673 500 2678 -
518 2658 587 2683 Ordo
606 2658 753 2683 verborum:
772 2657 846 2682 euius
865 2657 890 2681 iu
909 2656 1042 2688 amplexus
1062 2662 1112 2679 non
1130 2653 1222 2678 transit
1240 2653 1287 2678 nisi
1308 2653 1406 2685 integra

296 2734 348 2762 310
364 2737 484 2762 Porrecto
502 2735 636 2768 Bembina]
656 2736 733 2760 Porro
752 2734 778 2759 1²
878 2732 926 2758 311
947 2735 1132 2758 commentatur
1150 2730 1276 2756 Boachiue
1379 2728 1430 2755 336
1449 2731 1530 2755 fei-eor
1549 2738 1615 2754 corr.
1634 2729 1659 2754 P

297 2812 411 2845 3130q11.
431 2811 488 2844 Cl'r.
507 2811 607 2839 Mutet».
629 2812 667 2843 13,
680 2810 759 2844 45⁸4
864 2810 911 2836 341
934 2809 999 2836 Aen.
1022 2807 1113 2834 >1500
1131 2827 1156 2834 ..
1176 2806 1284 2834 Turnus
1303 2807 1370 2833 ovat
1386 2805 1484 2840 spolio.
