2138 3106
306 167 366 197 368
905 164 1074 191 CARMINA
1092 164 1355 192 OENTULENSIA.

672 251 744 282 Stat
767 254 899 282 nostrae
924 251 1056 282 minime
1079 251 1197 283 neniae
1221 262 1278 293 pro
1303 254 1450 294 tempore
1475 252 1546 287 fari,

670 302 838 334 Gcrminet
861 302 942 334 haec
968 303 1100 333 summis
1125 313 1279 344 magnum
1304 314 1344 334 ne
1369 304 1454 335 lecta
1479 303 1633 345 sophistis

606 367 630 386 ιε)
667 353 853 385 Ridiculum
878 358 991 385 nostra
1015 364 1072 395 pro
1096 353 1273 396 plebeitate
1297 357 1419 386 notata.

672 405 909 447 Ounctipotens
935 405 1094 444 dominus⁷
1119 406 1174 447 qui
1198 409 1315 437 cuncta
1338 410 1449 438 creata
1470 407 1641 448 gubernat,

673 456 760 488 Aula
784 457 946 488 stellantis
971 458 1053 489 caeli
1077 468 1135 488 vos
1161 458 1256 489 sistat
1279 458 1312 489 in
1336 458 1404 490 alta

674 509 783 550 Atque
807 509 896 549 inibi,
920 520 1030 551 posco,
1054 510 1153 541 faciat
1176 520 1314 552 regnare
1337 510 1504 553 perhenne

674 560 749 592 Una
772 571 845 592 cum
869 561 974 601 iustis,
1000 561 1123 603 lampat
1146 562 1263 604 quibus
1287 573 1407 594 aureus
1431 562 1555 594 aether.

1057 768 1210 801 CLXXI.

675 907 739 939 Hic
763 911 862 950 caput
884 908 1020 954 indiculi
1041 911 1173 940 sumunt
1197 908 1268 940 sine
1293 908 1367 950 lege
1391 909 1516 950 peracti

671 960 762 992 Artis
785 962 1026 1003 grammaticae,
1050 962 1172 1004 pariter
1196 972 1346 994 sermone
1370 962 1483 1004 polito.

1122 1068 1152 1089 11.

413 1115 605 1142 INCIPIVNT
625 1115 773 1143 PARVAE
792 1115 931 1143 GLOSAE
950 1116 997 1143 DE
1016 1116 1183 1144 DIVERSIS
1203 1116 1322 1143 LIBRIS
1341 1115 1558 1143 EXCERPTAE
1577 1116 1600 1142 A
1620 1115 1860 1143 PVSILLI'I'ATE

1056 1159 1216 1187 MICONIS.

377 1222 401 1250 l.
436 1219 607 1262 Augustus
624 1229 631 1236 ·
648 1220 739 1251 locus
763 1223 896 1252 sanctus
921 1220 962 1251 ab
986 1220 1094 1252 avium
1118 1223 1224 1262 gestu„
1249 1219 1324 1262 quia
1347 1219 1387 1251 ab
1412 1219 1526 1251 avibus
1551 1219 1752 1261 significatus
1777 1224 1838 1253 est.

372 1273 401 1303 2.
436 1271 609 1303 Armillum
627 1282 633 1289 ·
651 1283 708 1303 vas
733 1272 901 1312 vinarium,
926 1272 1013 1314 quod
1037 1272 1077 1304 ab
1102 1283 1192 1304 armo
1215 1272 1247 1303 id
1272 1275 1322 1303 est
1344 1272 1480 1303 humero
1505 1271 1695 1314 deportatur

371 1333 470 1363 usquc
493 1323 551 1355 ad:

436 1376 541 1407 Zimia
558 1386 564 1393 ·
581 1376 787 1416 fermentum,
812 1375 897 1407 unde
921 1375 1026 1407 azima
1050 1375 1172 1417 absque
1196 1375 1367 1407 fermento.

848 1435 1004 1462 FlNIVNT
1023 1434 1213 1462 GLOSVLAE
1234 1434 1422 1469 (MICONIS).

1116 1533 1160 1554 111.

675 1583 746 1615 Has
771 1594 832 1626 ego
856 1594 1035 1626 perparvus
1061 1583 1170 1614 studui
1194 1583 1394 1625 coniungere
1418 1583 1546 1625 linguas

718 1637 796 1679 Ipse
821 1637 930 1668 Micon
954 1647 1075 1679 parvus
1099 1647 1138 1668 ac
1161 1636 1304 1668 minimis
1326 1636 1490 1669 minimus.

672 1688 768 1731 Ipsas
793 1699 870 1720 nam
893 1689 995 1721 lector
1017 1691 1187 1731 percurrat
1209 1691 1320 1720 mente
1345 1688 1457 1730 sagaci

716 1739 760 1772 Et
782 1740 939 1783 reprobet
964 1739 1143 1783 (re>proba‚
1169 1750 1253 1782 quae
1275 1740 1363 1772 bona
1386 1742 1463 1771 sunt
1486 1739 1602 1782 capiat.

408 1885 529 1919 [CLXX]
549 1886 582 1912 14
601 1886 732 1920 sophistis]
750 1888 784 1913 tis
803 1888 830 1913 ίη
850 1888 866 1913 l.
884 1897 907 1912 r.
926 1887 951 1912 B

409 1928 531 1962 [CLXXL
551 1929 576 1963 1.]
595 1939 613 1955 a
631 1931 746 1956 carmine
770 1931 928 1956 antecedenti
951 1931 1081 1964 separavit
1098 1930 1210 1962 Bethm„
1236 1931 1279 1963 qai
1299 1930 1395 1956 erravit
1417 1938 1474 1955 cum
1497 1930 1607 1955 alicuius
1624 1930 1688 1954 artis
1703 1930 1888 1962 grammaticae
1905 1938 1924 1955 a
1940 1930 1966 1956 B

303 1982 356 1998 non
374 1973 516 2005 descriptae
533 1974 772 2006 praefatiunculam
790 1982 843 1999 esse
861 1974 975 2000 crederet
992 1983 1096 2000 carmen
1111 1978 1139 2006 l.,
1163 1974 1234 2006 qaod
1251 1974 1288 1999 ita
1303 1974 1388 2006 potius
1405 1978 1441 1999 eet
1457 1973 1692 2006 interpretandum:
1714 1973 1756 1998 hie
1774 1973 1879 1999 indiculi
1898 1973 1925 2005 (ι’.
1943 1982 1964 2000 e.

303 2016 391 2048 glosae
410 2021 438 2040 at
458 2020 505 2048 111,
520 2016 534 2041 1
554 2016 670 2049 linguae)
688 2017 743 2042 sine
761 2018 944 2049 grammaticae
962 2017 1018 2049 lege
1037 2021 1084 2042 aut
1101 2008 1229 2050 elegantia
1248 2017 1385 2050 conscripti
1403 2017 1529 2049 incipiunt
1634 2015 1648 2041 1
1667 2025 1734 2049 capu
1754 2016 1780 2041 B

409 2058 453 2092 [ιι]
468 2059 609 2085 MICONIS
627 2068 694 2085 erae.
707 2059 746 2084 B:
763 2060 795 2085 de
807 2060 957 2085 TEODORI
971 2060 1074 2085 omnino
1093 2069 1146 2085 non
1165 2064 1200 2085 est
1217 2059 1398 2093 cogitandmm
1416 2063 1555 2091 sequuntur
1567 2059 1678 2084 Miconis
1693 2060 1810 2092 glossatae
1827 2059 1860 2085 de
1875 2060 1966 2092 quibus

304 2111 373 2128 mmo
391 2104 440 2134 cfr.
461 2103 557 2128 Goetm'i
577 2103 652 2135 Gorp.
673 2103 791 2129 Glossar.
812 2103 858 2127 IV
868 2112 896 2136 p.
916 2103 1043 2128 XXXVI
1095 2103 1236 2128 MICONIS
1254 2111 1360 2129 eramm
1378 2111 1395 2127 a
1413 2102 1438 2127 B
1455 2111 1508 2128 mm
1524 2106 1605 2135 potest
1623 2103 1672 2136 leqi
1689 2103 1734 2128 sed
1751 2107 1846 2128 certwm
1863 2107 1899 2128 est

408 2145 462 2178 [ιιι]
481 2145 497 2171 2
515 2146 590 2178 mico!
608 2146 693 2178 (eraso
711 2146 739 2178 n)
757 2146 782 2171 B
869 2145 886 2171 4
904 2147 985 2179 proba
1003 2146 1029 2171 B
1046 2155 1113 2172 corr.
1133 2146 1227 2180 Haqen
1245 2145 1306 2180 (cfr.
1325 2146 1418 2172 Loewe
1437 2146 1522 2171 Gloee.
1541 2145 1616 2171 Nom.
1633 2155 1659 2179 p.
1675 2145 1735 2178 139)
1754 2147 1848 2180 probra
1866 2146 1965 2172 Bethm.

409 2232 441 2258 19
462 2231 524 2258 Met.
545 2231 637 2265 XIII,
656 2231 707 2258 587
725 2232 846 2259 sustinet
864 2240 964 2259 aureus
981 2232 1087 2259 aether.

409 2282 536 2317 [CLXXI.
556 2283 582 2318 1.]
602 2283 652 2316 cfr.
673 2283 846 2318 CXXXIX,
863 2285 875 2310 l
895 2283 955 2311 sine
974 2285 1036 2311 tom
1054 2283 1130 2311 Artis
1147 2283 1357 2319 grammaticae.

408 2335 454 2369 [ιι]
476 2337 497 2362 1.
516 2336 533 2362 2
551 2343 564 2362 e
583 2335 669 2362 Pauli
693 2335 813 2363 Diaconi
840 2335 963 2370 quitom
990 2336 1045 2368 (cfr.
1071 2335 1164 2362 Loewe
1184 2332 1330 2362 χΡνοαῐνοννί.
1346 2344 1376 2370 p.
1397 2336 1446 2362 103
1471 2338 1495 2362 ct
1528 2334 1633 2362 Traube
1660 2335 1691 2361 in
1715 2334 1856 2369 Woelfflin.
1881 2335 1965 2362 Arch.

310 2386 356 2420 VI,
370 2388 432 2421 266)
451 2389 558 2421 sumpta
575 2390 656 2420 swnt;
673 2387 730 2415 vide
747 2395 822 2414 nwm:
843 2387 1012 2414 Thewoewkii
1031 2386 1140 2414 Festum
1154 2396 1183 2421 p.
1202 2387 1226 2414 2.

409 2439 466 2474 [nn]
486 2440 504 2466 4
521 2440 570 2472 cfr.
589 2447 675 2474 supra
692 2448 753 2474 pay.
766 2439 817 2466 294
837 2442 859 2466 et
879 2439 1010 2472 XXVII,
1024 2439 1048 2466 6.
