2040 2996
709 147 758 174 AD
776 147 981 175 EPISCOPUM
999 149 1188 182 QUENDAM.
1723 160 1765 190 59

693 321 809 358 ITEM
838 322 986 360 CUIUS
1006 324 1179 362 SUPRA.

481 395 683 428 Castalidum
705 396 854 429 madidos
877 397 988 430 divino
1010 409 1084 430 rore
1107 400 1267 433 corimbos

549 447 709 480 Intexens
733 448 830 480 docto
850 458 915 480 non
939 450 1018 481 satis
1043 451 1189 492 articulo,

480 499 610 531 Devoto
633 499 833 542 strophium,
857 499 1047 543 dignissime
1070 512 1172 545 papa,
1196 508 1356 537 sacratum

550 549 709 593 Gompegi
731 550 858 592 studio,
881 552 909 583 si
933 551 993 584 tibi
1016 554 1219 596 complacito,

409 610 420 628 ⁵
477 602 623 644 Absens,
647 603 702 646 qui
726 613 854 646 nequeo
877 614 1052 647 praesens,
1077 616 1154 648 quo,
1179 602 1306 648 sancte,
1330 610 1435 642 saluto

547 654 666 687 Temet
687 658 721 687 et
743 656 890 687 aeternis
913 659 990 699 opto
1014 658 1128 700 vigere
1151 659 1257 693 bonis.

410 746 430 749 K
477 706 600 739 Officio*
615 707 766 739 incautus
787 707 893 740 fertur
915 708 975 740 sed
998 710 1082 742 siout
1105 712 1225 743 asellus

546 758 629 791 Sero
653 758 824 791 stultitiam
846 759 1045 802 ingemuisse
1068 772 1159 794 suam

476 809 597 842 Infelix
619 809 744 842 domini
765 810 910 843 monitus
933 812 996 843 sub
1019 812 1156 846 verbere
1179 814 1276 847 laesi:

395 869 420 888 ιο
545 861 742 894 Contentum
765 862 895 905 proprio
919 873 1080 906 quemque
1102 865 1230 908 placere
1253 867 1351 899 modo
1375 886 1414 891 --

476 913 603 946 Forsan
625 917 868 956 praesumptor,
891 914 925 947 id
947 924 1064 958 meque
1087 916 1210 950 fatente
1233 918 1379 958 videbor,

542 964 660 997 Ausim
683 965 739 1007 qui
761 965 873 1009 scripti
895 966 1027 999 mittere
1050 968 1153 1000 verba
1176 969 1235 1001 tibi

474 1017 632 1060 Indignus
654 1017 768 1060 digno,
791 1017 939 1051 modicus
963 1029 1063 1062 super
1085 1021 1220 1053 aethera
1243 1023 1344 1061 celso,

542 1069 700 1101 Rusticus
722 1069 849 1102 urbano
870 1069 1086 1114 indocilisque
1108 1076 1191 1105 ceto.

393 1128 416 1148 1⁵
475 1120 578 1153 Cuius
601 1121 645 1162 si,
668 1121 781 1165 primis
803 1131 868 1164 qua
889 1122 1074 1155 nobilitaris
1097 1124 1139 1156 ab
1163 1125 1265 1165 annis,

541 1172 644 1205 Ferre
666 1173 764 1206 velim
786 1174 929 1216 palmam
952 1174 1062 1208 indole
1084 1177 1302 1218 promeritam,

474 1225 588 1258 Omnis
609 1226 766 1258 virtutum
788 1229 963 1269 superatus
986 1227 1074 1260 mole
1096 1230 1225 1261 tuarum

543 1276 651 1309 Fandi
672 1279 810 1310 conatus
833 1277 966 1311 deficiet
989 1279 1095 1320 citius,

413 1323 415 1325 ’
473 1330 519 1362 Ut
541 1340 603 1362 nec
625 1329 803 1372 dulciloqui
825 1329 917 1363 dives
940 1329 1093 1363 facundia
1115 1331 1218 1364 Marci

391 1390 417 1409 ²0
543 1381 758 1425 Suppeditet‚
780 1381 883 1424 lepidi
906 1381 965 1415 sed
988 1393 1095 1426 neque
1118 1384 1259 1426 Virgilii.

471 1433 665 1466 Visceribus
687 1432 801 1464 matris
824 1443 900 1465 nam
923 1435 1146 1467 sanctificatus
1169 1435 1202 1467 in
1225 1436 1313 1478 ipsis,

540 1484 697 1517 Testatur
716 1484 807 1517 vitae
828 1488 865 1516 ut
886 1485 973 1517 nitor
994 1486 1165 1527 innocuae,

473 1538 599 1571 Saltem
620 1537 735 1570 lascivi
758 1546 935 1580 numquam
959 1538 1093 1571 levitate
1116 1539 1267 1571 cachinni

539 1589 648 1622 Mores
672 1589 806 1632 ingenui
829 1588 1035 1622 dedecorasti
1057 1591 1172 1628 animi;

389 1648 414 1668 2⁵
471 1641 502 1673 A
524 1640 654 1684 proavis
676 1649 792 1682 regum
814 1650 978 1682 generosa
1001 1641 1103 1685 stirpe
1125 1645 1297 1685 potentum

539 1691 682 1732 Nobilis,
705 1693 740 1724 at
761 1691 869 1734 dignis
891 1692 1033 1725 nobilior
1054 1694 1189 1733 meritis,

472 1743 632 1783 Quorum,
654 1742 743 1786 pube
766 1753 869 1786 genas
891 1753 966 1776 cum
988 1741 1324 1788 nondum'spargeret
1347 1749 1438 1778 aetas

540 1794 672 1837 Vixque
694 1790 799 1828 novus
823 1796 915 1828 cunis
938 1796 1106 1839 prodieras
1128 1798 1254 1840 positis,

469 1847 561 1880 Inter
582 1846 764 1890 morigeros
786 1850 880 1890 grato
903 1848 1079 1891 splendore
1103 1858 1242 1881 coaevos

387 1905 413 1924 ³⁰
537 1897 692 1931 Pollebas
713 1897 843 1931 Phoebi
865 1899 1020 1931 assimilis
1044 1900 1144 1940 rutili,

469 1950 539 1982 Iam
563 1953 641 1982 tunc
663 1950 819 1983 emeritos
843 1960 921 1983 vere
945 1955 1122 1994 patresque
1145 1955 1275 1994 togatos

536 2001 768 2045 Aequiperans
790 2003 864 2035 cani
887 2003 1039 2035 laudibus
1063 2004 1197 2046 ingenii.

470 2052 562 2085 Tunc
584 2047 647 2095 ego
663 2071 702 2076 —
719 2052 876 2095 dignaris,
899 2053 1009 2094 credo,
1033 2054 1222 2087 meminisse
1238 2072 1279 2077 —
1295 2053 1451 2085 ministris

537 2105 631 2137 Unus
655 2115 744 2138 eram
768 2115 811 2137 ex
834 2106 967 2146 vestris,
991 2106 1055 2138 heu
1078 2106 1172 2148 piger
1194 2105 1369 2147 obsequiis.

385 2163 411 2183 ³³
469 2156 513 2189 Et
534 2157 626 2190 velut
649 2157 682 2189 in
704 2157 827 2189 teneris
848 2161 882 2190 et
905 2157 1047 2190 nondum
1070 2157 1155 2189 falce
1179 2157 1317 2190 resectis

537 2207 574 2240 Si
596 2208 753 2241 fruticent
775 2219 925 2251 gemmae
947 2208 1134 2252 palmitibus
1158 2208 1298 2247 subitae,

204 2319 260 2355 [IL]
277 2322 382 2347 Hvxvs
402 2330 470 2347 corr.
486 2322 586 2347 CVIVS
604 2321 629 2346 P
727 2320 744 2346 4
768 2322 882 2348 studium
904 2331 970 2347 corr.
989 2321 1014 2346 P
1113 2321 1130 2346 5
1154 2324 1256 2346 sanetae
1274 2328 1340 2346 corr.
1356 2319 1380 2344 1³
1464 2319 1498 2345 24
1518 2321 1707 2346 dedecoronasti
1725 2321 1751 2346 P

22 2362 28 2367 '
47 2383 50 2385 >
101 2371 168 2390 eorr-
187 2363 269 2390 Foua.
356 2363 390 2390 36
407 2363 540 2391 *flutioent
557 2364 582 2389 Ρ

203 2431 262 2466 [ῙῙ.]
285 2431 348 2458 Hac
367 2439 468 2466 quoque
488 2431 595 2466 epistola
614 2431 798 2458 Duemmlems
819 2434 900 2458 censet
923 2426 1022 2465 Aqiuin
1044 2431 1262 2457 Awrelianeroeem
1284 2430 1430 2464 epssccmum
1451 2429 1609 2463 praedicasti.
1646 2431 1673 2456 Λ
1691 2439 1743 2464 quo

101 2481 240 2510 d'noeau'm
263 2483 349 2517 Agim
365 2483 441 2511 homo
462 2486 499 2510 cst
514 2482 657 2518 limandus
674 2483 748 2516 levis,
772 2485 904 2516 ventosus,
928 2482 1055 2509 nobilem
1075 2481 1194 2515 suadens,
1218 2484 1280 2508 ortu
1303 2481 1357 2514 ipse
1378 2480 1512 2514 iymbilie;
1534 2481 1576 2508 hic
1596 2481 1746 2515 adpellatur

101 2533 234 2568 qim
252 2542 343 2568 W
365 2534 504 2569 mentiosus,
526 2534 694 2568 verecundus,
715 2535 804 2567 fronte
828 2537 932 2568 ruyata.
978 2533 1032 2567 Qui
1056 2533 1115 2567 quis
1135 2533 1218 2566 sum-it
1241 2532 1379 2559 nescimus.
1472 2532 1487 2558 7
1509 2540 1561 2566 sqq.
1588 2532 1644 2565 Cfr.
1664 2541 1746 2566 supra

101 2584 146 2613 αἱ»
163 2593 184 2613 e.
204 2585 231 2619 I,
249 2586 300 2614 103
321 2589 345 2613 d
365 2586 402 2613 ad
420 2586 542 2621 Enqdm„
566 2587 645 2614 verba
667 2586 765 2613 Avian-
783 2587 808 2618 8,
829 2586 842 2612 1
861 2586 1028 2613 Contentum
1053 2584 1171 2619 propriis
1195 2584 1352 2618 sapientem
1379 2583 1472 2610 vivere
1500 2583 1593 2614 rebus;
1619 2583 1650 2610 in
1670 2584 1747 2618 mstis

102 2634 179 2664 Banu
191 2637 225 2664 79
237 2644 267 2671 Ρ.
279 2637 331 2665 396
347 2637 385 2665 d.
399 2637 466 2665 ooet.
477 2637 566 2665 eadem
575 2638 668 2671 sabula
684 2638 837 2665 inscribimur
854 2637 929 2672 quod
947 2637 1010 2671 quis
1029 2636 1118 2663 nescit
1136 2644 1292 2671 presumere
1310 2644 1366 2662 non
1384 2635 1508 2662 audebit.
1579 2635 1613 2661 26
1625 2635 1701 2662 Fert.
1716 2635 1746 2662 0.

100 2686 156 2722 IV,
176 2689 216 2719 13,
233 2689 251 2716 4
268 2689 379 2716 Nobilis
396 2691 426 2717 et
442 2690 542 2718 merito
561 2690 698 2718 nobiliore
714 2691 823 2725 pot-ens.
905 2690 939 2716 28
960 2689 1021 2715 Mat.
1036 2688 1098 2721 III,
1116 2689 1167 2715 313
1185 2687 1281 2722 primis
1294 2707 1301 2714 .
1314 2707 1321 2714 .
1333 2707 1340 2715 .
1351 2686 1437 2713 cunis.
1515 2686 1547 2712 31
1567 2686 1635 2712 Aen.
1651 2686 1675 2720 I,
1694 2687 1746 2713 282

99 2740 268 2775 mumque
284 2742 419 2776 togatam.
506 2742 541 2770 35
557 2750 594 2776 sq.
607 2742 699 2769 Amr.
712 2741 735 2775 Ι,
749 2741 790 2773 15,
809 2741 842 2768 12
860 2740 931 2768 falce
950 2741 1057 2767 resecta
1074 2740 1161 2767 Ceres.
1191 2739 1267 2766 Fast.
1286 2738 1348 2772 III,
1366 2738 1419 2765 238
1438 2737 1583 2771 Uvidaque
1602 2737 1630 2763 in
1650 2738 1745 2764 tenero

99 2789 217 2826 palmite
234 2799 345 2826 gemma
362 2794 461 2820 tumet.
1508 2835 1545 2862 8*
