2060 3074
711 162 800 190 VITA
818 162 844 190 S.
857 162 1011 190 AMANDI.
1046 162 1153 190 LIBER,
1165 163 1212 190 IV.
1723 165 1785 195 607

0 265 15 297 5.
502 248 627 291 Pagina
650 249 708 280 sed
729 250 830 281 multo
852 260 949 281 versu
972 250 1134 291 completa
1156 249 1318 280 redundat

501 299 571 331 Nec
593 301 680 343 capit
701 300 835 332 ulterius
857 300 962 332 finalis
984 301 1128 332 clausula
1149 300 1232 332 libri.

501 352 650 383 Pluribus
673 355 708 383 et
729 362 912 394 quanquam
935 352 1128 384 studuissem
1150 362 1295 394 pangere
1318 351 1427 383 verbis

421 415 459 435 ³95
503 403 606 435 Gesta
627 404 696 444 viri,
720 404 859 446 quivisse
882 407 993 435 tamen
1014 414 1079 435 non
1102 406 1217 436 cuncta
1239 406 1354 435 notare

501 454 679 486 Confiteor:
701 465 762 486 nec
785 455 871 487 enim
893 459 960 487 tam
982 466 1083 498 parva
1104 456 1242 498 peregit,
1264 458 1300 486 ut
1322 455 1395 486 ullis

501 506 620 538 Dicere
643 506 800 538 sufficiam
823 507 950 548 scriptis
973 510 1030 538 aut
1051 517 1200 549 promere
1224 507 1345 547 metris,

502 557 597 594 Quod
619 557 695 589 fidei
719 557 838 589 donum
860 558 1010 590 meritum
1031 568 1203 600 moresque
1226 558 1369 600 benigni,

406 643 423 647 (A
501 609 630 646 Quanta
652 619 712 652 per
733 612 886 651 aegrotos
908 610 1030 641 curatio
1053 611 1168 651 gratia,
1193 613 1322 652 quanta,

417 673 457 693 wo
500 661 610 693 Virtus
632 661 721 693 bella
742 661 836 692 labor
857 662 1014 704 patientia
1036 662 1145 704 palma
1167 661 1359 704 triumphus.

544 721 604 754 XI.
626 721 794 753 Hactenus
817 721 859 753 ad
881 721 978 753 finem
1002 722 1157 762 celerans,
1181 722 1295 762 oratio,
1320 721 1418 753 ducta
1443 732 1478 753 es

502 773 645 806 Tramite
669 773 804 805 difficili:
828 783 912 805 nunc
935 784 991 805 cur
1011 783 1072 816 per
1094 773 1188 805 devia
1211 776 1363 816 coeptum

501 825 622 857 Flectis
643 825 715 866 iter,
738 824 858 856 timidis
882 827 916 856 et
936 827 970 856 te
993 825 1153 857 convertis
1175 825 1335 857 habenis?

501 877 626 909 Forsan
649 877 692 909 ob
715 878 786 918 hoc,
810 877 963 909 subtriste
984 877 1105 919 aliquid
1125 877 1200 920 quia
1219 881 1319 919 gesta-
1333 878 1530 920 loquuntur?

418 941 458 960 ⁴0⁵
502 929 580 960 Pro!
603 929 781 972 pudor-est
803 929 897 960 rutilo
921 931 1085 971 comptum
1109 928 1235 970 fulgore
1258 929 1401 969 beatum,

501 980 661 1023 Egregios
684 981 774 1012 cuius
796 990 903 1012 mores
926 980 1153 1022 descripsimus
1175 990 1278 1022 usque
1301 981 1373 1021 huc,

503 1033 650 1070 Qualiter
673 1032 715 1064 ad
737 1033 837 1065 vitam
859 1042 919 1075 per
940 1032 1053 1064 mortis
1075 1033 1175 1064 limen
1198 1032 1304 1064 eundo

503 1085 680 1117 Transierit
702 1085 811 1127 superi
833 1083 1002 1127 ponendus
1023 1084 1056 1116 in
1079 1084 1221 1116 aetheris
1243 1084 1327 1125 aula,

501 1136 670 1179 Diffugere
694 1139 729 1168 et
749 1136 846 1168 finem
868 1136 1039 1168 lacrimoso
1062 1146 1207 1179 pangere
1231 1139 1336 1168 cantu.

418 1201 458 1220 41⁰
501 1188 599 1220 Oalce
622 1191 716 1220 tenus
739 1187 869 1220 ductum
891 1190 1041 1219 metuens
1063 1187 1256 1219 concludere
1280 1190 1406 1218 textum

503 1240 538 1272 Si
560 1240 682 1282 refugis
704 1239 858 1280 functum,
880 1240 933 1271 vel
956 1239 1023 1271 dic:
1048 1241 1118 1282 ‘per
1140 1239 1272 1271 saecula
1294 1237 1397 1271 vivit’:

503 1292 594 1324 Vivit
616 1292 703 1324 enim
724 1291 879 1334 angelicis
900 1291 1042 1323 sociatus
1065 1291 1126 1323 rite
1150 1291 1303 1323 catervis.
1360 1314 1362 1317 v

503 1344 680 1376 Tristifiam
702 1343 795 1386 liquit
816 1343 958 1375 moriens
979 1343 1211 1385 planctumque
1233 1353 1294 1385 per
1317 1352 1406 1382 arva,

503 1396 678 1428 Laetitiam
700 1395 778 1427 fecit
800 1394 994 1427 caelestibus
1017 1394 1144 1426 arcibus
1167 1394 1324 1437 amplam;

420 1461 459 1481 ιιι
503 1448 606 1480 Terra
627 1450 720 1479 tenet
741 1450 871 1486 terram,
896 1446 1073 1478 concrescit
1094 1446 1229 1489 pulvere
1252 1446 1378 1488 pulvim

501 1500 649 1532 Mortuus
670 1499 704 1531 in
725 1499 849 1531 tumulo
871 1498 1030 1530 recubans
1053 1507 1114 1540 per
1137 1497 1223 1530 dona
1247 1499 1407 1537 coruscat,

503 1551 565 1584 Ast
586 1551 735 1595 speciosa
756 1550 862 1582 choris
884 1550 991 1582 anima
1014 1552 1064 1581 est
1086 1549 1256 1582 coniuncta
1279 1548 1435 1592 supernis.
1574 1570 1595 1586 ,

546 1611 623 1644 ΧΠ.
646 1611 775 1654 Nempe
798 1610 1004 1642 monasteriis
1026 1620 1087 1653 per
1108 1620 1194 1651 rura,
1216 1616 1277 1652 per
1300 1609 1421 1652 oppida
1443 1608 1562 1650 sparsis

504 1663 631 1696 Celsior
653 1666 687 1696 et
707 1663 824 1695 melior
845 1672 918 1694 sese
941 1665 1101 1694 structura
1122 1662 1244 1694 levavit

422 1728 462 1749 ιω
504 1715 664 1748 Helnouis
686 1715 796 1747 nostri.
842 1713 949 1746 Locus
973 1717 1024 1746 est
1047 1713 1088 1745 de
1111 1714 1242 1746 flumine
1267 1712 1380 1753 dictus,

506 1767 602 1805 Quod
623 1767 740 1810 recipit
760 1767 918 1808 largoque
942 1766 1014 1797 sinu
1036 1765 1136 1797 Scarb
1159 1765 1270 1808 purior
1291 1764 1394 1796 effert.

505 1819 569 1857 Qui
591 1819 681 1851 fonte
703 1828 747 1850 ex
769 1818 899 1860 gemino
922 1817 1069 1849 Iordanis
1090 1827 1180 1848 more
1206 1819 1353 1848 meantes

504 1871 622 1904 Dulcia
643 1870 826 1903 commixtis
849 1869 1047 1911 coniungunt
1069 1869 1162 1901 basia
1183 1868 1293 1909 labris,

506 1923 579 1961 Quo
602 1922 760 1955 tumulum
783 1922 903 1954 retinet
924 1924 1054 1953 sauctus
1076 1920 1247 1952 virtutibus
1270 1922 1409 1951 auctum.

423 1988 461 2008 ω
505 1975 568 2012 Qui
590 1975 680 2007 locus
702 1974 847 2006 inmenso
872 1973 1043 2005 decoratus
1066 1972 1188 2004 honore
1211 1971 1354 2003 nitescit:

505 2027 578 2059 Pax
600 2026 722 2059 ibidem
744 2026 849 2068 pietas
872 2025 1000 2057 bonitas
1023 2023 1195 2056 concordia
1218 2023 1321 2066 pollet

505 2079 652 2122 Spesque
674 2078 756 2110 fides
778 2077 938 2109 fraternus
960 2086 1051 2108 amor
1074 2075 1204 2107 dilectio
1227 2084 1362 2106 summa.

506 2131 611 2163 Omne
633 2130 755 2162 bonum
776 2129 919 2161 retinens
942 2127 985 2159 ad
1008 2127 1091 2159 caeli
1114 2126 1254 2158 culmina
1276 2124 1391 2165 tendit,

507 2182 613 2215 Omne
634 2182 757 2214 malum
778 2181 884 2213 vitans
907 2179 1091 2211 discrimina
1111 2177 1211 2209 noxia
1232 2177 1327 2220 pellit

424 2247 464 2267 ιω
506 2234 604 2266 Nulla
626 2233 748 2276 pericla
769 2242 908 2275 pavens;
930 2231 986 2263 ubi
1009 2230 1125 2262 debilis
1148 2229 1251 2261 omnis
1274 2231 1307 2260 et
1331 2237 1431 2270 aeger

507 2286 595 2319 Vota
617 2285 720 2328 petita
741 2284 806 2316 fide
829 2285 862 2316 iu
885 2283 1029 2316 medium
1053 2284 1201 2314 currente
1225 2282 1379 2323 reportat.

507 2337 536 2370 O
557 2339 660 2370 locus!
685 2347 704 2368 o
728 2337 807 2368 felix
830 2334 968 2367 fecundo
992 2333 1137 2376 germine
1161 2341 1284 2374 cespes,

506 2389 638 2422 Cunctis
659 2391 766 2419 macte
787 2387 890 2426 bonis,
914 2389 1048 2418 aeterna
1069 2385 1102 2416 in
1125 2383 1256 2415 saecula
1279 2382 1383 2414 salve:

506 2441 609 2473 Veste
633 2450 694 2472 ove
716 2448 823 2471 messe
847 2438 932 2470 bove
956 2437 1034 2468 alite
1048 2435 1154 2467 vmelle
1178 2444 1241 2477 ape
1262 2433 1393 2466 flumine
1416 2433 1504 2476 pisce

423 2506 461 2526 ⁴³⁵
506 2491 634 2524 Glande
657 2501 714 2523 sue
736 2491 815 2522 flore
838 2488 953 2521 fronde
978 2488 1081 2519 imbre
1104 2486 1249 2528 gramine
1274 2485 1351 2525 vite,

507 2543 664 2576 Omnibus
686 2542 736 2574 his
758 2541 884 2584 pollens
907 2540 964 2572 tali
986 2539 1176 2571 moderante
1200 2538 1324 2577 colono,

507 2595 664 2628 Omnibus
686 2595 736 2626 his
758 2594 900 2626 renitens
922 2592 983 2624 hoc
1006 2589 1202 2623 fecundante
1225 2591 1376 2632 patrono!

245 2761 298 2788 402
314 2769 385 2788 nunc
402 2759 460 2794 cnr]
478 2760 524 2791 sod
540 2767 610 2785 nunc
622 2758 647 2783 B
716 2757 767 2784 404
785 2757 922 2783 substricta
941 2755 966 2779 V
1029 2753 1082 2780 405
1099 2755 1148 2779 Pro
1166 2753 1238 2779 dolor
1249 2751 1275 2777 B
1343 2750 1394 2776 417
1413 2751 1504 2777 daesinic
1516 2750 1547 2776 K
1616 2748 1668 2776 424
1685 2753 1792 2775 sanctus

143 2805 236 2831 utinen
247 2805 272 2830 A
357 2802 411 2830 436
428 2806 543 2830 :nonme
555 2802 581 2828 B
667 2800 717 2827 437
736 2801 831 2826 renites
842 2800 868 2824 B

551 2860 555 2864 ’
1533 2844 1587 2871 77*
