2060 3074
736 190 784 217 DE
803 189 1030 217 SOBRIE'TATE
1048 189 1157 216 LIBER
1169 190 1189 216 Ι.
1724 191 1786 221 633

504 276 708 319 Condignum
731 277 852 319 poterit
874 277 925 308 cui
948 277 1053 308 nullus
1076 276 1214 308 reddere
1237 286 1399 309 amorem:

505 328 579 360 Non
602 329 717 360 modus
740 329 824 360 ullus
846 329 879 359 in
900 328 972 369 hac,
996 329 1071 370 quia
1093 331 1197 359 totum
1223 328 1388 370 quaeritur
1411 338 1453 359 ex
1475 330 1518 358 te.

502 380 567 411 Ala
589 380 732 412 secunda
755 380 871 412 dehinc
895 379 1025 411 dilectio
1049 379 1156 411 fratris
1177 378 1339 411 habenda.

421 443 459 462 ⁶⁹5
503 431 590 463 Huic
612 431 706 463 datur
727 431 779 463 hic
802 431 910 463 limes:
936 431 1031 462 ‘hunc
1054 430 1152 473 dilige
1175 441 1240 462 non
1262 431 1366 463 minus
1388 433 1425 462 ut
1446 429 1502 462 te’.

502 482 596 514 Haec
619 486 697 525 eget
718 483 780 514 hoc
803 482 914 523 verbo,
939 483 1081 514 sincerus
1104 493 1195 514 amor
1217 483 1258 514 sit
1280 486 1316 514 ut
1337 483 1415 514 iste:

504 535 552 566 ‘In
575 538 607 566 te
632 535 720 566 disce
742 535 840 577 prius,
864 538 920 566 tua
943 535 970 566 si
994 534 1124 566 dilectio
1147 535 1231 566 iusta
1255 534 1324 566 est.’

503 586 651 619 Psalmus
675 587 761 618 enim
784 586 931 618 recinens
955 586 1020 628 ‘qui
1045 585 1158 628 diligit'
1182 586 1284 628 inquit
1307 586 1436 628 ‘iniqua‚

503 637 582 669 Odit
603 638 711 680 inique
735 638 886 677 animam,
911 647 1007 679 quam
1031 636 1167 671 Tartara
1190 636 1231 668 ad
1254 637 1353 680 impia
1376 636 1493 670 mittit'.

421 701 460 720 ωο
502 688 599 720 Unde
621 689 683 720 iste
706 689 843 720 affectus
865 688 927 719 hoc
950 688 1073 730 glutine
1095 691 1205 719 nectat
1227 691 1391 730 utrosque,

501 740 638 772 Actibus
660 743 696 772 ut
718 740 809 772 iustis
831 750 968 782 regnum
991 739 1133 771 caeleste
1157 743 1338 782 capessant.

501 792 575 824 Lex
597 793 702 823 omnis
725 791 846 824 domini
869 791 998 834 paxillis
1021 790 1144 833 pendet
1166 791 1198 822 in
1220 792 1299 823 istis.

502 843 576 875 Hoc
599 844 763 886 geminum
786 846 921 874 tenuere
945 842 1044 874 decus
1067 842 1214 874 karitatis
1236 843 1373 883 inaures,

503 895 592 932 Quas
614 896 669 938 pia
691 895 832 937 suscepit
853 894 1012 936 patientia
1034 893 1120 926 dicta
1142 893 1295 925 Rebecca

420 960 458 978 ωε.
501 946 674 990 Appensas
695 946 833 989 geminis
855 956 961 988 aequo
985 945 1154 977 libramine
1178 946 1279 982 siclis;

502 999 659 1031 Armillae
683 998 768 1030 deno
790 999 825 1029 in
848 1007 982 1029 numero
1005 1000 1182 1040 praecepta
1205 997 1319 1029 decem
1343 1001 1416 1029 sunt

501 1050 613 1092 Legis,
637 1060 720 1093 quae
745 1049 907 1092 quondam
930 1049 1062 1081 tabulae
1085 1054 1217 1091 gessere
1241 1049 1412 1091 gemellae,

502 1102 590 1139 Quas
612 1102 711 1144 fregit
733 1101 864 1143 Moyses
887 1101 1008 1144 populo
1032 1104 1200 1143 spectante
1223 1101 1338 1132 rebelli

503 1154 546 1186 Et
567 1154 731 1196 reparavit
753 1153 831 1189 item
854 1157 1046 1195 nostrosque
1070 1153 1192 1184 remisit
1214 1152 1256 1184 ad
1279 1163 1356 1184 usus

420 1219 459 1238 ⁶10
503 1205 702 1238 Christicolis
725 1205 880 1244 tribuens,
904 1215 984 1247 quas
1007 1205 1110 1236 cultor
1133 1205 1254 1247 sprevit
1277 1204 1381 1236 Isidis.

503 1257 619 1290 Psallit
640 1258 720 1289 item
741 1260 870 1289 sanctus
894 1256 1074 1288 decacordo
1099 1257 1240 1288 carmina
1262 1257 1399 1299 plectro:

505 1309 663 1342 Omnibus
685 1309 736 1340 his
759 1309 853 1340 tactis
876 1308 978 1340 dulcis
1001 1308 1182 1350 simphonia
1204 1309 1323 1350 surgit3

502 1361 602 1393 Nulla
624 1361 676 1393 hic
699 1360 798 1392 corda
820 1363 924 1400 vacet,
947 1360 974 1391 si
996 1360 1044 1392 vis
1067 1359 1170 1391 bonus
1193 1369 1265 1391 esse
1288 1359 1445 1392 melodus.

503 1412 653 1456 Namque
677 1412 792 1444 decem
814 1412 912 1444 iuncti
937 1411 994 1443 tali
1016 1411 1141 1443 ratione
1165 1411 1290 1443 duobus

417 1478 456 1497 m
499 1464 652 1497 Efficient
675 1465 806 1507 plenam
828 1463 970 1495 numeris
993 1467 1027 1495 et
1049 1463 1193 1506 pondere
1217 1463 1342 1503 libram,

503 1516 639 1550 Constat
661 1517 858 1560 apostolicus
881 1516 930 1547 bis
953 1526 1032 1547 seno
1054 1518 1091 1546 ut
1112 1515 1214 1546 milite
1238 1518 1359 1546 coetus.

503 1568 664 1606 Quattuor
686 1569 719 1600 in
741 1568 837 1610 lignis
860 1568 959 1599 vestis
982 1567 1126 1599 texenda
1148 1570 1291 1599 tenetur:

501 1620 577 1653 Non
598 1631 692 1654 secus
715 1620 799 1652 haec
824 1620 946 1652 karitas
968 1620 1026 1651 tali
1048 1619 1172 1651 ratione
1195 1621 1336 1661 paratur.

503 1672 600 1710 Quod
622 1682 719 1715 super
741 1674 801 1712 est,
824 1672 912 1714 prius
935 1674 999 1705 est:
1024 1670 1199 1702 ‘dominum
1222 1674 1257 1702 tu
1280 1670 1379 1712 dilige
1402 1672 1589 1710 summum';

420 1738 460 1758 m
504 1724 600 1762 Quod
622 1725 708 1756 iacet
729 1723 876 1756 inferius:
902 1723 971 1755 ‘tibi
993 1723 1160 1765 proximus
1183 1725 1275 1754 extat
1297 1722 1482 1759 amandus';

503 1777 533 1809 E
554 1777 688 1819 regione
712 1775 810 1808 sudes
832 1775 954 1818 gemini
977 1774 1018 1807 de
1041 1775 1165 1818 cespite
1190 1778 1338 1816 surgunt:

505 1828 611 1866 ‘Quod
634 1838 697 1860 non
720 1828 767 1860 vis
790 1828 860 1860 fieri
883 1827 951 1867 tibi,
974 1827 1036 1859 hoc
1059 1827 1129 1858 aliis
1152 1827 1270 1858 inferre
1294 1825 1445 1866 recuses',

242 1961 294 1989 606
310 1961 450 1988 *Armilla-
462 1961 487 1986 A
575 1958 627 1985 622
645 1958 704 1984 aliis
721 1958 789 1984 delet
806 1957 873 1991 Neff,
890 1957 936 1983 ned
953 1957 1108 1990 hepwmoer
1125 1956 1225 1982 videtum
1243 1956 1364 1982 acidiae
1377 1959 1470 1988 poetae

139 2037 206 2064 tatis
223 2039 257 2072 (v.
269 2038 330 2070 590,
347 2037 422 2064 undo
439 2037 530 2072 prima
546 2043 581 2063 sc.
596 2043 694 2070 pomus
710 2035 770 2067 591,
789 2035 836 2062 ala
848 2034 970 2061 secunda
982 2035 1044 2067 594)
1065 2034 1098 2060 ab
1110 2033 1274 2068 Augustino,
1293 2033 1318 2059 si
1329 2033 1353 2059 is
1365 2035 1401 2060 est
1412 2033 1534 2067 scriptor,
1553 2038 1789 2062 commemoramu-

139 2089 170 2116 u'n
189 2088 291 2117 Hamil.
302 2090 337 2117 27
355 2091 428 2124 (ton.
442 2088 474 2116 X
485 2089 536 2116 105
553 2087 586 2115 K
599 2087 639 2114 ed.
657 2086 741 2114 Vm.
757 2087 844 2120 1550).

242 2149 294 2178 596
312 2148 411 2176 Mam
428 2149 472 2181 22,
484 2148 526 2176 3‘1.
595 2148 648 2175 595
666 2147 765 2174 Mutat.
778 2147 821 2179 22,
833 2147 876 2174 39.
945 2147 997 2173 598
1015 2146 1088 2173 Psaz.
1109 2146 1150 2178 10,
1163 2146 1180 2172 6
1198 2145 1247 2179 qui
1266 2144 1363 2179 diligit
1379 2143 1569 2178 iniquitatem,
1587 2146 1648 2173 odit
1666 2146 1788 2173 animam

140 2209 227 2229 suam.
315 2201 368 2228 600
392 2201 506 2236 gluten:
528 2200 579 2233 cfr.
596 2199 744 2234 Auqum'n.
767 2199 799 2225 in
817 2198 889 2233 psal.
911 2198 953 2231 62,
963 2199 988 2225 9.
1081 2197 1132 2225 602
1155 2196 1254 2224 Mam.
1277 2197 1319 2230 22,
1338 2197 1373 2224 40
1395 2198 1423 2225 in
1450 2199 1494 2225 his
1517 2199 1626 2226 duobus
1649 2198 1789 2225 mandatis

142 2252 272 2279 universa
288 2251 333 2279 lex
351 2251 470 2287 pendan
496 2251 546 2284 σΙῚν.
569 2250 682 2286 ἅτερον.
699 2249 803 2277 Hamil.
820 2249 852 2276 in
869 2249 963 2276 Ειοὼ.
983 2249 1053 2281 113,
1068 2249 1099 2276 17
1118 2248 1226 2283 (Μᾶρκε
1244 2249 1285 2282 76,
1299 2249 1363 2283 967)
1386 2249 1553 2277 tabernaculi
1571 2249 1692 2284 paxillos
1708 2249 1790 2276 intor-

138 2306 296 2338 prmnoen.
383 2303 436 2331 eos
457 2302 678 2338 nmo-Mauo
700 2295 743 2329 De
765 2301 884 2328 meres
901 2301 1006 2336 (Spica.
1025 2301 1128 2327 Sozam
1148 2300 1313 2334 111283,9)
1335 2300 1390 2327 duo
1414 2301 1450 2327 ad
1468 2301 1523 2328 duo
1546 2302 1696 2336 praecepta
1720 2301 1790 2327 eari-

141 2355 219 2383 tatis.
293 2355 432 2382 603-606
453 2354 521 2382 Gen.
539 2355 583 2387 24,
594 2354 630 2381 22
647 2354 768 2388 protulit
785 2354 828 2381 vir
846 2354 958 2381 inaures
975 2354 1166 2389 appendentes
1184 2353 1266 2379 siclos
1284 2353 1353 2379 duos
1371 2354 1400 2380 et
1418 2353 1541 2380 armillas
1561 2353 1679 2380 totidem
1697 2352 1789 2387 pondo

141 2406 271 2434 siclorum
289 2406 394 2434 decem.
469 2406 521 2434 604
538 2406 696 2441 Bia-omm-
714 2405 820 2439 (ovum
838 2413 919 2433 saera
937 2405 977 2432 ed.
998 2404 1124 2439 Iaqamde
1141 2405 1165 2436 9,
1178 2405 1223 2438 23)
1242 2404 1368 2431 Rebecca
1385 2425 1408 2431 ..
1427 2404 1575 2439 patientia.
1652 2404 1790 2431 606-613

142 2457 363 2485 heudo-Melita
378 2457 454 2491 (M
465 2458 529 2492 286)
547 2457 643 2485 decem
661 2457 698 2484 ad
709 2457 888 2492 decalogum:
907 2457 945 2484 ‘in
963 2458 1096 2492 psalterio
1111 2457 1204 2484 decem
1218 2457 1382 2484 chordarum
1402 2457 1515 2492 psallite
1532 2458 1584 2484 illi'
1602 2457 1790 2491 (Pm1.32‚2).

141 2509 268 2537 6016oe
291 2509 380 2536 M.
397 2509 499 2542 32,16;
523 2509 564 2536 19.
651 2509 711 2536 609.
724 2509 776 2536 610
799 2508 890 2536 Eoeod.
914 2509 956 2541 34,
971 2510 999 2540 1;
1017 2509 1065 2541 2&
1087 2509 1136 2542 cfr.
1160 2517 1247 2542 supra
1273 2508 1312 2535 ad
1333 2517 1356 2535 v.
1369 2509 1428 2536 236.
1519 2509 1570 2536 611
1594 2508 1669 2535 Paul.
1693 2508 1752 2541 143,
1765 2509 1790 2535 9.

141 2560 280 2588 614—616
298 2559 516 2588 Pseudo-Molita
533 2560 610 2595 (wid.
627 2561 692 2595 286)
715 2560 862 2588 duodecim
885 2561 922 2587 ad
947 2561 1099 2596 apostolos.
1185 2560 1324 2587 617-624
1345 2559 1452 2595 (ἕτερον.
1471 2560 1620 2592 Ηοηιίῖ.,ἰη
1637 2568 1672 2588 ev.
1690 2560 1706 2587 Ζ.
1720 2567 1742 2587 c.
1757 2560 1791 2586 10

142 2612 299 2646 sciendum,
325 2613 392 2648 quia
411 2613 484 2641 deut
500 2613 529 2640 in
549 2613 658 2640 duobus
676 2613 774 2647 lignis,
798 2613 939 2648 superiore
957 2613 1090 2640 videlicet
1111 2614 1141 2640 et
1158 2611 1300 2644 inferiore,
1324 2612 1409 2639 vestis
1428 2612 1546 2644 texitur,
1570 2611 1613 2639 ita
1634 2611 1664 2638 in
1683 2611 1790 2638 duobus

143 2664 301 2700 praecepti·
319 2664 422 2692 caritas
441 2664 572 2692 habetur:
591 2664 622 2691 in
640 2664 791 2692 dilectione
809 2674 846 2692 sc.
857 2665 903 2692 dei
921 2667 950 2692 et
968 2665 1087 2700 proximi
1107 2685 1130 2692 ..
1151 2666 1182 2691 11
1203 2664 1345 2691 sciendum
1364 2672 1484 2698 quoque,
1503 2663 1578 2698 quod
1596 2663 1659 2698 ipsa
1676 2663 1791 2690 dilectio

143 2716 263 2751 proximi
282 2716 312 2743 in
329 2715 436 2744 duobus
454 2716 612 2751 praeceptis
630 2717 828 2748 subdividitur,
846 2725 908 2744 cum
928 2717 1042 2751 quidam
1062 2716 1174 2751 sapiens
1185 2715 1261 2743 dicat
1273 2715 1348 2748 (Τοῦ.
1366 2716 1449 2749 4,16)
1468 2717 1557 2742 ‘omne
1575 2715 1650 2748 quod
1665 2714 1719 2742 tibi
1731 2714 1791 2741 odis

143 2767 212 2799 fieri,
229 2767 294 2795 vide
310 2775 347 2795 ne
365 2767 425 2803 ipse
443 2767 525 2795 alteri
543 2768 638 2795 facias·
657 2769 686 2795 et
704 2776 754 2803 per
770 2769 859 2795 semet
876 2767 966 2802 ipsam
984 2768 1088 2795 veritas
1107 2766 1252 2802 praedicat
1269 2766 1364 2793 dicens
1381 2766 1493 2799 (Matilo.
1507 2766 1530 2799 7,
1544 2767 1588 2800 12)
1607 2769 1688 2800 *quae
1705 2765 1791 2793 vultis

143 2819 177 2846 ut
193 2818 301 2846 saciant
318 2818 398 2846 vobis
416 2819 550 2852 homiues,
569 2821 599 2847 et
617 2828 666 2847 vos
684 2821 780 2848 eadem
800 2819 885 2847 facite
904 2819 977 2846 illis'.
