2138 3106
775 180 943 208 CARMINA
962 182 1193 210 FREDIGARDI.
1745 189 1803 219 321

913 328 1052 361 LXXII.

784 399 849 435 AD
876 399 1185 438 HVCBERTVM.

524 479 662 524 Dignas,
685 494 809 515 summe
834 494 937 523 sacer,
962 484 1058 516 simul
1082 485 1311 528 inmensasque
1337 487 1458 520 salutes

524 534 615 577 Lego
639 535 699 567 tibi
726 539 833 567 eustos
857 546 919 578 ego
942 535 1164 578 Fredigardus
1189 548 1338 580 egenum.

524 586 656 618 Biblum
681 598 777 630 quem
800 588 934 630 repetis,
958 589 1071 630 procul
1095 591 1144 620 est
1167 600 1186 620 a
1209 590 1326 622 finibus
1350 591 1428 622 almi

523 638 683 676 Richarii;
706 638 800 670 modo
825 638 865 671 de
889 638 980 670 libris
1004 640 1119 672 studeo
1142 651 1248 683 neque
1273 642 1455 684 quicquam,

474 697 486 716 ⁵
520 689 636 723 Debeo
661 689 720 722 sed
743 690 850 733 potius
875 690 997 723 Christi
1020 691 1178 734 praebere
1202 696 1367 735 receptum

524 742 795 785 Pauperibusque
819 753 917 774 manu
940 753 999 774 nec
1023 753 1088 775 non
1112 743 1231 786 stipem
1255 744 1334 776 dare
1358 745 1492 787 largam,

524 793 623 825 quta
646 793 732 836 quod
755 794 840 836 potis
863 797 914 826 est
937 798 1094 834 nostrum,
1117 796 1280 828 carissime
1305 799 1408 839 pater,

524 845 592 877 Aut
614 849 744 888 tempus
768 845 870 878 dictat
892 857 1031 878 vacuum
1054 850 1110 879 aut
1134 847 1292 889 permittit
1316 848 1446 881 habere.

525 896 698 929 odelricus
722 897 817 930 adest
840 898 996 930 librorum
1021 899 1165 941 claviger
1188 902 1285 941 atque

463 956 488 974 ¹⁰
524 949 695 981 Cartarum
719 952 829 992 custos
853 953 887 982 et
911 960 1023 982 earum
1047 951 1187 993 scriptor
1210 951 1379 984 honestus.

523 1001 569 1032 At
592 1001 620 1033 si
645 1012 742 1044 quem
765 1002 906 1044 rogitare
930 1002 1024 1042 velis,
1048 1003 1238 1035 studeamus
1262 1003 1302 1035 ad
1327 1004 1397 1036 eius

524 1052 676 1085 Flectere
699 1054 838 1096 vestigia
860 1054 994 1096 pariter,
1018 1065 1088 1094 nori,
1111 1054 1230 1094 dicere,
1255 1055 1376 1095 forsan,

524 1103 621 1141 Quod
642 1108 790 1137 nostrum
813 1105 898 1137 velle
923 1109 983 1145 est,
1006 1106 1187 1148 poterimus
1210 1106 1331 1139 habere
1354 1108 1467 1150 petita.

525 1156 680 1188 Stellator
703 1157 787 1189 caeli
809 1156 909 1190 faeiat
932 1160 965 1190 te
989 1157 1106 1189 sistere
1130 1168 1245 1190 sanum

464 1215 487 1234 1⁵
522 1208 594 1240 Nee
617 1219 680 1240 non
703 1208 912 1248 ineolumem,
935 1209 1051 1251 rogit0‚
1075 1220 1135 1252 per
1157 1210 1290 1242 saecula
1313 1213 1416 1244 tensa.

524 1259 596 1292 Hos
620 1260 730 1303 apices
754 1260 838 1292 itera
859 1271 995 1303 parvos;
1018 1264 1094 1304 post
1117 1271 1212 1304 carpe
1236 1272 1402 1304 saponem,

524 1311 630 1344 Delue
653 1315 755 1355 tuque
778 1323 920 1351 manum,
944 1316 1074 1344 maneat
1097 1324 1138 1345 ne
1162 1313 1321 1355 squalida,
1345 1314 1504 1354 dextram,

525 1363 670 1395 Istorum
693 1366 793 1405 tactu,
817 1375 935 1397 moneo
959 1375 1159 1407 posquoque,
1184 1365 1340 1408 sophista.

525 1415 675 1448 Claudite
699 1426 766 1457 vos,
790 1426 809 1448 o
833 1415 990 1455 Pierides,
1014 1419 1124 1449 vestra
1147 1427 1204 1448 ora
1228 1417 1342 1450 silere:

464 1473 490 1493 2⁰
525 1467 669 1510 Tempus
693 1467 787 1499 adest
810 1468 930 1500 etenim
955 1467 1136 1500 dissolvere
1161 1469 1245 1500 colla
1267 1469 1379 1511 iugata

526 1518 708 1551 Taurorum
733 1519 829 1552 tectis
853 1520 1064 1559 fumantibus,
1088 1520 1165 1552 alite
1190 1521 1289 1553 lasso.

909 1752 1069 1786 LXXIII.

752 1827 814 1863 DE
840 1826 1042 1863 ACIEBVS
1069 1825 1221 1862 CAELI.

528 1908 634 1947 Musa,
658 1912 744 1940 retro
769 1909 927 1952 aeclipsin
950 1909 1106 1941 Phoebae
1132 1909 1252 1940 sensim
1276 1909 1450 1951 perarasti:

527 1960 731 2003 Sanguineas
755 1962 842 1994 acies
869 1973 952 1994 nunc
978 1962 1061 1994 caeli
1085 1965 1184 2003 tange
1208 1971 1392 2003 parumper,

528 2012 639 2044 Tertio
663 2013 742 2045 Idus
766 2015 916 2056 pavitans
940 2013 1006 2045 vidi
1030 2024 1110 2056 quas
1135 2016 1229 2045 nocte
1253 2013 1446 2045 Decembris
1555 2012 1811 2038 a.d.III.1d.Dec.

527 2063 716 2104 Terribiles,
739 2076 858 2108 magno
883 2066 1017 2098 nimium
1042 2065 1214 2108 sonituque
1239 2068 1421 2107 crepantes.
1639 2057 1663 2072 α’
1678 2050 1732 2073 ⁸⁶¹*

477 2123 489 2140 -'·
525 2115 618 2152 Quae
642 2117 748 2149 medio
772 2118 855 2149 caeli
880 2121 992 2149 centro
1017 2120 1162 2149 statuere
1186 2116 1330 2148 duellum

528 2167 681 2209 Igniferis
703 2169 849 2210 graviter
872 2169 1051 2200 bellantum
1076 2179 1164 2200 more
1188 2168 1318 2210 sagittis

529 2218 689 2255 Quattuor
711 2231 754 2252 ex
777 2221 884 2263 plagis
908 2220 1018 2252 mundi
1042 2220 1164 2262 pariter
1187 2220 1401 2261 glomeratae:

532 2271 622 2307 Quas
645 2272 744 2304 etiam
769 2272 875 2304 timuit
898 2272 987 2304 visus
1012 2275 1161 2314 spectare
1185 2271 1316 2313 diuque,

529 2323 579 2355 Ne
603 2327 714 2356 noster
737 2327 824 2356 totus
848 2324 955 2356 subito
979 2324 1168 2356 combustus
1192 2322 1334 2355 adesset.

267 2485 391 2519 [Lxxuq
414 2487 425 2512 l
446 2488 532 2520 Digna
550 2488 576 2513 B
593 2497 660 2514 corr.
680 2488 778 2514 Beuum.
889 2489 905 2514 6
925 2497 1029 2514 manum
1047 2497 1115 2513 corr.
1134 2487 1159 2512 B
1270 2486 1302 2511 13
1320 2486 1435 2511 similiter
1454 2487 1580 2511 iuuencus
1597 2487 1622 2511 in
1642 2486 1706 2511 libro
1725 2487 1814 2513 ultimo

163 2528 210 2559 (un
228 2529 342 2560 1V,683
361 2531 500 2563 poterimus
522 2532 625 2557 eredere
649 2532 756 2565 signium
778 2533 804 2557 in
827 2541 908 2564 mary.
928 2531 953 2556 B
1070 2530 1102 2556 18
1120 2534 1177 2563 post
1199 2538 1302 2563 quoque
1320 2538 1387 2554 corr.
1401 2528 1438 2553 B:
1459 2537 1556 2562 posquo
1573 2538 1626 2562 pro
1649 2538 1724 2562 posco
1743 2531 1815 2563 apud

164 2571 248 2597 Bmu
266 2581 319 2597 rum
336 2573 466 2598 §rma-imr-

267 2614 406 2649 [Lxxum
423 2616 440 2642 6
459 2625 502 2642 ore
520 2617 545 2642 B
562 2626 629 2642 corr.
648 2617 747 2643 Bellum.
856 2617 873 2642 8
891 2618 950 2643 uisu
968 2617 993 2642 Β
1010 2626 1076 2642 corr.
1096 2616 1194 2642 Bethm.
1300 2615 1316 2640 9
1330 2610 1376 2640 ῖιῖΐ.
1392 2619 1420 2639 ut
1437 2615 1539 2648 saepiae
1556 2614 1581 2640 B

267 2709 400 2745 [Lxxm
420 2709 467 2736 Aa
486 2712 624 2737 eudemum
646 2710 788 2744 quendam.
906 2711 936 2737 16
955 2710 1005 2742 cfr.
1024 2709 1098 2742 infra
1117 2708 1237 2735 Miconis
1255 2707 1290 2741 (2)
1308 2716 1331 2735 c.
1351 2707 1483 2740 CLXIV,
1494 2708 1536 2734 2⁷.
1652 2709 1688 2735 20
1709 2717 1747 2742 sq.
1765 2710 1814 2742 cfr.

169 2760 215 2787 Ge.
235 2761 274 2793 ΙΙ,
287 2761 339 2788 542
355 2764 380 2788 d
398 2761 458 2788 Ed.
472 2761 497 2794 Ι,
508 2762 551 2789 82.

268 2812 414 2848 [ΙιΧΧΙΠ.]
435 2814 448 2839 1
467 2815 541 2841 retro
558 2814 608 2846 cfr.
626 2821 711 2847 supra
729 2821 749 2840 c.
768 2813 827 2840 LX
835 2813 916 2840 VIII.

270 2859 372 2886 Porrus
391 2868 474 2887 ιΑτικι
492 2869 550 2903 Αῑγι
568 2861 694 2887 cinnum
714 2861 761 2893 111,
772 2861 798 2887 2.
1577 2859 1610 2885 41
