2040 2996
569 90 609 117 IN
627 90 770 118 TESTEM
788 92 943 121 FALSUM.
978 93 1027 120 AD
1045 93 1280 122 ROTBERTUM.
1689 101 1751 131 215

466 176 520 208 An
543 177 616 209 rufa
638 188 697 220 per
718 181 862 210 mentum
886 179 947 210 sub
970 180 1067 211 ovina
1089 183 1181 213 veste
1205 182 1339 223 latebat,

514 228 565 261 Ne
588 229 660 271 quis
683 240 756 261 eam
780 233 896 262 noscat
919 232 1032 263 matris
1054 232 1177 264 habere
1201 234 1370 276 strophas?

469 279 521 312 An
546 281 639 312 tortis
662 281 798 323 pedibus
821 282 908 324 giros
931 284 1100 315 contexuit
1125 284 1190 324 illa,

389 339 414 358 1⁰
519 331 678 375 Obliquos
701 343 862 376 peragens
886 334 1033 366 cursibus
1057 335 1114 367 illa
1137 337 1266 378 cyclos?

466 383 619 416 Forsitan
643 388 677 416 et
699 385 790 417 vobis
813 386 932 426 retulit,
957 386 1042 429 quod
1068 387 1224 430 limphida
1246 389 1339 421 Mosa

514 436 585 467 Iam
609 436 715 468 nullos
737 436 856 479 pisces,
879 438 969 470 nulla
992 438 1115 470 fluenta
1137 442 1247 472 tenet?
1271 460 1312 464 ——

466 487 533 520 Sed
554 490 601 528 tu,
625 488 714 520 celse
737 491 842 530 pater,
867 489 943 521 iusti
967 491 1153 532 speculator
1176 495 1209 524 et
1233 494 1338 535 aequi,

514 539 661 571 Vibratis
686 540 790 572 oculis
812 541 946 583 figmina
968 542 1053 574 falsa
1075 545 1165 575 nota:

380 598 408 618 1⁵
465 591 636 628 Quomodo
660 592 852 634 noctigenas
875 592 1173 636 dispellit'Lucifer
1194 596 1337 636 umbras,

510 643 678 687 Lampade
702 645 848 677 iustitiae
873 645 920 678 sic
944 647 1110 680 renitesce
1134 649 1208 681 tuis.

467 695 612 738 Igniscat
635 697 724 728 zelus
747 697 828 729 recti
851 701 884 729 te
907 697 1024 738 iudice,
1049 710 1181 741 quaeso,

512 748 686 781 Fulminea
708 760 823 782 norma
846 749 979 783 destrue
1002 751 1126 793 grande
1149 753 1253 785 nefas.

467 799 540 831 Sint
564 801 756 843 perturbati,
781 802 836 844 qui
859 802 1035 835 turbavere
1058 813 1202 845 serenos,

382 857 408 876 ²0
511 851 583 884 Nec
605 852 703 885 sileat
725 854 870 896 cyclicae
892 854 1033 887 formula
1055 855 1209 888 iustitiae.

466 902 612 936 cornuta
635 904 719 938 facie
736 915 804 938 ⁴ceu
826 905 959 948 Moyses
983 909 1054 939 esto
1079 917 1243 947 coruscus,

512 955 582 987 Ceu
604 956 704 989 iudex
726 957 846 990 Daniel
870 957 1002 991 destrue
1025 959 1110 992 falsa
1131 960 1252 992 minax.

465 1006 628 1040 Scandala
651 1009 716 1041 sint
739 1009 805 1049 olli,
828 1010 884 1052 qui
907 1010 1000 1043 nobis
1023 1011 1179 1044 scandala
1202 1013 1311 1051 movit,

511 1058 676 1093 Scandala
697 1061 753 1103 qui
775 1061 928 1104 loquitur,
952 1062 1107 1095 scandala
1129 1064 1250 1106 quique
1274 1064 1362 1096 facit.
1387 1083 1428 1088 —-

382 1116 407 1135 2⁵
464 1111 493 1143 Ο
516 1111 612 1154 polus
635 1123 654 1144 o
679 1113 775 1145 tellus
799 1125 818 1146 o
841 1113 937 1146 Titan
961 1126 980 1147 ο
1003 1125 1094 1147 marc
1116 1126 1281 1158 magnum,

509 1161 677 1196 Exaudite
698 1175 807 1198 mcum
832 1166 975 1199 carmine
1000 1177 1056 1198 vos
1079 1167 1248 1209 gemitum.

883 1271 966 1293 cvm.

613 1322 725 1356 ITEM
747 1324 958 1358 RITHMICI
981 1325 1236 1358 UERSICULI.

304 1381 427 1414 ‘Bonus
450 1383 500 1415 vir
523 1387 574 1416 est
597 1383 775 1425 Robertus,
1052 1386 1119 1418 vix
1142 1385 1235 1418 vobis
1259 1389 1311 1418 est
1339 1386 1484 1428 aequalis

303 1433 435 1466 Laudes
458 1434 602 1475 gliscunt
623 1435 771 1477 Robusti,
1051 1438 1150 1470 quta
1172 1438 1296 1470 fluenta
1318 1437 1444 1470 Mosae:

304 1484 446 1526 Christe,
469 1486 544 1518 fave
567 1486 723 1528 Roberto,
1051 1489 1124 1521 Hoc
1148 1489 1258 1521 retulit
1281 1489 1431 1529 Mosella,

302 1535 515 1578 Longaevum
538 1538 590 1570 fac
613 1538 804 1580 Robertum,
1051 1541 1125 1573 Hoc
1148 1540 1294 1573 celebrat
1315 1544 1349 1572 et
1371 1541 1516 1573 Rhenus.

258 1620 270 1639 ⁵
305 1612 413 1646 Amen
437 1614 537 1654 salve,
559 1615 715 1658 Roberte,
991 1628 1016 1645 2⁵
1051 1619 1126 1651 Hoc
1150 1618 1238 1650 mille
1261 1619 1378 1650 tonant
1401 1621 1521 1650 tonnae

304 1664 453 1704 Christus
477 1666 519 1698 sit
542 1677 614 1699 cum
638 1667 846 1701 Roberto'—
1050 1671 1138 1703 Puro
1162 1670 1279 1712 plenae
1302 1668 1382 1702 Lieo

305 1716 372 1749 Sex
395 1717 526 1750 casibus
549 1720 711 1761 percurrit
1051 1722 1274 1764 Ingentesque
1298 1721 1463 1753 bachones

304 1767 411 1801 Vestri
435 1770 638 1812 praeclarum
662 1782 791 1804 nomen.
1051 1773 1095 1806 Et
1117 1773 1245 1806 cornuti
1268 1772 1440 1804 multones.

303 1845 387 1878 Nam
411 1846 494 1889 lapis
519 1847 603 1880 bene
626 1849 730 1890 gestis
1052 1850 1251 1893 Multiplices
1277 1849 1365 1892 (sint)
1390 1860 1492 1892 gazae

247 1903 272 1922 ¹⁰
308 1897 514 1940 Sexangulus
537 1909 701 1933 coruscas.
991 1910 1017 1928 ³⁰
1053 1901 1174 1934 Christi
1196 1901 1280 1934 dono
1305 1901 1453 1940 collatae,

304 1948 350 1980 Te
374 1949 514 1992 lapidem
537 1950 734 1994 descripsiZ':
1053 1953 1106 1986 Sis
1130 1953 1210 1985 licet
1231 1953 1347 1985 doctus
1372 1951 1485 1984 verbo:

302 2000 383 2033 Fors
405 2001 522 2034 durum
545 2003 678 2035 verbum
701 2003 780 2038 dixi.
1051 2005 1098 2036 Es
1121 2005 1250 2037 doctior
1272 2004 1306 2036 in
1330 2003 1435 2036 corde.

301 2077 348 2110 At
370 2089 410 2111 ne
434 2079 494 2111 sim
517 2079 690 2122 lapidatus,
1053 2082 1099 2114 Es
1122 2085 1217 2125 pater
1239 2082 1322 2113 intcr
1345 2083 1454 2124 patres

302 2130 370 2162 Vos
394 2131 530 2163 obsecro
552 2143 612 2175 per
634 2132 773 2176 limphas
1053 2133 1096 2165 Et
1120 2133 1242 2176 sophus
1266 2133 1350 2165 inter
1374 2132 1505 2175 sophos,

246 2188 268 2207 ¹³
303 2181 432 2225 Proque
454 2183 535 2215 duro
559 2194 708 2216 sermone
993 2192 1018 2211 ³⁵
1052 2185 1178 2216 Imbres
1202 2184 1283 2217 seris
1306 2184 1434 2216 dicaces

304 2233 434 2266 Bachus
458 2235 500 2267 sit
521 2235 565 2267 mi
589 2235 622 2267 in
645 2246 712 2268 ore.
1052 2236 1105 2268 Ex
1127 2236 1258 2268 flumine
1281 2235 1443 2267 Iordanis.

303 2312 338 2344 Si
361 2311 461 2344 durus
485 2323 592 2344 sermo
615 2324 720 2352 meus,
1051 2313 1136 2345 Nam
1160 2313 1294 2345 instruis
1317 2313 1468 2356 perfusus

303 2363 394 2395 Assit
416 2363 495 2395 mihi
517 2364 632 2396 Licus:
1053 2365 1198 2397 Caelesti
1220 2375 1294 2396 rore
1316 2367 1444 2396 mentes

303 2414 405 2447 Dives
427 2415 587 2458 inopsque
610 2416 732 2458 gaudet
1054 2416 1098 2448 Et
1121 2415 1281 2448 construis
1305 2415 1476 2447 sublimem

243 2473 268 2492 2⁰
303 2466 387 2499 Nam
410 2470 520 2500 vestra
542 2467 676 2510 pietate.
995 2476 1020 2494 ⁴⁰
1055 2467 1207 2499 Tendens
1231 2467 1263 2498 in
1286 2469 1374 2498 astra
1397 2467 1519 2498 turrim.

199 2578 215 2604 7
233 2580 311 2605 rubra
323 2579 415 2613 Haupt
491 2580 528 2606 20
543 2579 658 2618 *ciclicel
676 2581 747 2606 silice
762 2582 784 2606 G
894 2580 980 2614 [avim]
999 2581 1038 2606 ed.
1055 2581 1147 2606 Groue
1162 2589 1189 2613 p.
1202 2580 1219 2606 6
1300 2579 1313 2605 l
1327 2580 1466 2606 Rotbertus
1478 2580 1545 2605 iusta
1557 2581 1649 2613 opinor
1661 2581 1749 2612 forma

96 2622 188 2655 αἰξίν.
195 2630 224 2654 p.
233 2621 284 2648 201
357 2622 390 2648 10
397 2631 443 2649 sex
452 2624 574 2657 anglulus
582 2633 649 2650 corr.
658 2625 680 2649 C
748 2624 780 2650 16
790 2625 851 2649 mihi
862 2625 884 2650 G
892 2633 958 2649 corr.
967 2625 1012 2649 Gr.
1083 2622 1194 2649 29*sint
1203 2632 1252 2648 om.
1262 2623 1285 2648 0
1293 2621 1368 2658 (que)
1383 2623 1476 2648 Graue
1545 2622 1579 2648 37
1588 2622 1720 2656 *perfusas
1729 2621 1752 2647 0

205 2689 221 2715 7
239 2689 306 2716 Aen.
318 2690 365 2724 VI,
376 2690 427 2718 406
445 2690 494 2725 qui
513 2693 589 2718 veste
602 2691 717 2718 latebat.
797 2692 832 2718 25
844 2692 913 2718 Aen.
927 2691 958 2724 V,
970 2692 1022 2718 628
1034 2700 1083 2726 per
1095 2699 1170 2717 marc
1183 2699 1324 2725 magnum.
1438 2690 1528 2724 [svnt]
1541 2690 1590 2723 cfr.
1604 2689 1749 2716 XXXVI.

98 2741 132 2769 ιο
150 2739 203 2774 cfr.
221 2740 268 2776 νι,
286 2742 328 2770 63.
