2040 2996
346 735 710 816 PAULI
754 733 1193 812 ALBARI
1240 730 1698 814 CARMIN
1700 730 1800 809 A.

355 900 499 946 Paulus
528 912 690 944 Albarus²
725 912 781 952 qui
808 922 830 943 a
859 911 990 943 Iudaeis
1023 913 1112 942 ortas
1143 920 1241 950 neque
1273 909 1338 941 ullo
1370 909 1574 941 ecclesiastico
1607 919 1734 940 munere
1766 908 1898 948 functus

254 966 504 998 sollicitudinem
528 967 632 996 tamen
654 965 846 1007 pervigilem
871 964 956 995 circa
977 963 1151 994 utilitatem
1175 962 1251 994 fidei
1268 962 1448 993 catholicae
1471 960 1571 992 medio
1589 960 1655 1000 fere
1673 971 1755 992 nono
1774 959 1898 991 saecuk

254 1017 494 1061 conprobabat2
515 1017 684 1056 Cordubae,
701 1016 800 1057 plane
823 1016 899 1047 talis
920 1015 956 1047 in
971 1015 1062 1055 poesi
1084 1014 1205 1045 eoestitit
1226 1013 1334 1054 quales
1356 1023 1420 1044 esse
1439 1012 1544 1044 Cicero
1564 1012 1775 1044 Cordubenses
1786 1014 1899 1052 poetas

253 1070 362 1102 scribit
384 1070 504 1112 pingue
529 1069 682 1111 quiddam
696 1071 848 1100 sonantes
873 1071 970 1109 atque
993 1066 1213 1109 peregrinum.
1254 1065 1358 1097 Veluti
1379 1065 1524 1096 carmina
1538 1064 1684 1103 I—XII,
1707 1074 1900 1104 qmmquam

253 1132 317 1153 non
339 1121 439 1153 solum
461 1121 558 1152 obiter
580 1120 681 1161 leyens
703 1120 853 1160 opinatus
875 1119 943 1157 erit,
966 1128 1031 1150 non
1047 1128 1132 1157 puer
1155 1117 1232 1148 lusit
1253 1116 1458 1154 iocabundus,
1481 1115 1592 1156 qualia
1613 1118 1728 1148 narrat
1741 1116 1842 1156 fuisse
1862 1126 1900 1147 ea

253 1185 334 1214 quae
365 1173 534 1213 temptabat
565 1172 640 1203 dum
669 1172 705 1203 in
731 1171 854 1202 abbatis
881 1169 1067 1210 Speraindei
1098 1169 1208 1200 ludum
1235 1179 1306 1199 cum
1332 1167 1466 1208 Euloyio
1495 1168 1572 1207 ime,-
1609 1168 1788 1210 agebamus
1817 1167 1901 1199 enim

254 1226 302 1257 ait
324 1226 359 1257 in
374 1225 491 1265 Euloyi
512 1225 578 1256 vita
598 1225 625 1262 I,
641 1224 685 1255 2³
708 1223 769 1264 (ed.
786 1222 974 1254 Lorenzana
990 1221 1057 1253 PP.
1074 1220 1168 1252 Tolet.
1185 1221 1232 1258 II,
1248 1220 1327 1262 396)
1349 1220 1479 1262 utrique
1503 1220 1734 1252 scribturarum
1757 1219 1900 1252 delecta-

254 1278 353 1309 bilem
377 1278 482 1308 lusum
507 1279 540 1308 et
563 1276 720 1307 scalmum
742 1276 775 1306 in
798 1275 907 1306 lacum
929 1274 1116 1306 nescientes
1140 1283 1255 1315 regere
1278 1272 1401 1304 Euxini
1423 1272 1521 1304 maris
1545 1271 1758 1304 credebamur
1779 1271 1901 1314 fragori

253 1330 325 1370 (cfr.
342 1329 472 1360 Hieron.
496 1328 584 1368 epist.
605 1328 633 1366 I,
648 1329 671 1359 2
693 1327 739 1359 ed.
757 1326 867 1364 Vall.):
892 1337 967 1357 nam
990 1325 1132 1367 pueriles
1157 1324 1417 1366 eontemptiones
1447 1324 1511 1366 (T;
1533 1324 1759 1356 contentiones
1782 1322 1900 1355 Moral.

254 1382 308 1413 sed
329 1381 386 1421 cfr.
410 1380 551 1412 Samson.
575 1379 693 1419 apotoy.
716 1379 765 1417 ΙΙ,
781 1380 802 1409 7
824 1378 870 1409 ed.
892 1377 1016 1409 Florae.
1039 1376 1162 1416 Esparl.
1185 1386 1268 1416 sayr.
1287 1375 1349 1414 XI,
1369 1375 1433 1406 405
1445 1377 1505 1416 sq.)
1529 1386 1586 1418 pro
1609 1375 1762 1407 doctrinis
1785 1374 1901 1417 quibus

257 1432 480 1464 dividebamur
495 1443 560 1463 non
577 1431 698 1471 odiose,
722 1430 780 1462 sed
797 1429 1037 1462 delectabiliter
1058 1427 1256 1470 epistolatim
1278 1427 1312 1458 in
1334 1427 1472 1458 invicem
1497 1428 1622 1470 egimus
1646 1430 1679 1459 et
1701 1426 1902 1458 rithmicis

256 1485 444 1517 versibus
468 1494 527 1515 nos
550 1483 702 1515 laudibus
718 1481 957 1514 mulcebamus:
982 1483 1015 1511 et
1036 1479 1098 1511 hoc
1120 1482 1190 1511 erat
1211 1478 1403 1510 exercitium
1426 1478 1519 1510 nobis
1544 1479 1640 1511 melle
1657 1478 1795 1519 suabior,
1817 1478 1902 1510 fabis

256 1538 292 1579 (i.
312 1548 335 1568 e.
360 1536 460 1576 favis)
484 1535 655 1567 iucundior
678 1537 712 1566 et
734 1534 845 1565 inante
869 1543 928 1564 nos
952 1531 1095 1574 quotidie
1125 1531 1342 1562 extendentes
1373 1531 1475 1562 multa
1504 1530 1672 1562 inadibilia
1701 1533 1838 1563 temtare
1860 1541 1903 1562 ex

258 1589 425 1620 scribturis
453 1587 585 1630 puerilis
614 1587 788 1618 immatura
810 1585 992 1617 docibilitas
1021 1584 1129 1625 coegit
1151 1581 1304 1623 (Moral.;
1326 1583 1346 1622 ll
1353 1582 1420 1624 egit
1443 1582 1483 1620 T)
1511 1583 1558 1614 ita
1583 1585 1619 1614 ut
1641 1582 1804 1618 volumina
1826 1593 1902 1614 con-

258 1641 424 1676 deremus;
459 1650 521 1682 que
561 1641 677 1681 postea
711 1641 782 1670 etas
810 1640 937 1668 matura
971 1635 1134 1668 abluenda
1164 1634 1226 1676 (T;
1253 1634 1416 1666 abolenda
1443 1634 1577 1674 Moral.)
1609 1645 1650 1666 ne
1686 1635 1719 1666 in
1753 1637 1904 1677 posteros

258 1703 427 1724 remanere
451 1691 604 1723 decrevit.
650 1689 759 1729 Neque
780 1689 863 1720 enim
877 1687 1049 1728 rhythmice
1070 1687 1196 1719 condita
1218 1689 1302 1724 sunt,
1324 1686 1379 1717 sed
1392 1686 1538 1717 metricas
1559 1688 1597 1717 ut
1610 1686 1763 1726 superbus
1776 1686 1905 1725 saepius

252 1745 421 1785 profitetur
430 1743 442 1762 ⁴
455 1743 532 1783 leyes
543 1744 719 1782 sequuntur
732 1740 875 1781 quamvis
881 1750 1019 1780 prorsus
1032 1738 1217 1779 sinyulares.
1251 1738 1393 1778 Quarum
1408 1740 1454 1769 est
1467 1737 1543 1769 haec
1554 1748 1686 1777 summa,
1701 1738 1786 1778 quod
1796 1737 1905 1770 hiatus

363 1874 389 1907 1)
409 1873 451 1900 De
468 1872 570 1899 Albaro
588 1874 649 1905 post
668 1870 753 1898 Nicol,
772 1869 920 1897 Antonium
946 1871 970 1896 et
988 1868 1073 1895 Henr.
1095 1867 1197 1894 Floree.
1218 1875 1299 1894 comes
1322 1867 1353 1894 de
1371 1866 1520 1893 Baudissin
1544 1867 1575 1893 in
1598 1866 1664 1893 libro
1685 1866 1732 1900 qm·
1752 1866 1906 1893 imcrffiitwr

260 1926 394 1960 Euloyins
424 1924 483 1951 und
506 1925 589 1950 Alvar
608 1923 719 1957 Lipsiae
737 1925 802 1949 1872
830 1923 974 1948 memoratu
1002 1920 1085 1954 diqna
1113 1919 1257 1953 conpos-ait.
1292 1919 1362 1946 Ante
1383 1923 1434 1946 848
1455 1918 1574 1945 Amaras
1599 1921 1704 1952 praeter
1727 1918 1848 1952 epistolas
1868 1917 1906 1943 ad

260 1977 392 2004 Bodonem
408 1976 502 2002 missas
519 1975 648 2002 nescimus
665 1974 729 2008 quid
747 1973 865 2007 ediderit,
883 1981 947 1999 nam
964 1971 1122 2006 speraindeo
1139 1971 1252 1998 directae
1269 1971 1428 1998 coniectanti
1444 1979 1538 1997 ansam
1555 1972 1686 2003 renuwnt,
1706 1978 1766 1996 cum
1786 1969 1906 1995 Iohanni

259 2031 349 2056 autem
366 2027 521 2062 Hispalensi
540 2035 588 2061 per
610 2027 731 2061 eyn‘stolas
755 2026 803 2059 (ed.
824 2026 927 2053 erez.
946 2026 1070 2059 Espam‘i.
1093 2032 1161 2058 soffl-
1181 2024 1241 2057 XI,
1262 2027 1294 2051 81
1311 2024 1377 2057 sqq.)
1397 2026 1458 2057 post
1475 2026 1526 2050 848
1549 2022 1709 2056 disponam
1733 2024 1759 2048 et
1780 2023 1852 2048 mat
1874 2020 1906 2047 de

260 2080 409 2107 Raudissm
434 2080 482 2113 qui
499 2079 594 2106 I—IV
614 2079 669 2105 iam
689 2082 737 2106 835
762 2078 873 2112 scriptas
900 2086 951 2104 esse
977 2077 1134 2111 suspicatum.
1171 2076 1281 2103 Etenim
1306 2078 1338 2102 ut
1361 2075 1412 2102 IV.
1436 2075 1497 2108 (Fl.
1519 2083 1548 2109 p.
1567 2075 1628 2108 146)
1652 2073 1849 2100 adnotationem
1874 2072 1907 2099 de

262 2134 402 2159 Mammete
427 2132 487 2165 (cfr.
507 2131 657 2158 Baudissin
679 2140 709 2164 p.
730 2133 776 2157 143
793 2131 858 2164 sqq.)
884 2132 908 2157 et
932 2130 962 2156 V.
987 2130 1024 2163 (p.
1043 2130 1102 2163 135)
1127 2128 1277 2163 Auqusta'mi
1299 2128 1330 2154 de
1353 2127 1455 2154 civitate
1478 2126 1519 2154 dei
1541 2127 1633 2160 libros,
1659 2126 1698 2153 ita
1716 2125 1769 2153 IV.
1791 2126 1829 2159 (p.
1844 2125 1906 2159 108)

261 2186 422 2212 clenwnstrat
439 2192 465 2210 se
488 2183 584 2218 Veryili
601 2183 741 2210 Aeneidem
759 2183 898 2216 lectitasse,
917 2190 984 2216 quae
1001 2182 1103 2219 scripta
1121 2181 1256 2215 Euzoyius
1274 2184 1324 2208 848
1341 2182 1488 2214 reppererat
1493 2190 1502 2211 ;
1530 2178 1651 2205 Teudula
1668 2180 1755 2204 autem
1771 2177 1906 2212 episctfflus

262 2237 431 2272 Hispalensis
450 2236 500 2262 IV.
518 2236 555 2270 (p.
569 2237 626 2270 123)
644 2244 702 2262 non
719 2236 793 2262 vivas
810 2235 941 2262 laudatar
958 2233 1002 2261 sed
1018 2243 1093 2261 nunc
1105 2233 1256 2267 requisitus
1270 2233 1288 2260 i.
1300 2241 1320 2259 e.
1332 2233 1410 2259 cuius
1421 2240 1495 2258 nunc
1505 2230 1632 2258 desiderio
1644 2229 1772 2257 tenemini
1783 2228 1907 2262 (videlicet

264 2289 330 2316 dum
349 2288 487 2321 Recaf'redi
506 2288 622 2321 swrorem
643 2287 770 2321 suffertis)
794 2290 818 2314 et
835 2286 930 2320 Veryili
953 2285 1029 2313 verba
1051 2285 1082 2312 in
1103 2285 1211 2319 effistola
1232 2283 1268 2310 ad
1286 2283 1388 2310 Bodon.
1407 2283 1500 2310 adlata
1523 2283 1560 2317 (p.
1577 2284 1635 2317 211)
1658 2285 1690 2309 ut
1710 2282 1758 2308 hoc
1779 2280 1909 2308 obieamo

259 2341 426 2375 praeripiam
450 2340 548 2366 Isidori
572 2339 643 2366 debet
667 2342 742 2374 etym.
763 2339 793 2365 X
799 2339 882 2372 VHI,
902 2342 923 2370 7,
942 2342 964 2365 7.
1003 2337 1046 2364 De
1067 2336 1242 2363 scintillarum
1265 2335 1330 2362 libro
1351 2335 1400 2368 cfr.
1418 2334 1517 2361 Ewald
1539 2337 1562 2361 et
1579 2334 1671 2360 Loewe
1693 2333 1798 2367 exempl.
1819 2332 1908 2366 δαίμ.

269 2393 374 2426 νίείθοι.
390 2401 418 2426 p.
429 2395 466 2418 26.
504 2392 548 2418 De
559 2391 654 2418 Albari
671 2390 834 2424 eiusdemque
848 2390 907 2417 aevi
918 2389 1104 2423 Hispanorum
1121 2387 1216 2422 linqua
1229 2387 1355 2414 Ronmna
1371 2386 1425 2413 alio
1443 2387 1497 2413 loco
1510 2386 1683 2420 peculiariter
1693 2385 1768 2412 nobis
1778 2384 1908 2419 ayendum

263 2447 300 2471 est
317 2452 350 2470 ne
367 2444 448 2470 latins
465 2443 507 2470 hic
525 2451 675 2477 evayemwr:
696 2451 756 2470 cave
773 2443 855 2477 iffl'tm·
871 2451 954 2469 causa
969 2441 1072 2469 indicta
1089 2440 1251 2468 condemnes.
1339 2441 1366 2473 2)
1387 2439 1444 2466 Ioh.
1465 2438 1501 2465 ad
1513 2438 1604 2465 Albar.
1618 2446 1647 2472 p.
1660 2441 1718 2465 142.
1803 2438 1830 2471 3)
1854 2437 1909 2464 Ubi

263 2504 295 2522 ex
314 2495 413 2529 Euloyi
430 2495 485 2521 m'ta
502 2495 576 2521 verba
590 2498 650 2528 peto
667 2498 727 2521 ntor
740 2494 851 2521 Ewaldi
869 2494 1009 2521 collatione
1025 2493 1076 2526 cfr.
1091 2492 1168 2525 infra
1175 2500 1203 2526 p.
1217 2495 1269 2518 126.
1355 2491 1384 2524 4)
1403 2490 1458 2523 Cfr.
1479 2490 1575 2517 Ebert.
1590 2489 1656 2517 (ἦα.
1670 2489 1704 2516 L.
1717 2490 1743 2517 d.
1756 2489 1798 2516 M.
1810 2489 1846 2516 A.
1864 2489 1908 2522 ΙΙ,

261 2551 316 2580 310,
330 2551 356 2578 1,·
373 2547 404 2573 in
417 2547 511 2580 mimis
529 2555 609 2573 carm.
623 2547 673 2580 IV,
692 2550 723 2573 21
741 2555 806 2580 sqq..
849 2546 951 2580 Quibus
973 2545 1034 2572 locis
1055 2544 1080 2571 si
1096 2543 1253 2571 adiunxeris
1271 2542 1342 2577 qaod
1359 2551 1380 2569 c.
1395 2542 1463 2569 XII
1481 2549 1509 2568 11
1523 2545 1546 2569 et
1560 2548 1601 2567 111
1613 2542 1650 2569 ad
1665 2541 1909 2568 eandemamussim

263 2601 344 2625 erecta
361 2601 425 2625 sunt
442 2601 521 2632 atque
539 2599 642 2625 I—XI
655 2599 777 2625 concedes
794 2607 833 2625 me
854 2599 912 2625 iwre
929 2597 1065 2625 coniecisse
1082 2596 1160 2622 etiam
1178 2595 1286 2621 I—XI
1301 2595 1334 2621 ah
1352 2595 1470 2629 Euloqio
1487 2594 1602 2621 edoctum
1618 2594 1751 2628 scripsisse
1768 2593 1908 2619 Albanam.

266 2650 341 2676 Mira
358 2658 421 2676 sane
437 2652 500 2676 sunt
517 2658 584 2683 quae
602 2650 707 2684 leqimns
728 2651 759 2676 in
778 2650 907 2677 Iohannis
924 2649 1032 2684 epistola
1049 2648 1096 2675 VI.
1108 2657 1136 2683 p.
1150 2651 1198 2674 146
1221 2646 1259 2674 ed.
1281 2646 1329 2673 Fl.
1351 2647 1409 2680 (cfr.
1430 2654 1513 2680 supra
1530 2646 1592 2672 adn.
1610 2647 1635 2680 1)
1657 2645 1680 2672 si
1702 2645 1783 2672 illum
1806 2645 1908 2671 librum

264 2702 367 2729 domini
387 2702 498 2736 Eulogii
517 2702 636 2736 dirigere
658 2711 715 2728 non
738 2702 855 2736 potestis
874 2702 919 2729 vel
942 2701 1005 2728 illas
1027 2699 1140 2727 sillabas
1163 2707 1235 2733 quae
1259 2698 1288 2725 in
1311 2698 1407 2725 ordine
1430 2700 1495 2725 sunt
1517 2698 1534 2725 i.
1554 2707 1576 2725 e.
1595 2699 1619 2724 A
1637 2698 1769 2732 sequente
1791 2696 1863 2723 illud
1881 2697 1910 2723 et

263 2754 332 2780 illud
353 2754 387 2789 [A
405 2754 506 2788 seclusi]
531 2754 694 2788 producitur
717 2755 767 2782 aut
790 2754 951 2790 corripitur,
976 2752 1105 2781 similiter
1123 2751 1145 2778 E
1163 2758 1251 2788 usque
1276 2750 1312 2778 ad
1331 2750 1355 2779 U
1374 2751 1403 2780 et
1426 2750 1557 2789 deinceps
1575 2750 1619 2777 ba.
1637 2750 1679 2777 be.
1697 2749 1735 2776 bi.
1753 2749 1798 2776 bo.
1815 2748 1862 2779 bu.
1881 2749 1910 2777 et
