<?xml version="1.0" encoding="UTF-8"?>
<!DOCTYPE html PUBLIC "-//W3C//DTD XHTML 1.0 Transitional//EN"
    "http://www.w3.org/TR/xhtml1/DTD/xhtml1-transitional.dtd">
<html xmlns="http://www.w3.org/1999/xhtml" xml:lang="en" lang="en">
 <head>
  <title>
</title>
<meta http-equiv="Content-Type" content="text/html;charset=utf-8" />
  <meta name='ocr-system' content='tesseract 3.04.00' />
  <meta name='ocr-capabilities' content='ocr_page ocr_carea ocr_par ocr_line ocrx_word'/>
</head>
<body>
  <div class='ocr_page' id='page_1' title='image "./monumentagerma03geseuoft_0391.png"; bbox 0 0 2138 3106; ppageno 0'>
   <div class='ocr_carea' id='block_1_1' title="bbox 774 136 1835 169">
    <p class='ocr_par' dir='ltr' id='par_1_1' title="bbox 774 136 1835 169">
     <span class='ocr_line' id='line_1_1' title="bbox 774 136 1835 169; baseline 0.005 -6"><span class='ocrx_word' id='word_1_1' title='bbox 774 136 972 164; x_wconf 81' lang='lat' dir='ltr'>EPICEDIUM</span> <span class='ocrx_word' id='word_1_2' title='bbox 990 137 1253 165; x_wconf 86' lang='lat' dir='ltr'><strong>HATHUMODAE.</strong></span> <span class='ocrx_word' id='word_1_3' title='bbox 1773 138 1835 169; x_wconf 87' lang='lat'>375</span> 
     </span>
    </p>
   </div>
   <div class='ocr_carea' id='block_1_2' title="bbox 304 223 1576 2609">
    <p class='ocr_par' dir='ltr' id='par_1_2' title="bbox 304 223 1576 2609">
     <span class='ocr_line' id='line_1_2' title="bbox 553 223 1316 264; baseline 0.003 -10"><span class='ocrx_word' id='word_1_4' title='bbox 553 223 607 255; x_wconf 89' lang='lat' dir='ltr'>Nil</span> <span class='ocrx_word' id='word_1_5' title='bbox 630 223 718 255; x_wconf 87' lang='lat' dir='ltr'>aliud</span> <span class='ocrx_word' id='word_1_6' title='bbox 742 223 836 255; x_wconf 86' lang='lat' dir='ltr'>nobis</span> <span class='ocrx_word' id='word_1_7' title='bbox 863 224 926 255; x_wconf 88' lang='lat' dir='ltr'>nisi</span> <span class='ocrx_word' id='word_1_8' title='bbox 949 224 1028 256; x_wconf 89' lang='lat' dir='ltr'>flere</span> <span class='ocrx_word' id='word_1_9' title='bbox 1053 235 1152 257; x_wconf 84' lang='lat' dir='ltr'>suave</span> <span class='ocrx_word' id='word_1_10' title='bbox 1177 225 1316 264; x_wconf 83' lang='lat' dir='ltr'>videtur⁷</span> 
     </span>
     <span class='ocr_line' id='line_1_3' title="bbox 597 274 1307 319; baseline 0.003 -13"><span class='ocrx_word' id='word_1_11' title='bbox 597 274 652 306; x_wconf 87' lang='lat' dir='ltr'>Nil</span> <span class='ocrx_word' id='word_1_12' title='bbox 675 275 738 306; x_wconf 92' lang='lat' dir='ltr'>nisi</span> <span class='ocrx_word' id='word_1_13' title='bbox 761 275 886 317; x_wconf 67' lang='lat' dir='ltr'>lugere,</span> <span class='ocrx_word' id='word_1_14' title='bbox 909 276 1142 318; x_wconf 76' lang='lat' dir='ltr'>plangerevel</span> <span class='ocrx_word' id='word_1_15' title='bbox 1165 287 1307 319; x_wconf 86' lang='lat' dir='ltr'>gemere.</span> 
     </span>
     <span class='ocr_line' id='line_1_4' title="bbox 555 325 1440 371; baseline 0.002 -13"><span class='ocrx_word' id='word_1_16' title='bbox 555 325 621 367; x_wconf 88' lang='lat' dir='ltr'>Sic,</span> <span class='ocrx_word' id='word_1_17' title='bbox 645 327 721 369; x_wconf 86' lang='lat' dir='ltr'>quia</span> <span class='ocrx_word' id='word_1_18' title='bbox 745 328 866 359; x_wconf 79' lang='lat' dir='ltr'>carnali</span> <span class='ocrx_word' id='word_1_19' title='bbox 889 338 1006 370; x_wconf 87' lang='lat' dir='ltr'>gressu</span> <span class='ocrx_word' id='word_1_20' title='bbox 1029 329 1092 359; x_wconf 87' lang='lat' dir='ltr'>iam</span> <span class='ocrx_word' id='word_1_21' title='bbox 1116 339 1234 371; x_wconf 84' lang='lat' dir='ltr'>nempe</span> <span class='ocrx_word' id='word_1_22' title='bbox 1258 329 1440 371; x_wconf 72' lang='lat' dir='ltr'>nequimus,</span> 
     </span>
     <span class='ocr_line' id='line_1_5' title="bbox 599 379 1388 423; baseline 0.003 -13"><span class='ocrx_word' id='word_1_23' title='bbox 599 379 710 422; x_wconf 90' lang='lat' dir='ltr'>Ipsam</span> <span class='ocrx_word' id='word_1_24' title='bbox 733 390 818 411; x_wconf 91' lang='lat' dir='ltr'>nunc</span> <span class='ocrx_word' id='word_1_25' title='bbox 842 380 961 411; x_wconf 85' lang='lat' dir='ltr'>nostris</span> <span class='ocrx_word' id='word_1_26' title='bbox 984 381 1212 423; x_wconf 85' lang='lat' dir='ltr'><strong>prosequimur</strong></span> <span class='ocrx_word' id='word_1_27' title='bbox 1234 381 1388 412; x_wconf 80' lang='lat' dir='ltr'><strong>lacrimis.</strong></span> 
     </span>
     <span class='ocr_line' id='line_1_6' title="bbox 304 428 1414 474; baseline 0.004 -14"><span class='ocrx_word' id='word_1_28' title='bbox 304 428 454 462; x_wconf 81' lang='lat' dir='ltr'><strong>AGIUS.</strong></span> <span class='ocrx_word' id='word_1_29' title='bbox 562 430 652 463; x_wconf 85' lang='lat' dir='ltr'>Rara</span> <span class='ocrx_word' id='word_1_30' title='bbox 674 431 764 471; x_wconf 87' lang='lat' dir='ltr'>satis,</span> <span class='ocrx_word' id='word_1_31' title='bbox 787 431 902 471; x_wconf 84' lang='lat' dir='ltr'>fateor,</span> <span class='ocrx_word' id='word_1_32' title='bbox 926 442 979 463; x_wconf 90' lang='lat' dir='ltr'>res</span> <span class='ocrx_word' id='word_1_33' title='bbox 1002 436 1052 463; x_wconf 86' lang='lat' dir='ltr'>est</span> <span class='ocrx_word' id='word_1_34' title='bbox 1075 435 1174 474; x_wconf 86' lang='lat' dir='ltr'>atque</span> <span class='ocrx_word' id='word_1_35' title='bbox 1198 432 1297 464; x_wconf 82' lang='lat' dir='ltr'>ardua</span> <span class='ocrx_word' id='word_1_36' title='bbox 1319 432 1414 464; x_wconf 81' lang='lat' dir='ltr'>valde</span> 
     </span>
     <span class='ocr_line' id='line_1_7' title="bbox 598 482 1237 523; baseline 0.002 -9"><span class='ocrx_word' id='word_1_37' title='bbox 598 482 640 514; x_wconf 86' lang='lat' dir='ltr'>Et</span> <span class='ocrx_word' id='word_1_38' title='bbox 664 482 725 514; x_wconf 82' lang='lat' dir='ltr'>hac</span> <span class='ocrx_word' id='word_1_39' title='bbox 748 493 784 515; x_wconf 88' lang='lat' dir='ltr'>re</span> <span class='ocrx_word' id='word_1_40' title='bbox 808 483 902 515; x_wconf 88' lang='lat' dir='ltr'>nobis</span> <span class='ocrx_word' id='word_1_41' title='bbox 927 494 990 515; x_wconf 89' lang='lat' dir='ltr'>non</span> <span class='ocrx_word' id='word_1_42' title='bbox 1013 483 1096 515; x_wconf 83' lang='lat' dir='ltr'>adeo</span> <span class='ocrx_word' id='word_1_43' title='bbox 1119 484 1237 523; x_wconf 84' lang='lat' dir='ltr'>facilis,</span> 
     </span>
     <span class='ocr_line' id='line_1_8' title="bbox 556 533 1475 578; baseline 0.003 -13"><span class='ocrx_word' id='word_1_44' title='bbox 556 533 602 566; x_wconf 89' lang='lat' dir='ltr'>Ut</span> <span class='ocrx_word' id='word_1_45' title='bbox 624 534 720 566; x_wconf 89' lang='lat' dir='ltr'>homo</span> <span class='ocrx_word' id='word_1_46' title='bbox 745 535 884 566; x_wconf 85' lang='lat' dir='ltr'>carnalis</span> <span class='ocrx_word' id='word_1_47' title='bbox 909 535 970 567; x_wconf 82' lang='lat' dir='ltr'>sibi</span> <span class='ocrx_word' id='word_1_48' title='bbox 995 546 1093 567; x_wconf 84' lang='lat' dir='ltr'>carne</span> <span class='ocrx_word' id='word_1_49' title='bbox 1116 535 1252 578; x_wconf 86' lang='lat' dir='ltr'>perinde</span> <span class='ocrx_word' id='word_1_50' title='bbox 1276 537 1475 578; x_wconf 88' lang='lat' dir='ltr'>propinquos</span> 
     </span>
     <span class='ocr_line' id='line_1_9' title="bbox 597 585 1269 630; baseline 0.001 -12"><span class='ocrx_word' id='word_1_51' title='bbox 597 585 742 618; x_wconf 84' lang='lat' dir='ltr'>Cernere</span> <span class='ocrx_word' id='word_1_52' title='bbox 768 597 927 629; x_wconf 79' lang='lat' dir='ltr'>corporea</span> <span class='ocrx_word' id='word_1_53' title='bbox 950 598 1015 619; x_wconf 88' lang='lat' dir='ltr'>non</span> <span class='ocrx_word' id='word_1_54' title='bbox 1040 588 1150 630; x_wconf 84' lang='lat' dir='ltr'>cupiat</span> <span class='ocrx_word' id='word_1_55' title='bbox 1173 588 1269 619; x_wconf 86' lang='lat' dir='ltr'>facie.</span> 
     </span>
     <span class='ocr_line' id='line_1_10' title="bbox 554 637 1473 682; baseline 0.002 -12"><span class='ocrx_word' id='word_1_56' title='bbox 554 637 629 670; x_wconf 82' lang='lat' dir='ltr'>Non</span> <span class='ocrx_word' id='word_1_57' title='bbox 653 638 759 670; x_wconf 88' lang='lat' dir='ltr'>solum</span> <span class='ocrx_word' id='word_1_58' title='bbox 783 639 942 682; x_wconf 68' lang='lat' dir='ltr'>cupimus,</span> <span class='ocrx_word' id='word_1_59' title='bbox 967 650 1047 681; x_wconf 90' lang='lat' dir='ltr'>quos</span> <span class='ocrx_word' id='word_1_60' title='bbox 1072 640 1218 671; x_wconf 87' lang='lat' dir='ltr'>novimus</span> <span class='ocrx_word' id='word_1_61' title='bbox 1242 643 1327 679; x_wconf 67' lang='lat' dir='ltr'>ante‚</span> <span class='ocrx_word' id='word_1_62' title='bbox 1351 639 1473 673; x_wconf 70' lang='lat' dir='ltr'>videre,</span> 
     </span>
     <span class='ocr_line' id='line_1_11' title="bbox 475 689 1443 732; baseline 0.002 -11"><span class='ocrx_word' id='word_1_63' title='bbox 475 701 513 721; x_wconf 73' lang='grc' dir='ltr'>ιω</span> <span class='ocrx_word' id='word_1_64' title='bbox 593 689 660 722; x_wconf 93' lang='lat' dir='ltr'>Sed</span> <span class='ocrx_word' id='word_1_65' title='bbox 683 700 812 732; x_wconf 90' lang='lat' dir='ltr'>quoque</span> <span class='ocrx_word' id='word_1_66' title='bbox 835 701 901 722; x_wconf 90' lang='lat' dir='ltr'>non</span> <span class='ocrx_word' id='word_1_67' title='bbox 925 694 1020 723; x_wconf 89' lang='lat' dir='ltr'>notos</span> <span class='ocrx_word' id='word_1_68' title='bbox 1044 701 1179 723; x_wconf 88' lang='lat' dir='ltr'>cernere</span> <span class='ocrx_word' id='word_1_69' title='bbox 1204 691 1318 723; x_wconf 85' lang='lat' dir='ltr'>crebro</span> <span class='ocrx_word' id='word_1_70' title='bbox 1343 692 1443 723; x_wconf 83' lang='lat' dir='ltr'>iuvat.</span> 
     </span>
     <span class='ocr_line' id='line_1_12' title="bbox 553 740 1312 785; baseline 0 -11"><span class='ocrx_word' id='word_1_71' title='bbox 553 740 608 774; x_wconf 84' lang='lat' dir='ltr'>Sic</span> <span class='ocrx_word' id='word_1_72' title='bbox 632 742 709 774; x_wconf 89' lang='lat' dir='ltr'>olim</span> <span class='ocrx_word' id='word_1_73' title='bbox 735 752 831 785; x_wconf 88' lang='lat' dir='ltr'>reges</span> <span class='ocrx_word' id='word_1_74' title='bbox 854 746 962 775; x_wconf 85' lang='lat' dir='ltr'>terrae</span> <span class='ocrx_word' id='word_1_75' title='bbox 985 743 1104 776; x_wconf 85' lang='lat' dir='ltr'>faciem</span> <span class='ocrx_word' id='word_1_76' title='bbox 1129 742 1312 775; x_wconf 81' lang='lat' dir='ltr'>Salomonis</span> 
     </span>
     <span class='ocr_line' id='line_1_13' title="bbox 595 793 1192 838; baseline 0.002 -13"><span class='ocrx_word' id='word_1_77' title='bbox 595 793 704 837; x_wconf 81' lang='lat' dir='ltr'>Ipsius</span> <span class='ocrx_word' id='word_1_78' title='bbox 727 794 839 827; x_wconf 86' lang='lat' dir='ltr'>audita</span> <span class='ocrx_word' id='word_1_79' title='bbox 861 796 1044 837; x_wconf 82' lang='lat' dir='ltr'>gestierant</span> <span class='ocrx_word' id='word_1_80' title='bbox 1067 795 1192 838; x_wconf 79' lang='lat' dir='ltr'>sophia.</span> 
     </span>
     <span class='ocr_line' id='line_1_14' title="bbox 554 845 1510 890; baseline 0.001 -12"><span class='ocrx_word' id='word_1_81' title='bbox 554 845 622 878; x_wconf 85' lang='lat' dir='ltr'>Sed</span> <span class='ocrx_word' id='word_1_82' title='bbox 645 847 836 879; x_wconf 75' lang='lat' dir='ltr'>meminisse</span> <span class='ocrx_word' id='word_1_83' title='bbox 859 847 965 885; x_wconf 75' lang='lat' dir='ltr'>decet,</span> <span class='ocrx_word' id='word_1_84' title='bbox 989 847 1066 890; x_wconf 89' lang='lat' dir='ltr'>quid</span> <span class='ocrx_word' id='word_1_85' title='bbox 1091 847 1257 890; x_wconf 87' lang='lat' dir='ltr'>apostolus</span> <span class='ocrx_word' id='word_1_86' title='bbox 1280 847 1356 879; x_wconf 85' lang='lat' dir='ltr'>inde</span> <span class='ocrx_word' id='word_1_87' title='bbox 1380 851 1510 880; x_wconf 84' lang='lat' dir='ltr'>retexat</span> 
     </span>
     <span class='ocr_line' id='line_1_15' title="bbox 593 897 1320 941; baseline 0 -11"><span class='ocrx_word' id='word_1_88' title='bbox 593 897 624 929; x_wconf 90' lang='lat' dir='ltr'>A</span> <span class='ocrx_word' id='word_1_89' title='bbox 648 898 758 941; x_wconf 86' lang='lat' dir='ltr'>specie</span> <span class='ocrx_word' id='word_1_90' title='bbox 782 900 889 931; x_wconf 80' lang='lat' dir='ltr'>carnis</span> <span class='ocrx_word' id='word_1_91' title='bbox 914 910 974 931; x_wconf 90' lang='lat' dir='ltr'>nos</span> <span class='ocrx_word' id='word_1_92' title='bbox 998 910 1167 932; x_wconf 83' lang='lat' dir='ltr'>removere</span> <span class='ocrx_word' id='word_1_93' title='bbox 1191 899 1320 931; x_wconf 83' lang='lat' dir='ltr'>volens:</span> 
     </span>
     <span class='ocr_line' id='line_1_16' title="bbox 473 945 1576 994; baseline 0 -13"><span class='ocrx_word' id='word_1_94' title='bbox 473 962 510 981; x_wconf 71' lang='grc' dir='ltr'>κε.</span> <span class='ocrx_word' id='word_1_95' title='bbox 548 949 629 982; x_wconf 80' lang='lat' dir='ltr'>‘Iam</span> <span class='ocrx_word' id='word_1_96' title='bbox 652 945 739 982; x_wconf 81' lang='lat' dir='ltr'>nunc</span> <span class='ocrx_word' id='word_1_97' title='bbox 763 954 893 994; x_wconf 88' lang='lat' dir='ltr'>tempus</span> <span class='ocrx_word' id='word_1_98' title='bbox 917 951 978 983; x_wconf 85' lang='lat' dir='ltr'>hoc</span> <span class='ocrx_word' id='word_1_99' title='bbox 1001 950 1072 990; x_wconf 85' lang='lat' dir='ltr'>est‚’</span> <span class='ocrx_word' id='word_1_100' title='bbox 1097 951 1202 993; x_wconf 89' lang='lat' dir='ltr'>inquit</span> <span class='ocrx_word' id='word_1_101' title='bbox 1225 953 1298 993; x_wconf 86' lang='lat' dir='ltr'>‘quo</span> <span class='ocrx_word' id='word_1_102' title='bbox 1322 950 1429 982; x_wconf 92' lang='lat' dir='ltr'>denuo</span> <span class='ocrx_word' id='word_1_103' title='bbox 1454 950 1576 982; x_wconf 91' lang='lat' dir='ltr'>nullum</span> 
     </span>
     <span class='ocr_line' id='line_1_17' title="bbox 592 1000 1264 1035; baseline 0.001 -2"><span class='ocrx_word' id='word_1_104' title='bbox 592 1000 691 1034; x_wconf 86' lang='lat' dir='ltr'>quta</span> <span class='ocrx_word' id='word_1_105' title='bbox 713 1002 876 1035; x_wconf 84' lang='lat' dir='ltr'>carnalem</span> <span class='ocrx_word' id='word_1_106' title='bbox 900 1014 997 1035; x_wconf 86' lang='lat' dir='ltr'>nosse</span> <span class='ocrx_word' id='word_1_107' title='bbox 1021 1003 1116 1035; x_wconf 86' lang='lat' dir='ltr'>decet</span> <span class='ocrx_word' id='word_1_108' title='bbox 1137 1003 1264 1035; x_wconf 87' lang='lat' dir='ltr'>faciem.</span> 
     </span>
     <span class='ocr_line' id='line_1_18' title="bbox 553 1053 1507 1098; baseline 0 -12"><span class='ocrx_word' id='word_1_109' title='bbox 553 1053 623 1086; x_wconf 74' lang='lat' dir='ltr'>Etsi</span> <span class='ocrx_word' id='word_1_110' title='bbox 646 1058 776 1098; x_wconf 87' lang='lat' dir='ltr'>tempus</span> <span class='ocrx_word' id='word_1_111' title='bbox 800 1059 872 1087; x_wconf 84' lang='lat' dir='ltr'>erat</span> <span class='ocrx_word' id='word_1_112' title='bbox 895 1055 1068 1098; x_wconf 74' lang='lat' dir='ltr'>quondam,</span> <span class='ocrx_word' id='word_1_113' title='bbox 1093 1066 1156 1098; x_wconf 95' lang='lat' dir='ltr'>quo</span> <span class='ocrx_word' id='word_1_114' title='bbox 1179 1055 1319 1098; x_wconf 87' lang='lat' dir='ltr'>denique</span> <span class='ocrx_word' id='word_1_115' title='bbox 1343 1055 1507 1087; x_wconf 81' lang='lat' dir='ltr'>Christum</span> 
     </span>
     <span class='ocr_line' id='line_1_19' title="bbox 593 1106 1261 1150; baseline 0.003 -13"><span class='ocrx_word' id='word_1_116' title='bbox 593 1106 691 1139; x_wconf 86' lang='lat' dir='ltr'>quta</span> <span class='ocrx_word' id='word_1_117' title='bbox 714 1117 905 1150; x_wconf 77' lang='lat' dir='ltr'>corpoream</span> <span class='ocrx_word' id='word_1_118' title='bbox 929 1108 1079 1139; x_wconf 86' lang='lat' dir='ltr'>novimus</span> <span class='ocrx_word' id='word_1_119' title='bbox 1102 1107 1261 1149; x_wconf 86' lang='lat' dir='ltr'>effigiem:</span> 
     </span>
     <span class='ocr_line' id='line_1_20' title="bbox 551 1157 1445 1201; baseline 0 -11"><span class='ocrx_word' id='word_1_120' title='bbox 551 1157 616 1190; x_wconf 87' lang='lat' dir='ltr'>Sed</span> <span class='ocrx_word' id='word_1_121' title='bbox 641 1159 774 1191; x_wconf 88' lang='lat' dir='ltr'>minime</span> <span class='ocrx_word' id='word_1_122' title='bbox 798 1160 890 1191; x_wconf 84' lang='lat' dir='ltr'>iuxta</span> <span class='ocrx_word' id='word_1_123' title='bbox 914 1170 1044 1192; x_wconf 85' lang='lat' dir='ltr'>carnem</span> <span class='ocrx_word' id='word_1_124' title='bbox 1070 1160 1132 1191; x_wconf 88' lang='lat' dir='ltr'>iam</span> <span class='ocrx_word' id='word_1_125' title='bbox 1156 1159 1306 1191; x_wconf 83' lang='lat' dir='ltr'>novimus</span> <span class='ocrx_word' id='word_1_126' title='bbox 1329 1159 1445 1201; x_wconf 85' lang='lat' dir='ltr'>ipsum,</span> 
     </span>
     <span class='ocr_line' id='line_1_21' title="bbox 471 1209 1482 1254; baseline 0.003 -13"><span class='ocrx_word' id='word_1_127' title='bbox 471 1222 508 1241; x_wconf 74' lang='grc' dir='ltr'>ιω</span> <span class='ocrx_word' id='word_1_128' title='bbox 588 1209 659 1243; x_wconf 87' lang='lat' dir='ltr'>Nec</span> <span class='ocrx_word' id='word_1_129' title='bbox 683 1211 776 1243; x_wconf 85' lang='lat' dir='ltr'>iuxta</span> <span class='ocrx_word' id='word_1_130' title='bbox 799 1211 974 1243; x_wconf 76' lang='lat' dir='ltr'>humanam</span> <span class='ocrx_word' id='word_1_131' title='bbox 997 1212 1184 1254; x_wconf 81' lang='lat' dir='ltr'>quaerimus</span> <span class='ocrx_word' id='word_1_132' title='bbox 1209 1211 1293 1243; x_wconf 91' lang='lat' dir='ltr'>hunc</span> <span class='ocrx_word' id='word_1_133' title='bbox 1318 1210 1482 1254; x_wconf 52' lang='lat' dir='ltr'>speciem]</span> 
     </span>
     <span class='ocr_line' id='line_1_22' title="bbox 549 1261 1468 1307; baseline 0.002 -14"><span class='ocrx_word' id='word_1_134' title='bbox 549 1261 619 1294; x_wconf 84' lang='lat' dir='ltr'>Iam</span> <span class='ocrx_word' id='word_1_135' title='bbox 643 1263 806 1306; x_wconf 84' lang='lat' dir='ltr'>siquidem</span> <span class='ocrx_word' id='word_1_136' title='bbox 830 1263 978 1296; x_wconf 83' lang='lat' dir='ltr'>Christus</span> <span class='ocrx_word' id='word_1_137' title='bbox 1002 1275 1060 1307; x_wconf 88' lang='lat' dir='ltr'>pro</span> <span class='ocrx_word' id='word_1_138' title='bbox 1083 1264 1175 1296; x_wconf 88' lang='lat' dir='ltr'>nobis</span> <span class='ocrx_word' id='word_1_139' title='bbox 1199 1267 1344 1295; x_wconf 84' lang='lat' dir='ltr'>mortuus</span> <span class='ocrx_word' id='word_1_140' title='bbox 1367 1267 1468 1296; x_wconf 85' lang='lat' dir='ltr'>extat.</span> 
     </span>
     <span class='ocr_line' id='line_1_23' title="bbox 590 1314 1245 1358; baseline 0.003 -12"><span class='ocrx_word' id='word_1_141' title='bbox 590 1314 661 1347; x_wconf 88' lang='lat' dir='ltr'>Iam</span> <span class='ocrx_word' id='word_1_142' title='bbox 685 1316 790 1347; x_wconf 85' lang='lat' dir='ltr'>carnis</span> <span class='ocrx_word' id='word_1_143' title='bbox 815 1316 950 1358; x_wconf 75' lang='lat' dir='ltr'>fragiles</span> <span class='ocrx_word' id='word_1_144' title='bbox 974 1316 1067 1348; x_wconf 83' lang='lat' dir='ltr'>exuit</span> <span class='ocrx_word' id='word_1_145' title='bbox 1090 1317 1245 1349; x_wconf 86' lang='lat' dir='ltr'>exuvias:</span> 
     </span>
     <span class='ocr_line' id='line_1_24' title="bbox 551 1366 1478 1411; baseline 0 -13"><span class='ocrx_word' id='word_1_146' title='bbox 551 1366 622 1399; x_wconf 83' lang='lat' dir='ltr'>Iam</span> <span class='ocrx_word' id='word_1_147' title='bbox 645 1367 822 1406; x_wconf 81' lang='lat' dir='ltr'>hominem,</span> <span class='ocrx_word' id='word_1_148' title='bbox 846 1379 942 1411; x_wconf 89' lang='lat' dir='ltr'>quem</span> <span class='ocrx_word' id='word_1_149' title='bbox 968 1379 1026 1411; x_wconf 89' lang='lat' dir='ltr'>pro</span> <span class='ocrx_word' id='word_1_150' title='bbox 1050 1368 1143 1400; x_wconf 88' lang='lat' dir='ltr'>nobis</span> <span class='ocrx_word' id='word_1_151' title='bbox 1168 1371 1368 1410; x_wconf 63' lang='lat' dir='ltr'>susceperat,</span> <span class='ocrx_word' id='word_1_152' title='bbox 1392 1367 1478 1398; x_wconf 84' lang='lat' dir='ltr'>ultra</span> 
     </span>
     <span class='ocr_line' id='line_1_25' title="bbox 594 1418 1316 1462; baseline -0.001 -10"><span class='ocrx_word' id='word_1_153' title='bbox 594 1418 713 1452; x_wconf 86' lang='lat' dir='ltr'>Caelos</span> <span class='ocrx_word' id='word_1_154' title='bbox 737 1419 778 1452; x_wconf 81' lang='lat' dir='ltr'>ad</span> <span class='ocrx_word' id='word_1_155' title='bbox 802 1419 951 1452; x_wconf 82' lang='lat' dir='ltr'>dextram</span> <span class='ocrx_word' id='word_1_156' title='bbox 976 1420 1143 1452; x_wconf 86' lang='lat' dir='ltr'>substituit</span> <span class='ocrx_word' id='word_1_157' title='bbox 1165 1420 1316 1462; x_wconf 84' lang='lat' dir='ltr'>patriam.</span> 
     </span>
     <span class='ocr_line' id='line_1_26' title="bbox 473 1471 1464 1514; baseline 0.001 -11"><span class='ocrx_word' id='word_1_158' title='bbox 473 1483 510 1503; x_wconf 64' lang='grc' dir='ltr'>ιω»</span> <span class='ocrx_word' id='word_1_159' title='bbox 548 1471 624 1504; x_wconf 89' lang='lat' dir='ltr'>Huc</span> <span class='ocrx_word' id='word_1_160' title='bbox 647 1473 760 1504; x_wconf 84' lang='lat' dir='ltr'>oculos</span> <span class='ocrx_word' id='word_1_161' title='bbox 785 1476 923 1513; x_wconf 78' lang='lat' dir='ltr'>vestros,</span> <span class='ocrx_word' id='word_1_162' title='bbox 948 1473 1009 1505; x_wconf 81' lang='lat' dir='ltr'>huc</span> <span class='ocrx_word' id='word_1_163' title='bbox 1034 1484 1090 1504; x_wconf 84' lang='lat' dir='ltr'>eor</span> <span class='ocrx_word' id='word_1_164' title='bbox 1113 1473 1321 1514; x_wconf 82' lang='lat' dir='ltr'>animumque</span> <span class='ocrx_word' id='word_1_165' title='bbox 1346 1473 1464 1509; x_wconf 66' lang='lat' dir='ltr'>levate,</span> 
     </span>
     <span class='ocr_line' id='line_1_27' title="bbox 595 1524 1371 1568; baseline 0.001 -12"><span class='ocrx_word' id='word_1_166' title='bbox 595 1524 677 1557; x_wconf 86' lang='lat' dir='ltr'>Illuc</span> <span class='ocrx_word' id='word_1_167' title='bbox 700 1529 812 1558; x_wconf 89' lang='lat' dir='ltr'>mente</span> <span class='ocrx_word' id='word_1_168' title='bbox 837 1526 892 1562; x_wconf 76' lang='lat' dir='ltr'>ite,</span> <span class='ocrx_word' id='word_1_169' title='bbox 919 1536 982 1568; x_wconf 91' lang='lat' dir='ltr'>quo</span> <span class='ocrx_word' id='word_1_170' title='bbox 1006 1526 1089 1558; x_wconf 86' lang='lat' dir='ltr'>hanc</span> <span class='ocrx_word' id='word_1_171' title='bbox 1114 1526 1190 1558; x_wconf 84' lang='lat' dir='ltr'>licet</span> <span class='ocrx_word' id='word_1_172' title='bbox 1213 1526 1371 1568; x_wconf 80' lang='lat' dir='ltr'>aspicere.</span> 
     </span>
     <span class='ocr_line' id='line_1_28' title="bbox 552 1575 1565 1623; baseline 0 -15"><span class='ocrx_word' id='word_1_173' title='bbox 552 1575 690 1609; x_wconf 85' lang='lat' dir='ltr'>Constat</span> <span class='ocrx_word' id='word_1_174' title='bbox 713 1577 797 1609; x_wconf 89' lang='lat' dir='ltr'>enim</span> <span class='ocrx_word' id='word_1_175' title='bbox 823 1577 906 1609; x_wconf 88' lang='lat' dir='ltr'>hanc</span> <span class='ocrx_word' id='word_1_176' title='bbox 930 1588 994 1609; x_wconf 90' lang='lat' dir='ltr'>non</span> <span class='ocrx_word' id='word_1_177' title='bbox 1018 1578 1103 1610; x_wconf 91' lang='lat' dir='ltr'>bene</span> <span class='ocrx_word' id='word_1_178' title='bbox 1128 1587 1213 1623; x_wconf 82' lang='lat' dir='ltr'>nunc</span> <span class='ocrx_word' id='word_1_179' title='bbox 1237 1577 1269 1609; x_wconf 89' lang='lat' dir='ltr'>in</span> <span class='ocrx_word' id='word_1_180' title='bbox 1293 1587 1428 1619; x_wconf 84' lang='lat' dir='ltr'>corpore</span> <span class='ocrx_word' id='word_1_181' title='bbox 1453 1578 1565 1620; x_wconf 81' lang='lat' dir='ltr'>quaeri</span> 
     </span>
     <span class='ocr_line' id='line_1_29' title="bbox 594 1628 1385 1672; baseline 0 -12"><span class='ocrx_word' id='word_1_182' title='bbox 594 1628 664 1661; x_wconf 90' lang='lat' dir='ltr'>Iam</span> <span class='ocrx_word' id='word_1_183' title='bbox 689 1639 754 1662; x_wconf 88' lang='lat' dir='ltr'>non</span> <span class='ocrx_word' id='word_1_184' title='bbox 778 1630 953 1669; x_wconf 73' lang='lat' dir='ltr'>carnalem,</span> <span class='ocrx_word' id='word_1_185' title='bbox 978 1629 1036 1662; x_wconf 91' lang='lat' dir='ltr'>sed</span> <span class='ocrx_word' id='word_1_186' title='bbox 1059 1630 1163 1672; x_wconf 85' lang='lat' dir='ltr'>magis</span> <span class='ocrx_word' id='word_1_187' title='bbox 1186 1629 1385 1668; x_wconf 71' lang='lat' dir='ltr'>aetheream,</span> 
     </span>
     <span class='ocr_line' id='line_1_30' title="bbox 551 1681 1563 1725; baseline 0.001 -12"><span class='ocrx_word' id='word_1_188' title='bbox 551 1681 638 1713; x_wconf 90' lang='lat' dir='ltr'>Dum</span> <span class='ocrx_word' id='word_1_189' title='bbox 663 1692 802 1725; x_wconf 84' lang='lat' dir='ltr'>quoque,</span> <span class='ocrx_word' id='word_1_190' title='bbox 825 1693 898 1715; x_wconf 91' lang='lat' dir='ltr'>cum</span> <span class='ocrx_word' id='word_1_191' title='bbox 921 1683 1034 1715; x_wconf 87' lang='lat' dir='ltr'>vivens</span> <span class='ocrx_word' id='word_1_192' title='bbox 1057 1683 1089 1714; x_wconf 89' lang='lat' dir='ltr'>in</span> <span class='ocrx_word' id='word_1_193' title='bbox 1113 1693 1250 1725; x_wconf 83' lang='lat' dir='ltr'>corpore</span> <span class='ocrx_word' id='word_1_194' title='bbox 1274 1682 1382 1714; x_wconf 80' lang='lat' dir='ltr'>vincta</span> <span class='ocrx_word' id='word_1_195' title='bbox 1405 1685 1563 1722; x_wconf 71' lang='lat' dir='ltr'>maneret,</span> 
     </span>
     <span class='ocr_line' id='line_1_31' title="bbox 474 1733 1278 1778; baseline 0 -12"><span class='ocrx_word' id='word_1_196' title='bbox 474 1746 511 1765; x_wconf 76' lang='grc' dir='ltr'>ιω</span> <span class='ocrx_word' id='word_1_197' title='bbox 590 1733 685 1766; x_wconf 84' lang='lat' dir='ltr'>Hanc</span> <span class='ocrx_word' id='word_1_198' title='bbox 710 1737 805 1766; x_wconf 84' lang='lat' dir='ltr'>extra</span> <span class='ocrx_word' id='word_1_199' title='bbox 827 1745 944 1778; x_wconf 91' lang='lat' dir='ltr'>corpus</span> <span class='ocrx_word' id='word_1_200' title='bbox 968 1734 1069 1766; x_wconf 82' lang='lat' dir='ltr'>affore</span> <span class='ocrx_word' id='word_1_201' title='bbox 1093 1733 1278 1766; x_wconf 83' lang='lat' dir='ltr'>viderimus.</span> 
     </span>
     <span class='ocr_line' id='line_1_32' title="bbox 551 1785 1557 1829; baseline -0.001 -11"><span class='ocrx_word' id='word_1_202' title='bbox 551 1785 694 1828; x_wconf 87' lang='lat' dir='ltr'>Spiritus</span> <span class='ocrx_word' id='word_1_203' title='bbox 718 1797 796 1829; x_wconf 86' lang='lat' dir='ltr'>ergo</span> <span class='ocrx_word' id='word_1_204' title='bbox 819 1797 898 1818; x_wconf 90' lang='lat' dir='ltr'>suus</span> <span class='ocrx_word' id='word_1_205' title='bbox 921 1787 1026 1828; x_wconf 82' lang='lat' dir='ltr'>magis</span> <span class='ocrx_word' id='word_1_206' title='bbox 1050 1789 1100 1818; x_wconf 92' lang='lat' dir='ltr'>est</span> <span class='ocrx_word' id='word_1_207' title='bbox 1123 1797 1219 1828; x_wconf 87' lang='lat' dir='ltr'>quam</span> <span class='ocrx_word' id='word_1_208' title='bbox 1244 1796 1360 1828; x_wconf 87' lang='lat' dir='ltr'>corpus</span> <span class='ocrx_word' id='word_1_209' title='bbox 1384 1785 1557 1818; x_wconf 89' lang='lat' dir='ltr'>amandum</span> 
     </span>
     <span class='ocr_line' id='line_1_33' title="bbox 591 1837 1305 1881; baseline 0 -12"><span class='ocrx_word' id='word_1_210' title='bbox 591 1837 727 1881; x_wconf 79' lang='lat' dir='ltr'>Perpes,</span> <span class='ocrx_word' id='word_1_211' title='bbox 752 1839 916 1878; x_wconf 74' lang='lat' dir='ltr'>caelestis,</span> <span class='ocrx_word' id='word_1_212' title='bbox 939 1838 1068 1870; x_wconf 85' lang='lat' dir='ltr'>vividus</span> <span class='ocrx_word' id='word_1_213' title='bbox 1091 1842 1188 1881; x_wconf 80' lang='lat' dir='ltr'>atque</span> <span class='ocrx_word' id='word_1_214' title='bbox 1212 1838 1305 1870; x_wconf 84' lang='lat' dir='ltr'>levis.</span> 
     </span>
     <span class='ocr_line' id='line_1_34' title="bbox 548 1889 1555 1933; baseline 0 -11"><span class='ocrx_word' id='word_1_215' title='bbox 548 1890 631 1922; x_wconf 84' lang='lat' dir='ltr'>Nam</span> <span class='ocrx_word' id='word_1_216' title='bbox 655 1891 749 1923; x_wconf 86' lang='lat' dir='ltr'>iuxta</span> <span class='ocrx_word' id='word_1_217' title='bbox 772 1890 859 1933; x_wconf 91' lang='lat' dir='ltr'>quod</span> <span class='ocrx_word' id='word_1_218' title='bbox 883 1891 928 1922; x_wconf 87' lang='lat' dir='ltr'>ait</span> <span class='ocrx_word' id='word_1_219' title='bbox 951 1890 1112 1929; x_wconf 81' lang='lat' dir='ltr'>dominus,</span> <span class='ocrx_word' id='word_1_220' title='bbox 1136 1900 1220 1922; x_wconf 88' lang='lat' dir='ltr'>nunc</span> <span class='ocrx_word' id='word_1_221' title='bbox 1243 1889 1289 1921; x_wconf 89' lang='lat' dir='ltr'>nil</span> <span class='ocrx_word' id='word_1_222' title='bbox 1312 1900 1388 1921; x_wconf 86' lang='lat' dir='ltr'>caro</span> <span class='ocrx_word' id='word_1_223' title='bbox 1411 1889 1555 1932; x_wconf 82' lang='lat' dir='ltr'>prodest,</span> 
     </span>
     <span class='ocr_line' id='line_1_35' title="bbox 593 1941 1322 1985; baseline -0.003 -11"><span class='ocrx_word' id='word_1_224' title='bbox 593 1942 735 1985; x_wconf 87' lang='lat' dir='ltr'>Spiritus</span> <span class='ocrx_word' id='word_1_225' title='bbox 757 1946 808 1974; x_wconf 90' lang='lat' dir='ltr'>est</span> <span class='ocrx_word' id='word_1_226' title='bbox 831 1953 917 1979; x_wconf 80' lang='lat' dir='ltr'>vero,</span> <span class='ocrx_word' id='word_1_227' title='bbox 942 1943 998 1984; x_wconf 92' lang='lat' dir='ltr'>qui</span> <span class='ocrx_word' id='word_1_228' title='bbox 1023 1942 1143 1983; x_wconf 86' lang='lat' dir='ltr'>(modo)</span> <span class='ocrx_word' id='word_1_229' title='bbox 1168 1941 1322 1974; x_wconf 79' lang='lat' dir='ltr'>vivificat.</span> 
     </span>
     <span class='ocr_line' id='line_1_36' title="bbox 471 1992 1506 2037; baseline 0.001 -12"><span class='ocrx_word' id='word_1_230' title='bbox 471 2005 508 2025; x_wconf 60' lang='grc' dir='ltr'>’ὅτι</span> <span class='ocrx_word' id='word_1_231' title='bbox 547 1994 674 2037; x_wconf 85' lang='lat' dir='ltr'>Corpus</span> <span class='ocrx_word' id='word_1_232' title='bbox 697 1994 782 2026; x_wconf 90' lang='lat' dir='ltr'>enim</span> <span class='ocrx_word' id='word_1_233' title='bbox 806 1995 876 2026; x_wconf 88' lang='lat' dir='ltr'>fore</span> <span class='ocrx_word' id='word_1_234' title='bbox 900 1997 1094 2037; x_wconf 84' lang='lat' dir='ltr'>perpetuum</span> <span class='ocrx_word' id='word_1_235' title='bbox 1118 1994 1231 2036; x_wconf 87' lang='lat' dir='ltr'>nequit</span> <span class='ocrx_word' id='word_1_236' title='bbox 1253 1996 1286 2024; x_wconf 87' lang='lat' dir='ltr'>et</span> <span class='ocrx_word' id='word_1_237' title='bbox 1308 1992 1506 2027; x_wconf 75' lang='lat' dir='ltr'>diuturnum.</span> 
     </span>
     <span class='ocr_line' id='line_1_37' title="bbox 591 2040 1308 2087; baseline -0.001 -9"><span class='ocrx_word' id='word_1_238' title='bbox 591 2045 634 2078; x_wconf 83' lang='lat' dir='ltr'>Et</span> <span class='ocrx_word' id='word_1_239' title='bbox 657 2057 732 2079; x_wconf 87' lang='lat' dir='ltr'>caro</span> <span class='ocrx_word' id='word_1_240' title='bbox 757 2047 903 2078; x_wconf 83' lang='lat' dir='ltr'>mortalis</span> <span class='ocrx_word' id='word_1_241' title='bbox 926 2051 976 2078; x_wconf 88' lang='lat' dir='ltr'>est</span> <span class='ocrx_word' id='word_1_242' title='bbox 1000 2046 1095 2078; x_wconf 88' lang='lat' dir='ltr'>simul</span> <span class='ocrx_word' id='word_1_243' title='bbox 1119 2049 1152 2078; x_wconf 89' lang='lat' dir='ltr'>et</span> <span class='ocrx_word' id='word_1_244' title='bbox 1174 2040 1308 2087; x_wconf 82' lang='lat' dir='ltr'>fragilis.</span> 
     </span>
     <span class='ocr_line' id='line_1_38' title="bbox 548 2088 1465 2142; baseline -0.003 -11"><span class='ocrx_word' id='word_1_245' title='bbox 548 2098 688 2131; x_wconf 88' lang='lat' dir='ltr'>Occidat</span> <span class='ocrx_word' id='word_1_246' title='bbox 710 2109 788 2142; x_wconf 87' lang='lat' dir='ltr'>ergo</span> <span class='ocrx_word' id='word_1_247' title='bbox 812 2099 912 2141; x_wconf 89' lang='lat' dir='ltr'>prius,</span> <span class='ocrx_word' id='word_1_248' title='bbox 935 2109 999 2140; x_wconf 92' lang='lat' dir='ltr'>quo</span> <span class='ocrx_word' id='word_1_249' title='bbox 1023 2088 1335 2140; x_wconf 64' lang='lat' dir='ltr'>deinde‘resurgere</span> <span class='ocrx_word' id='word_1_250' title='bbox 1358 2097 1465 2140; x_wconf 88' lang='lat' dir='ltr'>possit</span> 
     </span>
     <span class='ocr_line' id='line_1_39' title="bbox 589 2150 1162 2193; baseline -0.002 -11"><span class='ocrx_word' id='word_1_251' title='bbox 589 2150 860 2193; x_wconf 74' lang='lat' dir='ltr'>Incorruptibilis,</span> <span class='ocrx_word' id='word_1_252' title='bbox 884 2150 1011 2193; x_wconf 88' lang='lat' dir='ltr'>spiritui</span> <span class='ocrx_word' id='word_1_253' title='bbox 1035 2150 1162 2182; x_wconf 87' lang='lat' dir='ltr'>similis.</span> 
     </span>
     <span class='ocr_line' id='line_1_40' title="bbox 548 2201 1423 2245; baseline -0.002 -10"><span class='ocrx_word' id='word_1_254' title='bbox 548 2202 604 2235; x_wconf 90' lang='lat' dir='ltr'>Sic</span> <span class='ocrx_word' id='word_1_255' title='bbox 627 2206 661 2235; x_wconf 85' lang='lat' dir='ltr'>et</span> <span class='ocrx_word' id='word_1_256' title='bbox 683 2203 837 2235; x_wconf 84' lang='lat' dir='ltr'>frumenti</span> <span class='ocrx_word' id='word_1_257' title='bbox 861 2213 996 2245; x_wconf 81' lang='lat' dir='ltr'>granum</span> <span class='ocrx_word' id='word_1_258' title='bbox 1020 2202 1109 2245; x_wconf 90' lang='lat' dir='ltr'>prius</span> <span class='ocrx_word' id='word_1_259' title='bbox 1133 2212 1211 2234; x_wconf 83' lang='lat' dir='ltr'>arva</span> <span class='ocrx_word' id='word_1_260' title='bbox 1234 2201 1423 2234; x_wconf 87' lang='lat' dir='ltr'>recondunt.</span> 
     </span>
     <span class='ocr_line' id='line_1_41' title="bbox 471 2254 1263 2298; baseline -0.001 -12"><span class='ocrx_word' id='word_1_261' title='bbox 471 2267 508 2286; x_wconf 78' lang='lat' dir='ltr'>uo</span> <span class='ocrx_word' id='word_1_262' title='bbox 588 2254 634 2287; x_wconf 91' lang='lat' dir='ltr'>Ut</span> <span class='ocrx_word' id='word_1_263' title='bbox 657 2255 763 2298; x_wconf 80' lang='lat' dir='ltr'>possit</span> <span class='ocrx_word' id='word_1_264' title='bbox 786 2255 892 2287; x_wconf 85' lang='lat' dir='ltr'>fructu</span> <span class='ocrx_word' id='word_1_265' title='bbox 916 2265 1051 2297; x_wconf 85' lang='lat' dir='ltr'>surgere</span> <span class='ocrx_word' id='word_1_266' title='bbox 1074 2254 1263 2297; x_wconf 85' lang='lat' dir='ltr'>centuplici;</span> 
     </span>
     <span class='ocr_line' id='line_1_42' title="bbox 549 2305 1509 2350; baseline 0 -11"><span class='ocrx_word' id='word_1_267' title='bbox 549 2307 603 2339; x_wconf 88' lang='lat' dir='ltr'>Sic</span> <span class='ocrx_word' id='word_1_268' title='bbox 627 2310 700 2339; x_wconf 85' lang='lat' dir='ltr'>sata</span> <span class='ocrx_word' id='word_1_269' title='bbox 722 2317 871 2350; x_wconf 84' lang='lat' dir='ltr'>quaeque</span> <span class='ocrx_word' id='word_1_270' title='bbox 894 2317 952 2338; x_wconf 88' lang='lat' dir='ltr'>suo</span> <span class='ocrx_word' id='word_1_271' title='bbox 976 2306 1069 2338; x_wconf 89' lang='lat' dir='ltr'>modo</span> <span class='ocrx_word' id='word_1_272' title='bbox 1093 2309 1180 2337; x_wconf 86' lang='lat' dir='ltr'>terra</span> <span class='ocrx_word' id='word_1_273' title='bbox 1202 2305 1350 2338; x_wconf 84' lang='lat' dir='ltr'>recondit</span> <span class='ocrx_word' id='word_1_274' title='bbox 1373 2305 1405 2336; x_wconf 89' lang='lat' dir='ltr'>in</span> <span class='ocrx_word' id='word_1_275' title='bbox 1428 2305 1509 2339; x_wconf 75' lang='lat' dir='ltr'>alvo.</span> 
     </span>
     <span class='ocr_line' id='line_1_43' title="bbox 591 2357 1397 2402; baseline -0.004 -11"><span class='ocrx_word' id='word_1_276' title='bbox 591 2359 636 2391; x_wconf 87' lang='lat' dir='ltr'>Ut</span> <span class='ocrx_word' id='word_1_277' title='bbox 661 2359 793 2391; x_wconf 83' lang='lat' dir='ltr'>valeant</span> <span class='ocrx_word' id='word_1_278' title='bbox 815 2359 943 2402; x_wconf 86' lang='lat' dir='ltr'>frugem</span> <span class='ocrx_word' id='word_1_279' title='bbox 968 2361 1043 2401; x_wconf 86' lang='lat' dir='ltr'>post</span> <span class='ocrx_word' id='word_1_280' title='bbox 1065 2357 1143 2390; x_wconf 85' lang='lat' dir='ltr'>dare</span> <span class='ocrx_word' id='word_1_281' title='bbox 1165 2357 1397 2400; x_wconf 84' lang='lat' dir='ltr'>multiplicem;</span> 
     </span>
     <span class='ocr_line' id='line_1_44' title="bbox 549 2409 1506 2453; baseline -0.004 -9"><span class='ocrx_word' id='word_1_282' title='bbox 549 2411 603 2443; x_wconf 87' lang='lat' dir='ltr'>Sic</span> <span class='ocrx_word' id='word_1_283' title='bbox 626 2422 793 2444; x_wconf 90' lang='lat' dir='ltr'>nemorum</span> <span class='ocrx_word' id='word_1_284' title='bbox 817 2410 961 2450; x_wconf 82' lang='lat' dir='ltr'>frondes,</span> <span class='ocrx_word' id='word_1_285' title='bbox 985 2421 1068 2453; x_wconf 88' lang='lat' dir='ltr'>quae</span> <span class='ocrx_word' id='word_1_286' title='bbox 1091 2420 1167 2441; x_wconf 86' lang='lat' dir='ltr'>vere</span> <span class='ocrx_word' id='word_1_287' title='bbox 1190 2420 1272 2441; x_wconf 87' lang='lat' dir='ltr'>novo</span> <span class='ocrx_word' id='word_1_288' title='bbox 1295 2409 1506 2447; x_wconf 56' lang='lat' dir='ltr'>revirescunh</span> 
     </span>
     <span class='ocr_line' id='line_1_45' title="bbox 590 2461 1276 2506; baseline -0.001 -11"><span class='ocrx_word' id='word_1_289' title='bbox 590 2463 745 2496; x_wconf 87' lang='lat' dir='ltr'>Denudat</span> <span class='ocrx_word' id='word_1_290' title='bbox 768 2463 906 2506; x_wconf 89' lang='lat' dir='ltr'>propriis</span> <span class='ocrx_word' id='word_1_291' title='bbox 930 2463 1045 2495; x_wconf 86' lang='lat' dir='ltr'>bruma</span> <span class='ocrx_word' id='word_1_292' title='bbox 1067 2462 1155 2504; x_wconf 88' lang='lat' dir='ltr'>prius</span> <span class='ocrx_word' id='word_1_293' title='bbox 1179 2461 1276 2494; x_wconf 91' lang='lat' dir='ltr'>foliis.</span> 
     </span>
     <span class='ocr_line' id='line_1_46' title="bbox 469 2513 1298 2558; baseline -0.002 -11"><span class='ocrx_word' id='word_1_294' title='bbox 469 2528 506 2547; x_wconf 78' lang='lat'>1¹15</span> <span class='ocrx_word' id='word_1_295' title='bbox 544 2515 619 2547; x_wconf 86' lang='lat' dir='ltr'>Non</span> <span class='ocrx_word' id='word_1_296' title='bbox 642 2515 743 2558; x_wconf 87' lang='lat' dir='ltr'>igitur</span> <span class='ocrx_word' id='word_1_297' title='bbox 766 2515 850 2547; x_wconf 84' lang='lat' dir='ltr'>hanc</span> <span class='ocrx_word' id='word_1_298' title='bbox 874 2514 1001 2547; x_wconf 87' lang='lat' dir='ltr'>debetis</span> <span class='ocrx_word' id='word_1_299' title='bbox 1025 2513 1186 2546; x_wconf 87' lang='lat' dir='ltr'>deducere</span> <span class='ocrx_word' id='word_1_300' title='bbox 1210 2513 1298 2551; x_wconf 83' lang='lat' dir='ltr'>fletu,</span> 
     </span>
     <span class='ocr_line' id='line_1_47' title="bbox 589 2565 1312 2609; baseline -0.006 -10"><span class='ocrx_word' id='word_1_301' title='bbox 589 2567 664 2599; x_wconf 87' lang='lat' dir='ltr'>Non</span> <span class='ocrx_word' id='word_1_302' title='bbox 687 2567 771 2599; x_wconf 87' lang='lat' dir='ltr'>hanc</span> <span class='ocrx_word' id='word_1_303' title='bbox 795 2566 924 2599; x_wconf 89' lang='lat' dir='ltr'>debetis</span> <span class='ocrx_word' id='word_1_304' title='bbox 947 2565 1139 2609; x_wconf 86' lang='lat' dir='ltr'>prosequier</span> <span class='ocrx_word' id='word_1_305' title='bbox 1161 2565 1312 2596; x_wconf 87' lang='lat' dir='ltr'>lacrimis.</span> 
     </span>
    </p>
   </div>
   <div class='ocr_carea' id='block_1_3' title="bbox 990 2624 1703 2628">
    <p class='ocr_par' dir='ltr' id='par_1_3' title="bbox 990 2624 1703 2628">
     <span class='ocr_line' id='line_1_48' title="bbox 990 2624 1703 2628; baseline 0 0"><span class='ocrx_word' id='word_1_306' title='bbox 990 2624 1703 2628; x_wconf 95' lang='lat' dir='ltr'> </span> 
     </span>
    </p>
   </div>
   <div class='ocr_carea' id='block_1_4' title="bbox 1193 2624 1703 2628">
    <p class='ocr_par' dir='ltr' id='par_1_4' title="bbox 1193 2624 1703 2628">
     <span class='ocr_line' id='line_1_49' title="bbox 1193 2624 1703 2628; baseline 0 0"><span class='ocrx_word' id='word_1_307' title='bbox 1193 2624 1703 2628; x_wconf 95' lang='lat' dir='ltr'> </span> 
     </span>
    </p>
   </div>
   <div class='ocr_carea' id='block_1_5' title="bbox 298 2626 432 2632">
    <p class='ocr_par' dir='ltr' id='par_1_5' title="bbox 298 2626 432 2632">
     <span class='ocr_line' id='line_1_50' title="bbox 298 2626 432 2632; baseline 0 0"><span class='ocrx_word' id='word_1_308' title='bbox 298 2626 432 2632; x_wconf 95' lang='lat' dir='ltr'> </span> 
     </span>
    </p>
   </div>
   <div class='ocr_carea' id='block_1_6' title="bbox 184 2659 1827 2732">
    <p class='ocr_par' dir='ltr' id='par_1_6' title="bbox 184 2659 1827 2732">
     <span class='ocr_line' id='line_1_51' title="bbox 288 2659 1827 2694; baseline -0.002 -6"><span class='ocrx_word' id='word_1_309' title='bbox 288 2660 335 2688; x_wconf 79' lang='lat'>141</span> <span class='ocrx_word' id='word_1_310' title='bbox 355 2663 448 2688; x_wconf 80' lang='lat' dir='ltr'>saciem</span> <span class='ocrx_word' id='word_1_311' title='bbox 467 2662 492 2688; x_wconf 89' lang='lat' dir='ltr'><em>B</em></span> <span class='ocrx_word' id='word_1_312' title='bbox 516 2671 584 2689; x_wconf 79' lang='lat' dir='ltr'>corr.</span> <span class='ocrx_word' id='word_1_313' title='bbox 608 2662 658 2688; x_wconf 84' lang='lat' dir='ltr'>Pez</span> <span class='ocrx_word' id='word_1_314' title='bbox 775 2661 824 2688; x_wconf 80' lang='lat'>147</span> <span class='ocrx_word' id='word_1_315' title='bbox 849 2663 954 2688; x_wconf 77' lang='lat' dir='ltr'>eristum</span> <span class='ocrx_word' id='word_1_316' title='bbox 977 2666 1001 2687; x_wconf 77' lang='lat' dir='ltr'>et</span> <span class='ocrx_word' id='word_1_317' title='bbox 1022 2662 1058 2687; x_wconf 70' lang='lat' dir='ltr'>sic</span> <span class='ocrx_word' id='word_1_318' title='bbox 1075 2669 1173 2694; x_wconf 71' lang='lat' dir='ltr'>semper</span> <span class='ocrx_word' id='word_1_319' title='bbox 1191 2661 1216 2686; x_wconf 89' lang='lat' dir='ltr'><em>B</em></span> <span class='ocrx_word' id='word_1_320' title='bbox 1333 2659 1380 2685; x_wconf 85' lang='lat'>161</span> <span class='ocrx_word' id='word_1_321' title='bbox 1401 2669 1437 2685; x_wconf 80' lang='lat' dir='ltr'>an</span> <span class='ocrx_word' id='word_1_322' title='bbox 1456 2659 1613 2686; x_wconf 65' lang='lat' dir='ltr'>*amandus-1?</span> <span class='ocrx_word' id='word_1_323' title='bbox 1717 2659 1766 2685; x_wconf 77' lang='lat'>164</span> <span class='ocrx_word' id='word_1_324' title='bbox 1784 2660 1827 2693; x_wconf 87' lang='lat' dir='ltr'>qui</span> 
     </span>
     <span class='ocr_line' id='line_1_52' title="bbox 184 2704 818 2732; baseline -0.002 -1"><span class='ocrx_word' id='word_1_325' title='bbox 184 2705 301 2732; x_wconf 71' lang='lat' dir='ltr'>uiuiflcnt</span> <span class='ocrx_word' id='word_1_326' title='bbox 323 2705 348 2730; x_wconf 90' lang='lat' dir='ltr'><em>B</em></span> <span class='ocrx_word' id='word_1_327' title='bbox 370 2714 436 2732; x_wconf 75' lang='lat' dir='ltr'>corr.</span> <span class='ocrx_word' id='word_1_328' title='bbox 459 2706 510 2732; x_wconf 77' lang='lat' dir='ltr'>Pez</span> <span class='ocrx_word' id='word_1_329' title='bbox 614 2704 663 2731; x_wconf 78' lang='lat'>176</span> <span class='ocrx_word' id='word_1_330' title='bbox 683 2706 775 2732; x_wconf 76' lang='lat' dir='ltr'>debitis</span> <span class='ocrx_word' id='word_1_331' title='bbox 793 2705 818 2730; x_wconf 89' lang='lat' dir='ltr'><em>B</em></span> 
     </span>
    </p>
   </div>
   <div class='ocr_carea' id='block_1_7' title="bbox 290 2787 1429 2826">
    <p class='ocr_par' dir='ltr' id='par_1_7' title="bbox 290 2787 1429 2826">
     <span class='ocr_line' id='line_1_53' title="bbox 290 2787 1429 2826; baseline -0.004 -7"><span class='ocrx_word' id='word_1_332' title='bbox 290 2790 338 2820; x_wconf 83' lang='lat'>141</span> <span class='ocrx_word' id='word_1_333' title='bbox 350 2798 388 2824; x_wconf 66' lang='lat' dir='ltr'>sq.</span> <span class='ocrx_word' id='word_1_334' title='bbox 405 2791 423 2818; x_wconf 83' lang='lat'>3</span> <span class='ocrx_word' id='word_1_335' title='bbox 441 2789 504 2826; x_wconf 69' lang='lat'><em>1109.</em></span> <span class='ocrx_word' id='word_1_336' title='bbox 522 2790 547 2823; x_wconf 80' lang='lat'>4,</span> <span class='ocrx_word' id='word_1_337' title='bbox 565 2790 607 2819; x_wconf 78' lang='lat'>34.</span> <span class='ocrx_word' id='word_1_338' title='bbox 713 2791 763 2818; x_wconf 81' lang='lat'>145</span> <span class='ocrx_word' id='word_1_339' title='bbox 774 2798 826 2825; x_wconf 62' lang='lat' dir='ltr'>sqq.</span> <span class='ocrx_word' id='word_1_340' title='bbox 845 2790 862 2816; x_wconf 89' lang='lat'><strong>2</strong></span> <span class='ocrx_word' id='word_1_341' title='bbox 876 2788 993 2816; x_wconf 75' lang='lat' dir='ltr'>Corinth.</span> <span class='ocrx_word' id='word_1_342' title='bbox 1013 2789 1038 2820; x_wconf 82' lang='lat'>5,</span> <span class='ocrx_word' id='word_1_343' title='bbox 1059 2790 1098 2817; x_wconf 81' lang='lat'>16.</span> <span class='ocrx_word' id='word_1_344' title='bbox 1208 2788 1256 2815; x_wconf 87' lang='lat'>163</span> <span class='ocrx_word' id='word_1_345' title='bbox 1269 2787 1325 2815; x_wconf 78' lang='lat' dir='ltr'>Ioh.</span> <span class='ocrx_word' id='word_1_346' title='bbox 1344 2788 1368 2820; x_wconf 87' lang='lat'>6,</span> <span class='ocrx_word' id='word_1_347' title='bbox 1387 2788 1429 2815; x_wconf 84' lang='lat'>63.</span> 
     </span>
    </p>
   </div>
   <div class='ocr_carea' id='block_1_8' title="bbox 0 1923 65 3106">
    <p class='ocr_par' dir='ltr' id='par_1_8' title="bbox 0 1923 65 3106">
     <span class='ocr_line' id='line_1_54' title="bbox 0 1923 65 3106; baseline 0 0"><span class='ocrx_word' id='word_1_348' title='bbox 0 1923 65 3106; x_wconf 95' lang='lat' dir='ltr'> </span> 
     </span>
    </p>
   </div>
  </div>
 </body>
</html>
