2040 2996
0 930 7 984 ἓ

0 991 7 1003 λ,

666 145 714 171 ΑΒ
731 144 962 172 RADBERTUM
980 146 1163 174 ΑΒΒΑΤΕΜ.
1697 152 1737 183 65

606 182 617 197 Q

458 231 590 263 Glutine
615 232 667 263 vel
689 232 781 264 lento
805 232 994 264 fundamina
1018 233 1098 264 dura
1122 233 1267 265 favorum

368 289 403 308 ¹⁰⁵
456 283 598 315 Extruat
621 287 677 315 aut
700 295 835 316 croceas
859 284 1013 327 disponat
1037 286 1069 316 in
1093 285 1203 317 ordine
1229 298 1335 319 ceras:

458 335 580 367 Fervet
604 346 681 367 cura
702 336 868 378 frequens,
892 337 1025 368 adolent
1048 338 1222 379 purissima
1245 340 1343 371 mella
1367 359 1404 363 -—

459 386 514 418 Sic
537 390 582 426 tu,
605 387 700 419 dulce
725 387 836 427 decus,
861 387 970 419 divino
994 392 1108 430 captus
1133 400 1242 422 amore

458 438 545 470 Dum
569 439 674 471 cordis
698 440 830 482 speculo
854 440 1012 471 caelestia
1036 440 1106 471 sola
1129 442 1238 481 tueris,

457 490 560 523 Liber
582 491 614 522 in
639 492 778 523 excelsis
802 492 901 523 animi
924 492 1049 524 ratione
1074 493 1198 525 locatus

369 548 406 567 ¹¹⁰
458 541 591 584 Eloquii
614 543 697 574 sacri
722 543 824 574 saltus
849 546 882 574 et
905 553 1044 574 amoena
1068 544 1189 576 virecta

458 593 652 634 Pervolitas‚
677 595 763 626 vitae
787 594 908 636 liquido
933 605 1016 636 quae
1040 595 1130 627 fonte
1154 597 1259 638 rigata

459 645 612 678 Iocundis
635 649 775 678 vernant
798 646 884 678 foliis
908 650 941 677 et
963 647 1043 678 flore
1067 649 1214 688 perenni.

458 696 602 739 Quorum
626 708 698 730 rore
722 698 775 740 pio
799 698 962 729 distentus
986 698 1114 730 viscera
1137 699 1256 731 blande

331 766 336 768 >
392 756 422 759 J
450 746 673 792 ‘Exceptoque
696 760 814 781 recens
837 753 990 781 oneratus
1014 750 1148 782 brachia
1170 762 1258 790 succ,

369 806 405 825 ¹¹⁵
458 801 639 843 impatiens
663 802 806 833 animum
831 812 944 833 somno
969 802 1115 834 relevare
1140 803 1257 845 quietis

459 853 526 884 Aut
549 853 817 886 documentorum
841 858 954 886 nectar
977 852 1129 886 stillando
1153 855 1298 887 refundis

457 905 673 938 Librorumve
695 906 788 937 favos
811 916 947 949 operoso
971 907 1132 938 construis
1157 910 1242 938 actu.

457 955 502 988 Et
525 967 599 988 cum
623 957 687 989 iam
709 957 834 989 meritis
858 961 956 1000 caput
979 957 1067 989 inter
1090 957 1197 989 sidera
1220 959 1317 989 tantis

458 1007 627 1040 Extuleris
650 1009 734 1041 flavo
757 1009 926 1042 redimitus
950 1013 1098 1052 tempora
1122 1013 1219 1048 serto,

326 1060 330 1064 “
370 1067 407 1086 ¹²0
459 1060 504 1092 Ut
526 1064 559 1092 te
583 1060 701 1093 devota
724 1061 923 1093 venerentur
945 1061 1043 1093 laude
1068 1062 1230 1104 superbae

459 1112 592 1154 Imperii
616 1113 724 1144 fasces
748 1116 782 1145 et
803 1113 932 1155 fulgens
956 1113 1062 1155 gloria
1085 1114 1189 1155 regni,

457 1164 631 1196 Plausibus
652 1165 750 1207 inque
774 1165 839 1197 tuis
862 1165 1023 1208 populosa
1045 1169 1152 1197 teatra
1175 1166 1344 1202 resultent,

458 1216 597 1248 Ventosi
619 1227 796 1260 numquam
819 1218 985 1250 blanditus
1009 1219 1084 1250 folle
1108 1219 1237 1258 favoris,

460 1268 608 1312 Supplex
631 1273 729 1312 atque
753 1270 884 1302 humilis
908 1270 994 1302 felici
1022 1271 1091 1302 iure
1116 1270 1234 1302 bearis.

368 1326 405 1345 ¹²⁵
459 1320 563 1357 Quem
587 1331 661 1353 cum
685 1322 822 1364 quisque
845 1321 926 1354 adiit
949 1322 1106 1354 nebuloso
1131 1325 1262 1365 pectore
1287 1322 1398 1361 tristis,

458 1372 629 1405 Defecisse
652 1383 789 1415 gemens
813 1374 966 1406 exhausti
990 1374 1084 1406 farris
1108 1384 1271 1412 acervum,

459 1424 604 1457 Vocibus
628 1429 685 1456 aut
708 1426 852 1468 querulis
875 1427 1028 1458 incusans
1051 1426 1147 1458 sortis
1171 1426 1302 1468 iniquae
1353 1432 1355 1434 ’

459 1476 608 1508 Pondere
632 1487 668 1509 se
690 1488 838 1520 pressum
861 1477 1080 1510 miserandam
1104 1477 1222 1509 ducere
1248 1477 1358 1516 vitam,

459 1527 622 1559 Continuo
647 1528 731 1570 largi
753 1533 921 1561 recreatus
945 1539 1079 1560 munere
1104 1529 1178 1560 doni

369 1586 407 1605 1³⁰
460 1578 638 1612 Consiliive
663 1581 727 1612 cati
750 1580 870 1613 blando
894 1581 1053 1613 solamine
1077 1581 1191 1620 fretus,

459 1630 617 1664 Gaudens
642 1635 741 1675 atque
765 1633 875 1665 hilaris
899 1633 1063 1676 propriam
1087 1632 1258 1675 repedavit
1281 1632 1322 1663 ad
1346 1632 1448 1663 edem.

459 1678 619 1726 Quodque
643 1684 746 1726 magis
770 1687 886 1727 stupeo
910 1685 992 1716 mira
1014 1683 1185 1716 dulcedine
1209 1686 1338 1726 pastus:

460 1735 614 1778 Corporis
636 1737 669 1768 in
691 1739 789 1778 gestu
812 1736 941 1768 radiant
965 1736 1107 1778 insignia
1130 1735 1247 1767 mentis

459 1786 712 1830 Archanumque
735 1788 835 1820 animi
858 1788 966 1819 vultus
988 1787 1180 1819 redimicula
1203 1786 1342 1828 signant.

370 1845 407 1864 ¹³³»
461 1838 634 1871 Caesaries
657 1839 779 1871 etenim
802 1840 898 1872 niveo
922 1838 1062 1871 candore
1087 1839 1251 1870 nitescens

459 1890 652 1933 Virgineum
677 1891 767 1923 cordi
790 1891 986 1934 praepandit
1008 1891 1117 1922 inesse
1141 1889 1317 1932 pudorem;

460 1942 505 1973 At
527 1943 644 1974 rosulis
666 1943 770 1975 facies
794 1943 909 1975 similis
933 1943 1076 1974 formosa
1100 1942 1280 1973 rubescens

460 1993 620 2026 Bellantis
643 1994 753 2026 titulat
776 1995 862 2026 victo
886 1997 1039 2037 serpente
1064 1993 1236 2036 tropheum

460 2046 528 2078 Aut
549 2045 665 2079 ardore
688 2057 746 2078 suo
769 2047 916 2078 flammas
940 2047 1086 2078 imitatur
1108 2045 1242 2079 amorim

371 2104 408 2123 ¹⁴⁰
459 2097 543 2130 Nam
568 2098 657 2130 visus
681 2099 792 2142 parilis
814 2098 924 2131 ridens
948 2102 981 2130 et
1003 2098 1142 2130 honesta
1164 2096 1324 2138 voluptas,

461 2149 617 2182 Castores
640 2154 677 2182 ut
700 2150 830 2183 credam
853 2151 940 2182 laeto
964 2150 1091 2192 fulgere
1114 2149 1229 2186 nitore,

201 2291 252 2319 113
269 2293 386 2319 distentis
403 2302 470 2319 corr.
485 2294 511 2319 Ρ
595 2293 646 2320 114
663 2294 803 2319 honoratus
819 2293 844 2318 P
859 2302 926 2319 corr.
944 2293 1022 2318 Sirm.

203 2368 252 2396 104
267 2377 306 2403 q.
325 2368 372 2396 Ge.
391 2369 442 2402 IV,
463 2371 514 2397 160
529 2378 582 2404 sqq.
607 2371 637 2397 et
661 2370 768 2407 lentum
792 2369 827 2396 de
851 2369 953 2396 cortice
977 2369 1075 2402 gluten
1092 2369 1096 2400 Ι
1112 2366 1202 2400 prima
1220 2365 1291 2392 favis
1310 2366 1420 2399 ponunt
1440 2363 1616 2394 fundamina,
1642 2361 1742 2388 deinde

98 2417 209 2443 taum
223 2417 228 2450 Ι
243 2417 417 2452 suspendunt
439 2426 523 2445 ceras.
612 2419 661 2445 106
678 2418 711 2444 ὥ.
732 2419 781 2444 169
800 2417 899 2444 Fervet
922 2425 991 2450 opus
1012 2415 1196 2448 redolentque
1220 2413 1316 2446 thymo
1339 2410 1494 2446 flagrantia.
1516 2409 1613 2440 mellan
1639 2409 1673 2435 ib.
1693 2409 1743 2435 163

97 2463 247 2498 purissima
264 2464 355 2492 mella.
443 2465 493 2492 107
514 2465 590 2492 Fort.
604 2465 632 2492 0.
648 2465 702 2498 XI,
715 2467 740 2498 5,
754 2466 767 2491 1
787 2465 873 2491 Dulce
890 2463 973 2490 decus
991 2464 1124 2489 nostrum.
1212 2461 1262 2486 110
1279 2468 1300 2486 e.
1316 2467 1340 2493 y.
1360 2460 1429 2485 Aen.
1447 2458 1493 2491 VI,
1511 2458 1563 2484 638
1581 2458 1609 2483 et
1627 2464 1742 2483 amoena

98 2510 211 2539 virecta.
301 2512 350 2539 114
367 2512 416 2545 cfr.
434 2512 511 2539 Fast.
527 2512 558 2546 V,
578 2513 628 2540 169
646 2512 727 2539 Atlas
745 2520 853 2538 umeros
875 2511 1006 2538 oneratus
1025 2509 1144 2543 Olympo
1166 2510 1189 2534 et
1210 2507 1286 2540 infra
1308 2506 1346 2532 ad
1368 2514 1390 2532 v.
1410 2506 1468 2532 168.
1556 2503 1604 2530 117
1625 2502 1699 2529 Fort.
1715 2503 1742 2529 0.

106 2558 172 2592 VH,
190 2559 214 2591 7.
233 2559 266 2586 74
289 2561 401 2587 nectare
419 2559 468 2594 qni
486 2559 585 2594 plenus
603 2559 741 2586 construis
759 2568 806 2586 ore
824 2559 909 2585 favos.
998 2558 1047 2584 118
1064 2564 1101 2589 sq.
1119 2555 1164 2588 cfr.
1184 2555 1243 2581 Ed.
1257 2554 1284 2587 I,
1303 2553 1345 2580 24.
1434 2553 1483 2579 119
1501 2559 1521 2578 e.
1538 2559 1562 2585 9.
1583 2550 1628 2577 Ge.
1647 2550 1672 2583 I,
1692 2549 1743 2576 349

98 2605 244 2633 redimitus
262 2607 390 2641 tempora
406 2615 518 2640 quercu.
606 2607 655 2633 121
674 2606 722 2639 cfr.
737 2605 782 2633 Ge.
797 2605 837 2639 II,
855 2605 915 2632 495.
1005 2604 1054 2630 122
1073 2602 1122 2628 Ea:
1134 2602 1211 2628 Pont.
1224 2601 1266 2634 II,
1284 2601 1309 2634 6,
1327 2601 1362 2627 28
1379 2600 1410 2626 In
1424 2607 1541 2633 quorum
1558 2597 1671 2632 plausus
1683 2597 1744 2622 tota

99 2653 212 2680 theatra
229 2654 338 2681 nonant.
426 2654 477 2681 123
493 2653 540 2687 cfr.
558 2653 624 2680 Am.
641 2653 722 2685 VIII,
741 2653 792 2679 449
810 2651 932 2679 ventosis
951 2650 1065 2677 follibus
1083 2651 1107 2675 et
1119 2648 1244 2675 Aldhelm.
1258 2647 1331 2674 laud.
1344 2646 1405 2680 viry.
1420 2646 1461 2672 72.
1550 2645 1599 2671 125
1616 2642 1743 2670 student.

95 2700 226 2736 python&
237 2701 290 2728 893
306 2700 440 2728 nebuloso
454 2701 486 2728 in
497 2703 609 2736 pectore
621 2709 724 2728 sensus.
806 2699 856 2726 126
871 2698 916 2725 Ge.
930 2698 953 2731 Ι,
969 2697 1018 2724 185
1029 2696 1172 2730 ingentem
1184 2694 1264 2721 farris
1277 2702 1412 2721 acervom.
1494 2692 1543 2718 128
1556 2692 1622 2717 Aen.
1635 2690 1678 2723 II,
1693 2690 1743 2716 641

100 2747 254 2775 voluissent
277 2747 377 2775 ducere
399 2748 496 2775 vitam.
590 2748 637 2775 131
659 2747 767 2774 Iurene.
787 2747 814 2780 Ι,
834 2747 884 2773 139
907 2745 949 2771 Ad
974 2743 1170 2779 propriamque
1194 2741 1305 2768 domum
1331 2739 1455 2775 repedat.
1549 2739 1598 2764 132
1621 2737 1696 2764 Fort.
1716 2735 1743 2762 G'.

101 2794 154 2828 IV,
166 2795 191 2827 6,
205 2795 235 2822 11
254 2794 366 2829 placida.
383 2794 531 2822 dulcedine
549 2796 655 2829 pastus.
744 2795 793 2820 139
810 2793 856 2826 cfr.
876 2792 938 2818 Met.
952 2791 992 2825 II,
1009 2791 1033 2817 2.
1123 2790 1173 2815 140
1192 2786 1269 2815 fflst.
1283 2787 1322 2821 II,
1341 2786 1392 2814 357
1407 2786 1455 2813 sed
1472 2786 1590 2812 honesta,
1608 2784 1743 2818 voluptas.

203 2844 308 2869 Pons:
326 2850 410 2869 urm
427 2850 486 2869 mi
501 2845 626 2869 omousi
643 2843 689 2868 111.
1523 2832 1539 2858 9
