2060 3074
264 167 326 197 586

916 163 1034 190 MILON
1036 163 1067 190 IS
1087 163 1265 191 CARMINA.

549 263 586 282 315
630 250 713 282 Nam
738 250 762 281 si
787 252 915 281 sanctus
939 260 1038 281 ovans
1063 251 1218 292 correptis
1242 250 1368 282 fortiter
1390 252 1486 283 armis

545 521 582 540 320

546 779 583 799 325

543 1038 582 1058 330

545 1297 582 1316 335

545 1556 583 1575 340

545 1814 583 1833 345

627 301 775 344 Expetiit
798 302 923 332 hostem
948 312 1080 333 saevum
1104 302 1284 344 fortemque
1307 305 1476 345 tyrannum

627 353 697 384 Iam
722 353 806 384 dicto
831 353 863 384 in
887 356 1002 394 castro,
1028 364 1091 395 quo
1115 357 1190 386 tunc
1213 358 1310 397 caput
1332 356 1414 387 arcis
1437 355 1590 396 habebat,

629 405 699 441 Quo
723 406 834 447 pulsus
857 405 978 436 cunctis
1001 405 1168 437 Gallorum
1191 406 1307 438 finibus
1331 408 1407 439 olim

629 458 659 488 A
683 457 816 488 ducibus
839 457 915 488 Iesu
938 458 1035 489 variis
1057 459 1230 500 multisque
1254 459 1399 502 tropheis

627 509 782 549 Venerat,
805 512 841 540 ut
863 510 1098 550 muriS‚vfluviis
1122 511 1166 542 sic
1189 510 1331 553 undique
1355 514 1479 554 septus:

627 560 701 592 Non
723 563 833 592 tamen
855 561 910 592 ille
934 571 992 592 sua
1015 561 1182 594 fraudatus
1206 563 1348 595 funditus
1371 566 1441 595 arte
1465 567 1523 596 est.

628 612 809 644 Innumeris
833 614 953 644 etenim
976 613 1068 645 lectis
1091 614 1165 646 hinc
1187 615 1263 646 inde
1286 616 1436 658 maniplis

626 664 894 708 Principibusque
919 669 1033 708 quater
1055 667 1192 708 geminis
1215 668 1385 699 comitatus
1409 671 1442 699 et
1464 668 1534 710 ipse

628 716 755 748 Extulit
777 727 867 748 arma
890 717 977 748 foras
999 718 1192 760 laevamque
1216 729 1330 750 cruore
1352 719 1538 751 madentem

629 767 804 799 ostentans
827 769 944 800 cecinit
966 779 1082 800 saevus
1105 769 1176 801 fera
1198 770 1332 802 classica
1355 771 1476 802 cunctis

627 819 759 851 Viribus
783 823 816 851 et
838 831 982 862 pugnam
1004 821 1108 852 victus
1131 821 1307 853 vincendus
1330 822 1431 854 adivit

626 871 800 914 Promptus
823 871 866 903 ad
890 882 984 904 omne
1006 872 1127 904 malum
1151 873 1286 905 bellanti
1310 875 1454 906 cominus
1477 877 1580 906 atrox.

626 922 716 954 Exiit
737 923 812 955 hinc
833 923 928 955 bellis
951 924 1131 956 manifestis
1155 925 1268 957 obvius
1291 925 1403 966 hostis,

627 975 708 1006 Inde
732 975 814 1007 dolis
837 976 934 1007 variis
958 978 992 1008 et
1013 976 1102 1008 mille
1126 977 1287 1009 coloribus
1310 978 1434 1020 anguis.

627 1026 787 1058 Confusus
809 1027 964 1058 tremulus
986 1027 1089 1059 lassus
1112 1027 1257 1060 devictus
1282 1029 1416 1061 anhelus

628 1078 763 1110 Obstitit
786 1079 951 1111 absconsis
974 1089 1034 1121 per
1056 1082 1149 1121 terga
1171 1081 1296 1112 reflexa
1317 1081 1450 1113 venenis

627 1130 756 1162 Insidiis
779 1141 837 1162 sua
859 1130 948 1162 bella
969 1141 1097 1173 geram,
1122 1142 1185 1173 quo
1209 1132 1293 1164 forte
1316 1133 1456 1165 latenter

628 1181 817 1224 Subripiens
840 1183 963 1214 loetum
986 1193 1045 1225 per
1069 1183 1192 1225 spicula
1215 1194 1313 1216 caeca
1335 1187 1476 1227 pararet.

627 1233 712 1269 Quid
734 1234 857 1266 maiora
879 1235 1015 1277 loquar?
1039 1235 1208 1267 substratis
1230 1236 1372 1279 undique
1396 1237 1501 1277 bellis,

626 1284 785 1317 Hostibus
809 1289 842 1317 et
865 1286 962 1318 tantis
987 1286 1114 1319 Christo
1138 1287 1330 1320 moderante
1353 1289 1495 1320 subactis

627 1336 742 1369 Victor
763 1337 931 1369 Amandus
954 1348 1055 1380 agens
1079 1339 1242 1382 captivum
1264 1340 1381 1372 nobilis
1404 1350 1522 1382 agmen

628 1389 718 1421 Exiit
741 1392 774 1421 et
797 1389 939 1421 Satanae
961 1393 1119 1433 pereunte
1143 1391 1313 1434 tyrannide
1335 1392 1467 1434 plebem

627 1440 740 1472 Deluit
763 1444 896 1473 aeterno
920 1442 1036 1474 melius
1058 1442 1255 1485 baptismate
1280 1453 1378 1485 quam
1402 1443 1499 1475 Scald

626 1492 776 1525 Flumine
800 1494 967 1536 suppletus
991 1494 1086 1526 laeva
1109 1494 1149 1526 de
1174 1498 1267 1537 parte
1290 1496 1422 1527 meanti.

627 1544 670 1576 Et
692 1555 732 1576 ne
757 1545 840 1577 forte
863 1545 982 1577 iterum
1005 1545 1167 1577 redivivus
1190 1550 1338 1588 surgeret
1360 1546 1471 1587 hostis,

627 1595 789 1628 Cerberus
811 1599 911 1639 utque
935 1597 1055 1628 trifaux
1078 1597 1207 1629 fervens
1230 1598 1347 1630 ardore
1370 1598 1503 1630 vorandi

627 1646 748 1680 Contra
772 1648 980 1680 Christicolas
1004 1652 1102 1691 caput
1125 1650 1258 1681 exitiale
1281 1650 1416 1691 levaret,

627 1699 745 1731 Lorica
767 1699 844 1731 fidei
866 1701 1012 1741 vestitos,
1037 1711 1096 1743 spe
1118 1701 1268 1743 galeatos

627 1750 748 1783 Imbuit
770 1752 921 1783 instruxit
942 1752 1081 1784 firmavit
1104 1752 1325 1794 consolidavit,

628 1802 752 1834 Urbem
775 1803 940 1835 constituit
962 1805 1132 1846 turresque
1157 1804 1424 1848 erexit-opimas,

629 1854 798 1886 Praescius
822 1858 855 1886 et
877 1865 970 1886 sacra
991 1855 1024 1886 in
1046 1855 1155 1887 medio
1179 1856 1299 1888 vexilla
1321 1857 1462 1899 paravit:

627 1905 701 1937 Non
723 1906 816 1948 ignes
839 1907 972 1938 flantem
994 1908 1107 1950 patula
1130 1907 1171 1939 de
1196 1908 1289 1940 fauce
1317 1908 1503 1949 draconem,

570 1990 573 1993 ,
629 1957 696 1989 Sed
719 1959 821 1990 crucis
844 1959 996 2001 inpressit
1018 1959 1127 2001 digitis
1149 1960 1183 1991 in
1206 1960 1311 1992 fronte
1337 1961 1491 2003 figuram;

545 2073 584 2092 350

626 2009 756 2052 Proque
780 2010 879 2042 tubae
902 2011 1009 2042 sonitu
1031 2011 1196 2053 signorum
1219 2012 1314 2054 copia
1336 2012 1422 2044 facta
1446 2015 1504 2053 est,

627 2061 702 2093 Rex
723 2061 780 2094 ubi
803 2061 949 2094 Christus
971 2063 1074 2094 habet
1096 2073 1208 2095 servos
1232 2066 1426 2106 sanctosque
1449 2064 1572 2096 fideles.

671 2121 748 2152 XII.
771 2121 866 2153 Haec
889 2132 1018 2164 quoque
1043 2125 1148 2154 castra
1171 2133 1229 2154 suo
1252 2125 1327 2165 post
1350 2123 1588 2156 commendavit
1614 2124 1718 2156 amico

577 2211 579 2214 ι
627 2172 799 2205 Festinans
822 2174 901 2205 alias
924 2173 967 2205 ad
989 2177 1100 2216 partes
1122 2174 1262 2216 belliger
1283 2175 1341 2216 ire,

545 2341 583 2359 355

628 2224 734 2256 Fortis
757 2226 805 2257 uti
827 2225 956 2268 populis
980 2225 1095 2258 ductor
1116 2236 1180 2257 non
1204 2226 1331 2259 deforet
1354 2227 1431 2259 iuis:

626 2276 716 2308 Bavo
739 2277 837 2309 beate
862 2277 925 2317 dei,
949 2280 982 2309 te
1005 2287 1161 2320 praesens
1184 2278 1305 2320 pagina
1329 2278 1444 2321 signat.

627 2327 658 2359 A
682 2328 776 2369 duce,
798 2331 842 2369 tu,
866 2328 987 2360 domini
1010 2329 1174 2371 quondam
1197 2329 1372 2362 conductus
1396 2330 1547 2362 Amando

630 2379 788 2422 Sprevisti
810 2380 976 2421 mundum,
1001 2381 1132 2412 calcasti
1154 2381 1253 2419 labile
1277 2381 1430 2413 saeclum.

629 2431 766 2463 Sumens
790 2442 880 2463 arma
903 2432 1004 2464 crucis
1027 2442 1167 2475 propero
1190 2432 1276 2475 pede
1299 2433 1388 2464 bella
1410 2433 1520 2475 petisti

630 2483 679 2515 Ac
703 2483 840 2515 multum
863 2484 1001 2526 spolium
1024 2485 1205 2516 truculento
1229 2484 1270 2516 ab
1293 2484 1387 2516 hoste
1409 2485 1520 2517 tulisti.

631 2534 722 2567 Inter
745 2545 828 2577 quae
852 2535 1019 2578 praedam,
1044 2546 1141 2578 quam
1164 2535 1310 2578 gaudens
1333 2535 1467 2567 abstulit
1489 2539 1588 2579 atque

549 2599 587 2619 360
630 2587 669 2618 In
691 2597 792 2628 regno
816 2587 946 2629 proprio
970 2587 1079 2632 cupiit,
1103 2587 1129 2618 si
1153 2587 1236 2618 forte
1261 2587 1373 2619 fuisset

366 2718 418 2744 318
441 2719 511 2752 olim]
538 2721 598 2745 exul
612 2721 636 2745 A
724 2720 776 2746 323
794 2722 959 2755 Principibus
977 2725 1068 2755 quater
1081 2721 1106 2746 A
1194 2720 1245 2747 327
1268 2723 1408 2755 Prumptus
1421 2722 1452 2747 K
1501 2722 1615 2748 bellandi
1634 2722 1660 2747 V

1741 2721 1791 2748 331
1810 2723 1918 2748 Abstitit

263 2763 383 2788 abconsis
396 2762 421 2786 A
502 2762 553 2788 334
571 2764 723 2789 substractis
743 2764 768 2788 V
850 2763 900 2790 337
919 2766 999 2790 Exuit
1012 2764 1036 2789 A
1123 2763 1176 2790 338
1194 2765 1278 2790 Diluit
1291 2764 1347 2789 ΑΚ
1430 2763 1482 2790 339
1500 2763 1615 2798 flumine]
1637 2765 1666 2790 in
1683 2773 1764 2798 mar-9.
1784 2765 1853 2799 legia
1865 2765 1919 2790 KB

262 2804 315 2830 342
332 2805 473 2830 cristieolas
493 2805 516 2830 V

600 2806 651 2831 352
670 2805 715 2839 ire]
736 2808 784 2833 iste
798 2807 822 2832 A
909 2807 961 2834 358
980 2808 1100 2841 splolium
1114 2807 1138 2832 A
1225 2807 1278 2833 360
1295 2809 1368 2841 cupit
1381 2808 1406 2832 A
