2040 2996
467 114 675 143 PASSIONUM
693 115 748 143 BB.
766 116 908 144 IULIANI
927 117 974 144 ET
993 117 1179 146 SOCIORUM
1197 120 1278 148 EIUS
1297 121 1405 149 LIBER
1423 123 1478 151 III:
1732 128 1788 162 101

673 256 848 292 INCIPIT
875 257 1019 294 LIBER
1045 258 1263 298 TERTIUS.

146 340 202 362 c.1.
552 331 731 374 Angelicos
753 342 873 375 pueros
896 332 1045 365 inmensa
1069 334 1141 366 luce
1164 347 1317 370 coruscos

509 384 555 416 Ut
576 385 716 427 primum
739 384 871 426 indigno
893 387 1070 426 potuerunt
1093 397 1226 420 cernere
1250 390 1331 428 visu,

509 436 654 468 Auribus
677 436 813 478 ingratis
835 446 999 479 vocesque
1022 437 1161 470 hausere
1184 444 1328 472 sacratas

508 488 577 528 Illi,
601 498 682 530 quos
705 487 805 520 iudex
828 487 917 519 misit
939 488 1096 522 divellere
1120 501 1251 533 prunas,

438 547 450 566 ⁵
509 539 702 585 Sanctorum
725 539 850 572 cineres
873 539 994 582 rapidis
1016 543 1053 572 ut
1076 547 1246 584 spargeret
1269 545 1368 584 auris,

507 591 704 623 Exclamant
725 590 919 633 fugiuntque
943 602 1027 624 novo
1050 593 1176 635 fulgore
1198 595 1320 637 repulsi

506 643 615 686 Atque
638 646 727 675 metu
749 643 864 674 mortis
887 644 1098 676 tremulantia
1123 645 1220 678 corda
1243 650 1418 689 reportant.

505 695 608 727 Fama
630 695 720 727 volat
743 694 864 727 subito:
888 699 962 738 post
984 696 1077 738 ignes
1100 697 1209 729 vivere
1233 702 1364 731 sanctos

504 747 548 779 Et
570 747 705 779 laudare
728 746 823 779 deum
848 747 999 779 concordi
1024 758 1103 780 voce
1126 752 1303 791 potentem,

424 807 448 826 ιο
505 799 567 836 Qui
593 809 747 842 superare
770 798 860 831 dedit
882 799 1021 831 humiles
1044 800 1195 832 incendia
1223 805 1323 839 tanta,

503 851 607 883 Auxit
630 854 663 884 et
685 851 818 884 inlaesis
841 851 976 883 caelesti
998 851 1071 883 luce
1095 853 1244 886 nitorem.

504 903 549 935 At
571 902 683 946 populi
705 902 827 935 dudum
851 903 950 935 nimio
974 906 1097 936 terrore
1121 904 1223 946 fugati

505 955 672 987 converso
695 965 812 997 gressu
837 958 1032 987 concurrunt
1055 966 1190 988 cernere
1213 961 1343 989 sanctos

502 1007 727 1049 Miranturque
751 1017 863 1038 omnes
888 1017 984 1049 quam
1008 1007 1095 1039 sanis
1118 1008 1228 1040 vivere
1252 1009 1424 1046 membris;

421 1067 446 1086 ¹⁵
502 1059 701 1102 Illorumque
725 1057 823 1091 deum
846 1059 1052 1091 conclamant
1075 1060 1341 1102 omnipotentem,

502 1111 567 1148 Qui
589 1111 718 1143 salvans
740 1110 877 1152 iuvenes
900 1110 1058 1143 miracula
1079 1114 1170 1143 tanta
1192 1113 1330 1154 peregit,

500 1162 563 1199 Qui
585 1163 619 1195 in
641 1173 676 1194 se
700 1161 873 1194 credentes
896 1166 971 1206 post
993 1162 1141 1195 flammas
1165 1163 1274 1196 vivere
1298 1164 1387 1196 fecit.

500 1214 592 1246 Tunc
615 1224 728 1246 omnes
751 1213 873 1256 pariter
896 1213 1127 1257 dominumque
1151 1214 1313 1258 deumque
1337 1216 1490 1257 fatentur,

499 1266 612 1298 Victor
634 1275 729 1308 quem
754 1268 886 1297 sanctus
909 1264 1056 1297 Iulianus
1078 1266 1226 1309 predicat
1249 1270 1282 1298 et
1305 1268 1359 1310 qui

417 1325 443 1345 2⁰
500 1317 668 1350 Praestitit
689 1317 828 1348 intactos
852 1319 903 1349 ter
926 1316 1029 1349 denos
1052 1318 1105 1350 vel
1130 1328 1229 1361 super
1252 1329 1350 1350 unum

499 1369 635 1413 Ignibus
658 1379 677 1402 e
700 1368 815 1401 mediis
838 1379 955 1411 pueros
979 1368 1070 1402 exire
1094 1372 1262 1403 canentes.

131 1431 156 1453 c.
170 1432 200 1453 11.
540 1421 686 1454 Curritur
709 1423 743 1453 et
766 1421 864 1453 celeri
887 1420 1074 1453 referuntur
1097 1424 1214 1453 cuncta
1237 1422 1341 1454 relatu

496 1473 674 1506 Marciano.
720 1472 846 1505 Gressu
869 1471 982 1515 rapido
1007 1483 1080 1504 cum
1104 1473 1242 1516 coniuge
1265 1474 1319 1516 qui
1344 1484 1421 1506 mox

497 1526 640 1559 Cernere
667 1526 761 1568 signa
782 1525 872 1558 volat
894 1525 994 1558 Celsii
1017 1525 1164 1568 predicta
1186 1526 1335 1568 loquelis.
1383 1561 1385 1563 ,

413 1585 438 1605 2⁵
497 1577 578 1610 Post
601 1578 685 1610 hanc
707 1578 740 1610 in
765 1587 877 1610 vocem
899 1578 1046 1621 prorupit
1069 1578 1206 1621 pestifer
1229 1579 1361 1621 anguis:

495 1630 571 1663 ‘Per
595 1629 772 1668 dominum,
796 1629 933 1669 Iuliane,
957 1633 1046 1662 tuum
1070 1634 1102 1663 te
1125 1630 1287 1663 obtestor:
1311 1635 1356 1672 ut,
1381 1642 1400 1663 a
1423 1642 1486 1675 quo

494 1683 562 1715 Aut
584 1682 640 1715 ubi
662 1682 818 1715 virtutem
842 1685 966 1715 tantam
989 1683 1150 1726 magicam
1174 1683 1326 1723 didicisti,
1351 1703 1392 1707 —

492 1734 544 1767 Ne
567 1737 704 1778 pereant
726 1734 838 1778 populi
860 1738 1068 1778 praesentes,
1092 1735 1225 1779 pandito
1248 1735 1377 1778 palam'.

129 1793 153 1815 c.
168 1793 208 1815 111.
494 1787 632 1819 Inclitus
654 1786 737 1819 haec
761 1789 873 1818 contra
897 1786 1084 1819 venerando
1108 1788 1244 1830 protulit
1267 1798 1323 1820 ore

412 1844 437 1864 ³⁰
495 1838 619 1881 Martyr
641 1838 839 1881 evangelicis
864 1838 1021 1871 roborans
1045 1850 1105 1871 sua
1127 1839 1281 1881 dogmata
1303 1839 1426 1872 verbis:

492 1890 680 1922 ‘Auctorem
703 1890 803 1930 vitae,
827 1889 993 1922 dominum
1016 1891 1179 1934 totiusque
1202 1891 1317 1923 salutis

491 1940 647 1981 Teutana,
670 1952 816 1984 praeses,
840 1941 997 1974 miracula
1020 1946 1112 1974 tanta
1134 1946 1326 1986 patrantem.

491 1992 553 2025 Est
575 1993 696 2026 etenim
719 1996 860 2036 tempus,
884 1993 1034 2026 Christus
1057 1995 1134 2036 quia
1155 1994 1306 2037 plebibus
1329 1994 1400 2027 istis

492 2044 577 2077 Esse
601 2044 684 2077 deus
706 2055 808 2077 verax
831 2048 928 2088 atque
953 2046 1158 2089 omnipotens
1181 2046 1347 2079 doceatur.

409 2103 433 2123 ⁸⁵
491 2096 623 2129 credito
646 2107 699 2128 me
722 2097 902 2130 referente:
927 2098 1038 2130 valent
1061 2098 1142 2130 haec
1167 2098 1292 2130 discere
1317 2099 1388 2139 soli,

492 2147 555 2184 Qui
577 2148 733 2180 mundum
757 2148 884 2191 fugiunt
906 2149 1014 2181 animo
1039 2149 1182 2192 nudique
1206 2154 1363 2192 sequntur

226 2233 261 2260 46
285 2236 444 2262 Nuntiatur
467 2235 530 2261 haec
554 2235 686 2269 praesidia
702 2239 804 2261 unctos
825 2236 866 2261 dei
890 2236 976 2262 illesos
994 2236 1113 2261 omnibus
1130 2244 1259 2270 apparere.
1296 2237 1328 2262 Et
1345 2237 1429 2263 statim
1453 2246 1512 2264 cum
1530 2248 1610 2265 uxore
1627 2240 1659 2265 ad
1677 2244 1773 2273 specta-

123 2277 211 2303 culum
229 2282 348 2312 properat
364 2279 462 2304 exitum
480 2279 517 2304 rei
535 2287 697 2312 cognoscem.
733 2279 808 2304 Tunc
827 2279 853 2304 in
871 2279 921 2305 hac
939 2285 1002 2305 voce
1019 2280 1145 2313 prorupit:
1170 2280 1289 2311 ‘luliane,
1308 2280 1420 2306 obtestor
1437 2285 1462 2307 te
1480 2290 1525 2315 per
1544 2283 1620 2308 deum
1638 2287 1724 2315 tuum,
1744 2286 1773 2309 ut

123 2321 186 2346 mihi
205 2321 282 2354 dicu,
301 2322 370 2348 unde
386 2325 484 2348 tantam
502 2322 622 2348 virtutem
641 2322 823 2348 maleficiorum
841 2322 968 2348 didicisti'.
1004 2323 1034 2348 B.
1044 2323 1063 2347 1.
1081 2323 1158 2347 dixit:
1177 2322 1251 2354 ‘Quia
1269 2331 1315 2355 per
1332 2323 1408 2348 deum
1426 2324 1567 2354 (dominum
1581 2325 1615 2356 Β)
1634 2333 1718 2351 meum
1731 2334 1773 2351 me

122 2364 252 2397 adiurnati,
270 2365 316 2398 qui
333 2368 372 2391 est
389 2365 480 2390 homm
498 2365 655 2391 mirabilium
672 2369 768 2398 auctor,
786 2366 902 2397 referam,
921 2373 971 2398 quo
990 2366 1064 2391 modo
1084 2366 1163 2399 possit
1181 2366 1279 2398 mereri,
1298 2366 1342 2398 qni
1360 2367 1486 2392 desiderat
1502 2368 1563 2393 talia
1581 2369 1678 2394 discere
1697 2369 1772 2394 male-

122 2407 188 2440 fida,
206 2411 236 2433 ut
255 2406 312 2440 (sit)
331 2408 399 2434 sicut
416 2411 443 2433 et
459 2417 507 2442 ego
525 2408 603 2434 huius
619 2408 740 2434 carminis
757 2409 928 2434 sanctificator
945 2412 970 2434 et
987 2412 1090 2434 auctor:
1108 2409 1129 2433 si
1148 2409 1206 2441 quis
1218 2409 1393 2442 elaboraverit,
1412 2413 1442 2435 ut
1454 2418 1481 2435 se
1493 2411 1526 2435 ab
1539 2411 1658 2436 omnibus
1670 2412 1771 2437 actibus

236 2527 247 2560 ΙΙ
268 2527 283 2553 1
302 2529 443 2554 chorum
455 2527 486 2553 Ρ·
594 2528 625 2553 14
644 2529 756 2554 bembi-is
773 2537 840 2554 corr.
857 2528 887 2554 1²¹

234 2604 246 2636 ΙΙ
268 2605 281 2630 1
301 2603 347 2637 dr.
361 2611 435 2637 pass.
453 2604 496 2638 ΙΙ,
510 2605 567 2632 181.
678 2605 696 2631 3
713 2604 780 2631 Aen.
795 2603 846 2637 IV,
864 2605 915 2631 359
938 2612 1088 2638 vocemque
1106 2603 1150 2630 his
1167 2605 1281 2632 auribus
1300 2606 1388 2633 hausi.
1498 2606 1516 2634 8
1533 2607 1600 2634 Aen.
1625 2607 1706 2640 VIII,
1719 2607 1770 2634 554

122 2652 210 2681 Fama
236 2654 313 2682 volat
330 2674 355 2682 ..
373 2654 476 2682 subito.
586 2655 620 2682 12
642 2656 688 2688 q'r.
710 2663 783 2689 pase.
807 2656 847 2690 11,
870 2656 930 2683 302.
1034 2656 1069 2683 20
1091 2656 1138 2689 cfr.
1156 2665 1230 2690 pass.
1255 2657 1296 2690 ΙΙ,
1321 2657 1381 2685 303.
1484 2659 1519 2686 25
1544 2658 1700 2686 Gotmcalc.
1725 2668 1769 2693 ap.

121 2704 258 2732 Μωυσέα.
276 2705 309 2732 de
327 2706 360 2734 G.
378 2709 402 2733 d
419 2706 533 2733 Mami.
552 2706 662 2741 Erigon.
680 2709 794 2735 commu.
813 2715 842 2741 1³·
861 2707 950 2739 103‚·1,
963 2707 978 2733 7
998 2707 1112 2741 pestifer
1128 2707 1229 2741 anguis
1246 2707 1277 2734 ‹le
1298 2708 1407 2735 diabolo.
1494 2710 1528 2736 28
1545 2710 1591 2742 cfr.
1600 2718 1671 2744 pass.
1688 2710 1725 2744 ΙΙ,
1736 2710 1770 2737 39

120 2756 172 2791 IV,
191 2758 224 2784 13
241 2760 263 2784 d
281 2758 324 2786 25.
428 2759 461 2786 31
482 2759 587 2786 Iutem.
607 2759 666 2793 ΙΙΙ,
685 2759 738 2785 503
756 2759 827 2786 Huic
845 2761 943 2786 auctor
962 2759 1036 2786 vitan
1053 2759 1084 2785 de
1103 2759 1212 2785 (ilariaco.
