2040 2996
857 135 1083 164 PROOEMIUM.
1738 142 1791 169 VII

258 306 335 343 EX
358 304 730 342 PRAEFATIONE
754 305 826 340 AD
854 304 1077 340 PARTEM
1101 305 1344 341 PRIOREM
1365 307 1675 353 (paq1—264).

247 421 255 429 .
275 421 283 429 .
305 420 313 428 .
341 390 630 427 Praemwnivcrat
674 390 766 425 viam
813 389 985 424 Eruestus
1024 389 1220 425 Duemmler
1266 403 1340 427 cum
1380 394 1542 437 priorum
1579 394 1790 430 voluminum

143 457 296 503 exemplo
331 460 403 492 tum
435 456 588 492 codicum
619 454 707 490 mole
740 455 778 489 in
809 453 868 497 N(
868 465 945 489 eues
945 454 968 497 )
992 453 1146 497 A(rcliiv
1181 454 1208 498 f.
1238 455 1360 491 aelterc
1391 457 1423 491 d.
1454 457 1699 502 Geschicbtsk.)
1733 458 1796 494 IV

143 522 219 558 295
237 533 311 567 sqq.
339 523 491 566 conqesta
517 522 548 555 et
573 519 647 563 fere
675 519 823 564 diqesta5
850 530 957 563 neque
983 519 1092 554 edenti
1110 520 1263 554 comitem
1289 532 1325 555 se
1349 521 1524 566 abncqavit
1551 525 1581 557 et
1607 524 1679 567 ipse
1697 526 1790 568 typo-

143 587 309 623 thetarum
340 596 474 621 errores
502 583 672 629 expellens
702 586 915 628 ceterumque
944 594 1015 618 non
1049 584 1138 618 nihil
1169 585 1251 619 mibi
1275 585 1551 621 subministrans.
1604 587 1790 623 Praeterea

142 651 292 687 Manilii
321 651 360 686 in
384 649 557 695 plurimos
590 649 709 684 horwm
745 648 979 692 versificorum
1018 648 1257 693 supellectilem
1290 651 1373 685 mihi
1405 651 1566 695 tradidit,
1602 663 1705 697 quam
1732 652 1791 688 ille

89 756 105 765 ,
145 726 353 763 quamquam
371 701 634 759 laryius‘quafm
645 713 863 758 prudentius,
885 716 1075 758 paraverat
1097 716 1209 748 tamen
1235 714 1329 749 haud
1346 715 1569 759 abiciendam,
1596 728 1664 761 qua
1680 717 1791 751 recisa

89 770 116 792 ‘⁸
143 791 166 815 a
191 791 244 815 me
271 782 303 815 et
330 778 489 824 suppleta
514 777 772 814 subnotaremus
797 775 912 822 ‘quam
940 775 1050 821 lepide
1076 775 1186 816 λέξεις
1204 781 1393 822 compostae
1422 782 1458 813 ut
1475 780 1654 814 tesserulae
1679 791 1791 815 omnes

145 847 220 880 arte
239 844 433 890 pavimenti
459 846 560 889 atque
585 842 779 878 emblemate
808 842 1070 877 vermiculato'⁴.
1100 870 1107 877 .
1128 870 1135 877 .
1158 870 1165 877 .

245 921 428 957 Monachii
453 921 544 967 Sept.
563 921 670 956 1886.

253 1102 328 1138 Ex
361 1101 735 1138 PRAEFATIONE
766 1101 838 1137 AD
871 1100 1203 1136 FASCICULUM
1232 1100 1477 1136 PRIOREM
1504 1101 1689 1137 PARTIS

638 1169 901 1206 ALTERIUS
924 1171 1024 1216 (paq.
1052 1171 1303 1214 265—517).

246 1283 255 1291 .
270 1283 279 1291 .
294 1283 303 1291 .
333 1255 450 1301 Neque
475 1256 659 1302 quicquam.
686 1255 811 1301 reliqui
847 1266 918 1291 esse
943 1256 1064 1301 sentio,
1100 1257 1171 1291 nisi
1204 1259 1241 1291 ut
1264 1256 1400 1302 publice
1426 1259 1579 1302 referam
1602 1258 1733 1303 qratias
1760 1286 1790 1294 ..

145 1320 317 1368 Leopoldo
335 1319 475 1365 Deli-sle,
497 1320 834 1367 palaeoqraphorwm
860 1321 968 1356 nostri
994 1321 1068 1356 aeui
1091 1321 1198 1366 facile
1211 1321 1375 1367 principi,
1403 1322 1500 1356 cuius
1517 1333 1703 1367 numquam
1729 1333 1791 1357 nos

141 1385 313 1431 deficienti
349 1397 454 1431 opera
484 1385 586 1420 etiam
622 1385 660 1420 id
680 1387 862 1431 provisum
890 1389 954 1430 est,
986 1396 1029 1421 ue
1059 1385 1252 1430 Anqilbcrti
1285 1397 1421 1421 carmen
1449 1397 1471 1420 a
1498 1385 1688 1422 Mabilione
1713 1386 1791 1421 olim

141 1450 269 1486 editum
285 1451 324 1486 in
342 1450 402 1486 hoc
418 1449 574 1486 volumen
589 1450 822 1486 admitteretur
829 1454 970 1497 praeter
987 1453 1178 1495 temporum
1195 1451 1361 1486 rationem
1367 1448 1393 1494 ²;
1415 1450 1559 1495 Georqio
1573 1451 1790 1495 Laubmann,

140 1517 280 1550 nostrae
306 1514 524 1550 bibliothecae
544 1515 733 1561 praefecto,
759 1516 858 1551 cuius
884 1516 922 1551 in
947 1515 1124 1561 largiendo
1152 1515 1208 1550 cui
1229 1518 1370 1559 praeest
1395 1515 1554 1550 thesauro
1578 1515 1664 1560 plus
1691 1526 1792 1560 quam

140 1576 272 1615 civilem
306 1577 547 1614 liberalitatem
581 1578 712 1614 dudum
752 1590 870 1615 memus
904 1581 1049 1626 experti,
1090 1579 1209 1624 quiqui
1244 1580 1386 1615 vivimus
1426 1580 1463 1614 in
1499 1579 1596 1614 libris
1602 1592 1615 1623 ;
1656 1579 1792 1614 Domno

138 1641 284 1687 Amaci,
322 1643 483 1679 monacho
517 1642 712 1687 Gasinonsi,
749 1645 809 1690 qui
842 1644 881 1680 in
907 1644 1090 1680 Bertharii
1120 1644 1294 1690 poematis
1328 1644 1467 1679 edendis
1496 1643 1707 1689 permultum
1741 1655 1792 1678 me

139 1706 275 1749 adiuvit
291 1706 460 1743 codicibus
483 1706 616 1753 aliquot
635 1707 880 1743 Cannensibus
901 1711 932 1743 et
954 1707 1170 1743 indicatiset
1191 1709 1388 1753 descriptis,-
1414 1708 1560 1753 Iosepho
1584 1707 1792 1753 fumagalli,

139 1769 395 1807 bibliothecario
413 1770 678 1816 Mediolanensi,
705 1771 764 1818 qui
781 1772 954 1809 Dudovici
979 1773 1197 1818 imperatoris
1215 1773 1437 1818 epitaphium,
1465 1785 1533 1818 qua
1559 1775 1607 1808 est
1625 1773 1790 1815 comitate,

140 1835 188 1871 ad
213 1834 364 1882 lapidem
389 1836 474 1872 mibi
499 1836 641 1872 contulit
664 1838 942 1882 acwatissime;
972 1837 1141 1873 Gulielmo
1173 1838 1316 1883 denique
1340 1837 1489 1872 Harster
1512 1849 1541 1872 v.
1560 1848 1598 1881 c.,
1625 1838 1684 1882 qui
1711 1837 1792 1871 dum

138 1898 322 1936 vohmeinis
346 1900 450 1936 huius
475 1901 637 1947 volyandi
662 1912 787 1937 manus
807 1902 924 1947 primo
951 1901 1043 1937 solus
1069 1901 1207 1937 sustinet
1231 1912 1337 1946 omne,
1363 1903 1434 1935 tum
1461 1900 1676 1945 aliquamdiu
1701 1901 1791 1935 inter

139 1975 204 2000 noe
229 1965 417 2011 partitum,
452 1965 608 2002 Miconis
640 1966 790 2002 codicem
822 1966 1074 2011 Erlanqenscm
1111 1969 1142 2001 ct
1173 1965 1306 2001 Heirici
1331 1965 1532 2000 Parisinum
1566 1964 1719 2007 contulit,
1753 1965 1791 1999 in

139 2025 363 2066 Carminibus
394 2030 651 2067 centulensibus
686 2031 752 2076 (cf.
779 2030 880 2075 infra
906 2043 988 2077 paq.
1011 2030 1086 2066 265
1115 2033 1146 2066 ct
1172 2030 1272 2073 273)
1303 2032 1334 2065 et
1358 2029 1442 2074 Aqii
1467 2029 1615 2074 Dialoqo
1643 2028 1791 2074 perbene

139 2093 308 2130 normulla
334 2094 489 2131 distm‘cit
515 2098 616 2141 atque
643 2096 846 2140 emendavit,
876 2095 1042 2142 plaqulas
1069 2107 1091 2130 a
1111 2106 1194 2140 paq.
1217 2095 1294 2130 279
1320 2095 1368 2129 ad
1393 2095 1465 2129 369
1491 2105 1620 2129 mecum
1648 2092 1792 2128 correxit

141 2185 150 2194 .
170 2185 179 2194 .
206 2159 331 2204 quique
362 2155 595 2205 ὁμοιοτήτων
626 2160 805 2196 colluviem
841 2173 863 2196 a
890 2161 944 2196 M.
963 2159 1114 2195 Manitio
1145 2160 1183 2194 in
1218 2159 1344 2203 Ayium
1375 2161 1406 2193 et
1430 2158 1607 2193 Heiricum
1636 2157 1788 2202 quamvis

140 2221 305 2259 laboriose
331 2227 519 2270 congestam
545 2225 679 2261 monitu
703 2236 775 2260 meo
801 2225 873 2259 iam
893 2225 999 2270 prius
1017 2225 1171 2268 coeperat
1193 2233 1347 2267 purqare
1374 2233 1476 2266 quam
1502 2221 1575 2266 ipse
1592 2223 1695 2256 totam
1718 2220 1791 2264 fere

139 2287 350 2334 &pellerem
380 2315 388 2324 .
409 2315 418 2324 .
439 2315 448 2324 .

242 2373 424 2410 Monacbii
448 2373 527 2418 Iun.
551 2375 666 2411 1892:

244 2525 271 2560 1)
294 2525 389 2554 Euam
410 2526 566 2553 mnam
587 2526 720 2560 poeticum
743 2535 760 2552 a
783 2525 815 2552 L.
837 2525 980 2560 Quichena
1003 2525 1150 2557 collectum,
1178 2525 1207 2549 ut
1230 2530 1286 2556 par
1314 2525 1384 2555 erat,
1411 2521 1530 2548 adhibui.
1617 2522 1645 2555 2)
1673 2520 1712 2553 Cf.
1735 2520 1788 2546 Ab·

139 2575 314 2611 handhmaon
331 2576 378 2604 dor
393 2576 418 2604 k.
436 2577 524 2612 ὑπνοῖ.
542 2577 686 2604 Akademie
703 2577 753 2604 der
774 2577 852 2604 Wies.
870 2577 892 2604 Ι.
912 2577 950 2604 01.
969 2579 1028 2604 tom.
1043 2576 1124 2603 XIX
1137 2578 1210 2609 part.
1224 2575 1260 2601 II
1268 2583 1331 2609 paq.
1343 2578 1393 2601 322
1410 2582 1464 2608 sqq.
