2040 2996
280 136 336 166 152
853 129 997 157 SEDULII
1015 130 1144 158 SCOTTI
1162 129 1337 157 CARMINA.

274 220 452 260 aenzifflnata
487 218 615 259 proloyo
634 218 811 258 praemisso
840 218 1052 249 139¹—141¹.
1100 215 1155 247 Ex
1182 216 1285 248 codice
1311 216 1462 248 Palatino
1491 215 1655 248 Sedulium
1674 215 1802 255 primus
1823 215 1921 246 edidit

275 271 416 311 Anqclus
442 271 556 302 Maius
584 269 694 310 Spicil.
723 269 812 301 Rom.
838 268 932 307 VIII,
953 269 1069 299 1-69
1097 268 1270 299 secundum
1296 278 1387 308 quem
1409 267 1644 307 exprimendum
1665 267 1789 299 curavit
1811 267 1921 307 Miyne

268 322 384 362 patrol.
422 321 513 354 CIII.
574 321 699 353 Prioris
738 320 885 352 editionis
922 330 978 351 nec
1011 319 1126 350 Maius
1165 329 1262 359 neque
1303 330 1355 360 eqo
1397 319 1559 360 diliyenter
1591 318 1788 359 explorantes
1819 318 1921 350 ullum

274 373 446 414 cxenwlum
467 373 602 413 reperire
618 373 791 413 potuimuS,
815 374 852 403 ut
867 371 1039 403 Fabricius
1061 370 1328 411 Schoettyeniusve
1350 381 1454 403 errore
1476 371 1559 411 lapsi
1580 381 1644 403 esse
1666 371 1842 409 videantur,
1864 370 1921 410 qui

273 426 405 457 tradunt
419 424 591 458 ‘Sedulium
613 425 650 456 de
669 424 839 456 rectoribus
858 422 1051 455 Christianis
1072 425 1101 454 et
1123 423 1373 455 convenientibus
1394 422 1519 464 requlis,
1542 423 1656 463 quibus
1678 425 1723 454 est
1744 421 1920 463 respublica

274 478 333 509 rite
352 477 558 518 yubernanda
581 476 711 516 Lipsiae
733 476 826 506 1619.
842 475 877 506 8’
893 475 1060 514 prodiisse.

379 529 427 561 II.
465 529 554 560 Inter
576 528 694 560 codices
715 537 736 558 a
751 526 883 558 Nicolao
903 525 1029 558 Gasano
1051 526 1240 558 xenodochio
1264 526 1306 558 ἰδ’.
1323 526 1450 558 Nicolai
1467 537 1566 567 prope
1586 526 1703 559 Gusam
1724 526 1760 558 in
1782 525 1920 566 opposito

281 579 471 612 Orsieastelli
493 580 528 611 in
550 580 623 619 ripa
635 578 786 611 Mosellae
807 578 881 610 sito'
904 578 1035 609 donatos
1057 580 1207 617 quattuor
1230 578 1371 618 equidem
1393 578 1465 610 novi
1486 578 1609 610 saeculo
1626 578 1709 611 XII.
1732 578 1835 610 eodem
1857 576 1920 609 loco

276 633 311 663 ni
332 631 427 671 fallor
454 631 493 663 ab
520 631 631 663 iisdem
652 630 764 662 scribis
786 632 933 662 exaratos
955 630 1089 662 codicem
1115 640 1202 661 nunc
1224 629 1462 662 Bruxellensem
1489 631 1660 662 3819-20
1683 628 1920 661 Bruxellensem

273 684 464 715 11196-97
485 682 724 715 Bruxellensem
740 682 953 713 10615-729
976 681 1040 713 cod.
1065 681 1246 713 etiamnunc
1276 681 1439 714 Gasanum
1465 681 1498 714 G.
1515 683 1556 713 14
1577 681 1630 723 (de
1657 692 1718 721 quo
1737 681 1799 712 Ios.
1821 680 1921 712 Klein

272 735 364 767 ucber
385 735 453 767 eine
473 735 519 766 hs.
543 734 596 766 des
618 733 719 766 Nicol.
744 744 770 765 v.
799 733 879 766 Oues
898 733 985 765 Berl.
1003 734 1088 764 1866
1103 743 1139 773 p.
1157 735 1177 764 6
1199 735 1228 765 et
1250 733 1440 765 Duemmler.
1464 733 1594 765 Anselm
1616 733 1671 765 der
1691 731 1921 773 Peripatetilcer

272 786 366 819 Halle
381 788 466 818 1872
481 797 516 826 p.
529 788 551 818 3
565 786 635 826 sq.)
681 785 789 826 Neque
812 787 916 817 tamen
938 785 1022 817 unde
1038 785 1241 825 provenerint
1263 785 1329 825 ipse
1350 786 1423 824 scio,
1446 785 1625 817 coniectura
1647 784 1761 816 Kleini
1782 786 1828 816 est
1847 794 1920 816 con—

271 839 425 871 tendentis
451 838 613 871 Gasanum
640 836 671 870 Ο.
688 839 729 868 14
755 837 909 877 scriptum
938 848 1001 869 esse
1028 837 1064 868 in
1090 837 1225 877 quodam
1253 837 1441 869 monasterio
1467 837 1598 869 Gallico.
1643 837 1794 869 Fortasse
1815 838 1921 868 autem

273 902 376 923 verum
403 890 582 922 inveniendi
608 900 720 921 ansam
747 889 868 921 dabunt
894 889 986 921 verba
1015 889 1050 920 in
1072 889 1216 921 Bruxell.
1239 890 1343 920 10615
1365 900 1430 930 sqq.
1457 889 1510 929 fol.
1529 891 1581 920 71¹
1604 888 1658 921 col.
1683 890 1702 920 1
1729 887 1813 921 Giris
1833 888 1920 928 fray-

271 945 371 974 mento
394 954 418 974 s.
437 942 519 975 XII.
543 953 589 974 ex.
613 942 827 982 superscripta
849 941 888 973 ab
911 941 1047 973 Aemilio
1073 940 1188 973 Grosse
1209 941 1400 974 Fleckeisen.
1423 941 1532 973 annal.
1550 942 1634 972 1869
1651 952 1686 980 p.
1703 941 1768 972 276
1789 939 1870 971 male
1892 941 1921 971 et

271 994 349 1026 lecta
371 997 400 1026 et
422 994 592 1026 intellecta:
615 993 759 1036 ((q)uo)d
781 992 842 1035 i(n)
866 992 1035 1035 Virg(ilio)
1059 993 1193 1035 s(ancti)
1218 993 1400 1036 Euch(erii)
1425 992 1546 1036 dee(st)
1569 993 1631 1035 i(n)
1647 990 1762 1034 lib(ro)
1779 989 1918 1034 Cirris<‚)

271 1047 324 1078 hic
355 1050 415 1079 est.
470 1046 556 1078 Nam
585 1046 658 1078 hinc
688 1046 724 1077 in
756 1045 959 1077 Treverorum
985 1045 1178 1076 vicinitatem
1205 1045 1280 1077 duci
1302 1045 1452 1078 videmur.
1501 1046 1587 1086 Quae
1610 1044 1716 1077 omnia
1737 1044 1806 1075 ideo
1821 1053 1919 1084 prae-

271 1099 344 1130 misi
367 1098 445 1138 quia
467 1099 503 1130 in
525 1098 627 1130 codice
643 1097 847 1129 Bruxellensi
863 1096 1076 1128 10615-729
1098 1097 1154 1137 qui
1176 1098 1313 1129 continet
1334 1098 1430 1129 medii
1451 1098 1521 1130 aevi
1535 1097 1722 1137 florileqium
1744 1096 1830 1136 lonqe
1844 1106 1920 1136 pre-

271 1150 477 1182 tiosissimum
498 1160 580 1190 seyes
602 1159 723 1190 quoque
746 1148 855 1181 Seduli
877 1148 1054 1180 carminum
1077 1151 1180 1180 exstat
1201 1149 1369 1180 uberrima.
1414 1149 1457 1180 In
1478 1159 1538 1189 quo
1554 1148 1613 1189 (G)
1636 1148 1782 1189 leyuntur
1810 1148 1845 1184 1)
1866 1146 1920 1187 fol.

274 1204 379 1234 1-21
407 1203 443 1243 a)
465 1201 612 1233 homiliae
639 1200 780 1232 collectae
810 1200 1003 1241 (Auqustini
1030 1211 1119 1232 serm.
1144 1201 1184 1231 65
1209 1201 1271 1232 150
1295 1201 1313 1231 5
1338 1203 1358 1232 6
1380 1202 1421 1232 45
1445 1202 1487 1233 97
1508 1202 1573 1233 277
1596 1202 1659 1232 130
1681 1211 1727 1241 ep.
1751 1201 1792 1231 60
1815 1199 1922 1232 Niceti

272 1253 410 1294 opuscul.
435 1253 497 1286 duo
524 1253 570 1284 ed.
594 1252 704 1293 Miqne
721 1252 838 1292 patrol.
858 1252 1031 1291 LXVIII,
1053 1254 1237 1284 366—376
1258 1253 1430 1294 Auqustin.
1458 1263 1548 1285 serm.
1573 1253 1614 1284 53
1638 1254 1656 1284 1
1686 1251 1726 1284 de
1754 1251 1920 1297 discipulis

272 1309 304 1338 et
328 1305 490 1348 magistris
513 1304 580 1336 Nili
602 1304 752 1336 monachi
774 1304 956 1344 (descripsi)
978 1304 1148 1344 Auqustin.
1173 1315 1264 1338 serm.
1286 1305 1350 1337 254
1376 1304 1508 1346 Greqori
1529 1304 1672 1337 Nazane.
1697 1306 1788 1336 tract.
1811 1303 1920 1336 decim.

271 1359 437 1398 interprete
460 1357 595 1397 Rufino)
629 1357 662 1395 b)
687 1356 853 1396 Theofridi
874 1355 1100 1396 Epternacens
1129 1356 1222 1395 flores
1257 1356 1443 1397 epitaphior.
1480 1357 1525 1388 ed.
1554 1356 1664 1398 Miqne
1693 1355 1750 1388 vol.
1783 1354 1920 1388 CLVII.

271 1410 307 1450 2)
329 1409 382 1449 fol.
403 1409 532 1441 22-35
555 1407 700 1441 Salviani
722 1408 759 1440 de
778 1408 940 1448 yubernat.
969 1408 1020 1439 dei
1042 1408 1099 1448 cfr.
1123 1407 1266 1441 Salvian.
1288 1408 1335 1440 ed.
1359 1408 1465 1440 Halm.
1483 1419 1518 1449 p.
1541 1408 1626 1449 Vsq.
1660 1409 1696 1449 3)
1717 1406 1770 1448 fol.
1793 1406 1923 1438 36-57

270 1461 436 1501 qromatici
462 1461 502 1501 cf.
531 1460 655 1492 Haenel
685 1459 816 1491 Richter
844 1459 916 1492 hrit.
947 1459 1055 1492 Iahrb.
1087 1460 1111 1500 f.
1139 1460 1168 1491 d.
1199 1460 1395 1492 Rechtswiss.
1422 1461 1450 1499 I,
1473 1462 1537 1492 762
1555 1471 1600 1501 sq.
1648 1461 1684 1502 4)
1706 1459 1760 1499 fol.
1784 1458 1922 1490 58—65

271 1513 357 1553 (cum
388 1513 502 1553 quibus
527 1513 550 1553 f.
573 1514 614 1544 74
641 1512 908 1553 coniunqendum)
935 1511 1068 1544 Notheri
1096 1512 1225 1552 epistola
1258 1513 1304 1544 ed.
1336 1513 1364 1544 I.
1392 1513 1515 1545 Grimm
1542 1512 1582 1544 hl.
1611 1512 1693 1545 schr.
1722 1511 1758 1550 V,
1775 1512 1838 1542 190
1856 1521 1920 1551 sqq.

271 1564 402 1596 Notheri
428 1564 583 1596 rhetorica
611 1564 658 1597 ed.
678 1563 902 1605 Wackernaqel
924 1563 1031 1604 ZfdA.
1052 1563 1114 1603 IV,
1135 1566 1199 1596 463
1214 1575 1278 1605 sqq.
1303 1584 1344 1588 —
1366 1564 1420 1605 fol.
1442 1566 1501 1605 60,
1536 1565 1679 1604 deinceps
1700 1563 1769 1595 alia
1790 1562 1923 1595 Notheri

270 1616 332 1648 sive
355 1627 393 1648 ex
414 1617 483 1648 eius
502 1615 672 1656 disciplina
688 1614 836 1657 profecta
857 1616 935 1655 (non
950 1615 1066 1647 Boethi
1087 1617 1302 1648 commentarii
1323 1619 1360 1648 ut
1375 1616 1527 1656 adfirmat
1543 1615 1631 1648 Plew
1649 1615 1754 1648 Germ.
1771 1614 1868 1653 XIV,
1879 1615 1923 1646 48

269 1668 323 1699 sed
348 1668 384 1700 in
410 1668 581 1700 Boethium
609 1669 794 1708 commenta)
829 1667 863 1707 5)
889 1667 942 1707 fol.
971 1669 1012 1699 66
1019 1670 1108 1699 —73
1141 1670 1177 1705 a)
1205 1679 1244 1700 ex
1273 1669 1408 1702 Senecae
1437 1668 1654 1700 controversiis
1683 1669 1829 1707 excerpta
1859 1676 1924 1698 non

271 1720 459 1760 interpolata
472 1721 483 1740 ²
517 1720 587 1753 Sen.
622 1720 667 1752 ed.
702 1719 863 1760 Kiesslinq
889 1731 925 1760 p.
951 1721 1024 1759 270,
1042 1721 1211 1759 28-298,
1235 1722 1258 1753 2
1287 1722 1477 1759 368-380,
1500 1723 1521 1752 3
1554 1719 1667 1752 POST
1700 1717 1922 1755 LAQVEVM

270 1772 302 1812 b)
331 1772 502 1804 sententiae
531 1783 569 1804 ex
595 1771 698 1804 bibliis
717 1772 869 1812 patribus
888 1772 988 1812 papis
1016 1772 1151 1812 fortasse
1177 1775 1260 1805 certo
1287 1773 1416 1805 consilio
1448 1772 1589 1805 collectae
1613 1771 1710 1803 veluti
1737 1771 1761 1811 f.
1783 1771 1834 1802 68¹
1861 1770 1920 1802 ad-

269 1823 419 1855 scribitur
441 1823 489 1855 IN
511 1823 688 1855 NOMINE
712 1823 877 1855 DOMINI
901 1823 1085 1856 CONTRA
1108 1824 1422 1857 BERINGARIOS
1446 1824 1507 1857 DE
1531 1822 1738 1856 CORPORE
1754 1821 1921 1854 DOMINI

270 1876 300 1914 c)
323 1876 467 1907 carmina
495 1878 604 1907 contra
623 1878 783 1916 papatum
805 1875 932 1908 Anulus
956 1879 990 1908 et
1012 1876 1147 1908 baculus
1172 1876 1234 1908 duo
1259 1881 1335 1908 sunt
1357 1877 1498 1919 insignia
1521 1887 1580 1919 per
1606 1886 1689 1918 quae
1712 1874 1758 1907 ed.
1779 1873 1920 1906 Watten-

269 1927 354 1959 bach.
382 1927 464 1960 Anz.
493 1928 523 1959 d.
557 1928 662 1960 Germ.
686 1927 774 1959 Mus.
800 1927 938 1966 XXIII,
958 1928 1021 1959 335
1050 1930 1079 1959 et
1107 1928 1239 1967 XXIV,
1263 1930 1304 1960 14
1332 1928 1550 1969 (apoqraphon
1575 1930 1620 1960 est
1651 1927 1687 1959 in
1709 1926 1773 1958 cod.
1801 1925 1919 1958 onasum.

269 1990 354 2011 nunc
375 1979 481 2012 Brux.
506 1980 726 2011 9799—9809
753 1979 777 2019 f.
802 1979 888 2011 1222
910 1990 1000 2020 quem
1028 1991 1044 2011 c
1072 1980 1254 2023 nominabo)
1285 1980 1459 2013 Certamen
1488 1981 1576 2023 regis
1606 1991 1679 2012 cum
1709 1989 1796 2022 papa
1824 1977 1920 2009 Musa

270 2042 424 2063 canamus
447 2031 486 2063 ab
508 2031 600 2063 initio
622 2030 826 2063 XXXVIII
847 2041 955 2062 versus
982 2031 1027 2063 ed.
1053 2031 1110 2063 Du
1132 2031 1232 2063 Me'ril
1254 2033 1339 2064 1843
1365 2043 1401 2073 p.
1423 2033 1486 2064 405
1507 2043 1570 2072 sqq.
1595 2032 1652 2072 cfr.
1669 2031 1710 2063 N.
1727 2031 1770 2062 A.
1787 2030 1836 2069 II,
1855 2030 1919 2061 404

269 2083 486 2123 (apoqraphon
508 2083 544 2115 in
566 2083 598 2123 c)
621 2082 712 2115 Gens
735 2083 959 2115 Romanorum
990 2083 1128 2115 subdola
1150 2084 1195 2116 ed.
1218 2084 1262 2115 id.
1278 2095 1314 2124 p.
1337 2085 1401 2116 231
1424 2085 1544 2125 (apoqr.
1567 2084 1604 2116 in
1625 2094 1650 2115 c.
1667 2081 1920 2123 122¹)Huna1di

268 2135 436 2167 Hactenus
466 2146 508 2167 ex
531 2136 630 2167 vetito
654 2138 791 2178 peccata
816 2135 907 2167 fuere
931 2136 1038 2167 timori
1062 2136 1256 2176 (ineditum?
1286 2146 1393 2177 apoqr.
1416 2136 1452 2168 in
1474 2147 1490 2167 c
1513 2137 1709 2177 122’-123)
1725 2134 1804 2166 Fert
1826 2133 1919 2176 geni-

268 2187 333 2218 trix
355 2191 468 2219 natum
486 2187 653 2230 Stephano
675 2190 817 2219 testante
841 2187 973 2220 beatum
997 2188 1178 2228 (descripsi)
1201 2188 1236 2226 d)
1252 2191 1365 2228 poetae
1387 2188 1440 2220 lat.
1456 2189 1592 2220 minores
1609 2186 1694 2220 Giris
1704 2197 1732 2220 v.
1747 2185 1919 2218 454-541

269 2238 409 2279 Priapea
437 2239 483 2271 ed.
511 2239 677 2271 Baehrens
703 2240 756 2278 II,
779 2239 846 2271 158
878 2240 941 2271 158
959 2251 1003 2280 sq.
1035 2241 1097 2272 160
1122 2251 1167 2280 sq.
1201 2240 1360 2273 Oataleeta
1391 2240 1510 2273 Tibulli
1539 2240 1713 2280 Priapeum
1741 2238 1854 2279 eleyiae
1882 2237 1919 2269 in

268 2291 482 2323 Maecenatem
504 2292 562 2332 cfr.
589 2292 703 2324 Grosse
725 2291 918 2324 Fleckeisen.
941 2292 1050 2324 annal.
1065 2285 1152 2331 XV,
1168 2292 1232 2324 275
1247 2303 1312 2332 sqq.
1336 2292 1431 2324 Flori
1460 2292 1612 2333 Viryilius
1634 2294 1741 2324 orator
1762 2300 1807 2322 an
1821 2291 1918 2330 poeta

268 2342 355 2375 Flor.
379 2343 424 2374 ed.
443 2343 549 2375 Halm.
560 2355 595 2384 p.
613 2346 676 2375 106
689 2355 753 2384 sqq.
799 2345 834 2383 6)
857 2346 985 2376 74-76
1007 2345 1212 2376 continuatur
1230 2344 1460 2376 Notherianum
1483 2346 1525 2386 (v.
1535 2354 1635 2384 supra
1646 2345 1682 2383 4)
1699 2342 1829 2375 Paulin.
1847 2341 1918 2374 Nol.

267 2405 312 2434 cp.
343 2395 457 2427 XVII.
490 2396 536 2428 ed.
563 2396 612 2427 M.
646 2396 719 2428 inde
745 2406 767 2427 a
793 2396 866 2434 235,
887 2397 909 2428 2
937 2407 983 2436 ep.
1009 2395 1160 2428 XXVII.
1179 2394 1256 2427 '306
1276 2407 1319 2436 sq.
1375 2397 1410 2434 7)
1437 2398 1519 2428 77-
1531 2398 1573 2428 78
1599 2396 1707 2429 Sidon.
1740 2393 1844 2435 Apou.
1870 2403 1916 2433 ep.

275 2446 309 2484 V,
335 2447 447 2478 5-11
495 2449 531 2486 8)
555 2449 693 2479 79-92
716 2447 928 2480 I‘Vandalbert.
952 2448 998 2480 ed.
1022 2447 1205 2480 Duemmler
1228 2450 1309 2488 poet.
1334 2448 1446 2481 Karol.
1470 2449 1526 2481 vol.
1551 2449 1598 2487 II,
1619 2448 1802 2480 569—622
1823 2445 1918 2478 Heito

268 2498 314 2529 ed.
338 2498 381 2530 id.
404 2498 444 2530 ib.
461 2509 497 2538 p.
513 2499 685 2531 267-275
707 2499 785 2531 visio
800 2499 1019 2540 pauperculae
1033 2499 1176 2532 mulieris
1198 2500 1244 2532 ed.
1262 2499 1467 2532 Wattenbach
1482 2500 1611 2541 DGQ⁵
1625 2502 1689 2532 260
1700 2510 1744 2540 sq.
1787 2497 1916 2531 Walah-

266 2550 343 2589 frid.
366 2551 444 2582 visio
465 2549 596 2583 Wettini
610 2551 656 2583 ed.
674 2551 864 2584 Duemmler.
888 2551 907 2584 l.
924 2563 948 2583 c.
959 2563 994 2592 p.
1011 2554 1075 2584 301
1090 2563 1153 2593 sqq.
1192 2552 1381 2592 Fulqentius
1398 2552 1554 2593 Ruspens.
1572 2563 1662 2584 serm.
1677 2552 1751 2590 250,
1774 2549 1918 2591 sequitur

372 2670 398 2702 1)
427 2669 540 2696 Senecae
558 2671 645 2704 patris
669 2671 749 2698 codex
771 2672 886 2705 optimus
907 2673 995 2699 Brux.
1015 2676 1190 2700 9581—9595
1213 2673 1267 2706 ipse
1290 2681 1392 2707 quoque
1412 2673 1538 2700 Oasanus
1556 2677 1592 2700 est
1609 2674 1656 2707 cfr.
1676 2674 1766 2701 oddar
1783 2673 1917 2702 annuat're

268 2721 293 2748 d.
306 2722 321 2747 l.
335 2721 393 2747 bibl.
405 2729 428 2748 r.
440 2721 465 2748 d.
479 2722 548 2756 Bely.
564 2723 622 2756 III,
649 2728 694 2750 141
716 2726 740 2750 et
762 2725 846 2751 Klein
867 2725 884 2751 l.
897 2733 917 2751 c.
925 2733 955 2758 p.
968 2729 985 2752 8
1002 2724 1066 2752 adn.
1081 2728 1105 2752 2.
1209 2725 1236 2758 2)
1260 2725 1414 2759 Daeoriptas
1435 2734 1467 2752 ex
1492 2725 1515 2752 Ο
1535 2734 1587 2752 esse
1611 2725 1704 2752 codicis
1727 2734 1741 2752 c
1762 2733 1807 2752 eas
1824 2727 1916 2759 partes

266 2781 333 2807 quas
350 2781 435 2806 supra
452 2773 584 2807 adponmn
602 2783 633 2802 ex
653 2775 676 2802 (J
691 2776 726 2802 ad
743 2779 844 2803 certum
861 2776 977 2811 rediyere
989 2785 1108 2811 possum5
1124 2779 1203 2811 atque
1220 2786 1381 2811 supervacuo
1397 2778 1472 2812 Voiyt
1489 2778 1591 2805 ecbasin
1609 2778 1705 2812 captivi
1722 2777 1846 2805 oneravit.
