<?xml version="1.0" encoding="UTF-8"?>
<!DOCTYPE html PUBLIC "-//W3C//DTD XHTML 1.0 Transitional//EN"
    "http://www.w3.org/TR/xhtml1/DTD/xhtml1-transitional.dtd">
<html xmlns="http://www.w3.org/1999/xhtml" xml:lang="en" lang="en">
 <head>
  <title>
</title>
<meta http-equiv="Content-Type" content="text/html;charset=utf-8" />
  <meta name='ocr-system' content='tesseract 3.04.00' />
  <meta name='ocr-capabilities' content='ocr_page ocr_carea ocr_par ocr_line ocrx_word'/>
</head>
<body>
  <div class='ocr_page' id='page_1' title='image "./monumentagerma03geseuoft/monumentagerma03geseuoft_0344.png"; bbox 0 0 2138 3106; ppageno 0'>
   <div class='ocr_carea' id='block_1_1' title="bbox 310 223 371 252">
    <p class='ocr_par' dir='ltr' id='par_1_1' title="bbox 310 223 371 252">
     <span class='ocr_line' id='line_1_1' title="bbox 310 223 371 252; baseline 0.016 -1"><span class='ocrx_word' id='word_1_1' title='bbox 310 223 371 252; x_wconf 80' lang='lat'>328</span> 
     </span>
    </p>
   </div>
   <div class='ocr_carea' id='block_1_2' title="bbox 916 214 1368 243">
    <p class='ocr_par' dir='ltr' id='par_1_2' title="bbox 916 214 1368 243">
     <span class='ocr_line' id='line_1_2' title="bbox 916 214 1368 243; baseline -0.004 0"><span class='ocrx_word' id='word_1_2' title='bbox 916 216 1083 243; x_wconf 74' lang='lat' dir='ltr'>CARMINA</span> <span class='ocrx_word' id='word_1_3' title='bbox 1104 214 1368 242; x_wconf 82' lang='lat' dir='ltr'>CENTULENSIA.</span> 
     </span>
    </p>
   </div>
   <div class='ocr_carea' id='block_1_3' title="bbox 615 301 1668 1231">
    <p class='ocr_par' dir='ltr' id='par_1_3' title="bbox 615 301 1668 1231">
     <span class='ocr_line' id='line_1_3' title="bbox 675 301 1587 342; baseline -0.003 -7"><span class='ocrx_word' id='word_1_4' title='bbox 675 304 760 336; x_wconf 87' lang='lat' dir='ltr'>Nam</span> <span class='ocrx_word' id='word_1_5' title='bbox 784 304 920 334; x_wconf 92' lang='lat' dir='ltr'>multum</span> <span class='ocrx_word' id='word_1_6' title='bbox 946 303 1020 334; x_wconf 88' lang='lat' dir='ltr'>sitio</span> <span class='ocrx_word' id='word_1_7' title='bbox 1044 302 1174 341; x_wconf 85' lang='lat' dir='ltr'>faciem,</span> <span class='ocrx_word' id='word_1_8' title='bbox 1197 302 1277 333; x_wconf 89' lang='lat' dir='ltr'>mihi</span> <span class='ocrx_word' id='word_1_9' title='bbox 1303 301 1409 341; x_wconf 82' lang='lat' dir='ltr'>crede,</span> <span class='ocrx_word' id='word_1_10' title='bbox 1433 304 1587 342; x_wconf 85' lang='lat' dir='ltr'>tuamque</span> 
     </span>
     <span class='ocr_line' id='line_1_4' title="bbox 720 353 1450 397; baseline -0.001 -11"><span class='ocrx_word' id='word_1_11' title='bbox 720 355 878 387; x_wconf 83' lang='lat' dir='ltr'>Cernere:</span> <span class='ocrx_word' id='word_1_12' title='bbox 902 365 960 397; x_wconf 86' lang='lat' dir='ltr'>pro</span> <span class='ocrx_word' id='word_1_13' title='bbox 984 357 1072 386; x_wconf 87' lang='lat' dir='ltr'>certo</span> <span class='ocrx_word' id='word_1_14' title='bbox 1097 353 1193 386; x_wconf 90' lang='lat' dir='ltr'>corde</span> <span class='ocrx_word' id='word_1_15' title='bbox 1217 357 1312 385; x_wconf 88' lang='lat' dir='ltr'>tenus</span> <span class='ocrx_word' id='word_1_16' title='bbox 1335 354 1450 385; x_wconf 84' lang='lat' dir='ltr'>fateor.</span> 
     </span>
     <span class='ocr_line' id='line_1_5' title="bbox 615 409 1537 450; baseline -0.003 -7"><span class='ocrx_word' id='word_1_17' title='bbox 615 419 638 438; x_wconf 70' lang='lat'>1⁵</span> <span class='ocrx_word' id='word_1_18' title='bbox 675 411 741 443; x_wconf 83' lang='lat' dir='ltr'>Sed</span> <span class='ocrx_word' id='word_1_19' title='bbox 765 411 871 450; x_wconf 89' lang='lat' dir='ltr'>miror,</span> <span class='ocrx_word' id='word_1_20' title='bbox 896 410 1016 442; x_wconf 82' lang='lat' dir='ltr'><strong>cecinit</strong></span> <span class='ocrx_word' id='word_1_21' title='bbox 1039 413 1095 441; x_wconf 86' lang='lat' dir='ltr'>tua</span> <span class='ocrx_word' id='word_1_22' title='bbox 1119 420 1176 441; x_wconf 87' lang='lat' dir='ltr'>cur</span> <span class='ocrx_word' id='word_1_23' title='bbox 1199 420 1264 441; x_wconf 87' lang='lat' dir='ltr'>non</span> <span class='ocrx_word' id='word_1_24' title='bbox 1287 409 1396 441; x_wconf 88' lang='lat' dir='ltr'>fistula</span> <span class='ocrx_word' id='word_1_25' title='bbox 1420 409 1537 441; x_wconf 87' lang='lat' dir='ltr'>saltem</span> 
     </span>
     <span class='ocr_line' id='line_1_6' title="bbox 719 459 1508 505; baseline -0.003 -11"><span class='ocrx_word' id='word_1_26' title='bbox 719 463 861 494; x_wconf 86' lang='lat' dir='ltr'>Tantum</span> <span class='ocrx_word' id='word_1_27' title='bbox 884 463 948 494; x_wconf 86' lang='lat' dir='ltr'>iam</span> <span class='ocrx_word' id='word_1_28' title='bbox 973 463 1070 505; x_wconf 88' lang='lat' dir='ltr'>longo</span> <span class='ocrx_word' id='word_1_29' title='bbox 1095 466 1258 504; x_wconf 86' lang='lat' dir='ltr'>tempore:</span> <span class='ocrx_word' id='word_1_30' title='bbox 1283 461 1388 499; x_wconf 75' lang='lat' dir='ltr'>‘Care,</span> <span class='ocrx_word' id='word_1_31' title='bbox 1413 459 1508 493; x_wconf 76' lang='lat' dir='ltr'>vale&#39;.</span> 
     </span>
     <span class='ocr_line' id='line_1_7' title="bbox 675 513 1495 557; baseline -0.002 -11"><span class='ocrx_word' id='word_1_32' title='bbox 675 515 814 557; x_wconf 83' lang='lat' dir='ltr'>Insuper</span> <span class='ocrx_word' id='word_1_33' title='bbox 837 525 985 553; x_wconf 85' lang='lat' dir='ltr'>amoueo,</span> <span class='ocrx_word' id='word_1_34' title='bbox 1009 513 1143 546; x_wconf 77' lang='lat' dir='ltr'>studeas</span> <span class='ocrx_word' id='word_1_35' title='bbox 1168 514 1299 556; x_wconf 80' lang='lat' dir='ltr'>placare</span> <span class='ocrx_word' id='word_1_36' title='bbox 1324 516 1495 555; x_wconf 84' lang='lat' dir='ltr'>patronum</span> 
     </span>
     <span class='ocr_line' id='line_1_8' title="bbox 719 565 1504 604; baseline -0.004 -5"><span class='ocrx_word' id='word_1_37' title='bbox 719 567 791 604; x_wconf 86' lang='lat' dir='ltr'>Quo</span> <span class='ocrx_word' id='word_1_38' title='bbox 815 566 894 598; x_wconf 90' lang='lat' dir='ltr'>mihi</span> <span class='ocrx_word' id='word_1_39' title='bbox 917 566 1118 602; x_wconf 84' lang='lat' dir='ltr'>mellifluum,</span> <span class='ocrx_word' id='word_1_40' title='bbox 1144 565 1275 597; x_wconf 90' lang='lat' dir='ltr'>nomine</span> <span class='ocrx_word' id='word_1_41' title='bbox 1298 565 1504 601; x_wconf 83' lang='lat' dir='ltr'>Pascasium;</span> 
     </span>
     <span class='ocr_line' id='line_1_9' title="bbox 676 616 1574 659; baseline -0.003 -9"><span class='ocrx_word' id='word_1_42' title='bbox 676 619 738 650; x_wconf 84' lang='lat' dir='ltr'>Oui</span> <span class='ocrx_word' id='word_1_43' title='bbox 761 619 857 650; x_wconf 87' lang='lat' dir='ltr'>nimis</span> <span class='ocrx_word' id='word_1_44' title='bbox 881 618 1030 650; x_wconf 78' lang='lat' dir='ltr'>infensus</span> <span class='ocrx_word' id='word_1_45' title='bbox 1053 627 1181 657; x_wconf 78' lang='lat' dir='ltr'>manen,</span> <span class='ocrx_word' id='word_1_46' title='bbox 1205 617 1309 649; x_wconf 90' lang='lat' dir='ltr'>veluti</span> <span class='ocrx_word' id='word_1_47' title='bbox 1333 627 1461 659; x_wconf 92' lang='lat' dir='ltr'>quoque</span> <span class='ocrx_word' id='word_1_48' title='bbox 1486 616 1574 647; x_wconf 82' lang='lat' dir='ltr'>fama</span> 
     </span>
     <span class='ocr_line' id='line_1_10' title="bbox 615 668 1433 711; baseline -0.005 -8"><span class='ocrx_word' id='word_1_49' title='bbox 615 678 640 696; x_wconf 73' lang='lat'>2⁰</span> <span class='ocrx_word' id='word_1_50' title='bbox 720 670 843 702; x_wconf 82' lang='lat' dir='ltr'>Pernix</span> <span class='ocrx_word' id='word_1_51' title='bbox 866 670 1016 709; x_wconf 90' lang='lat' dir='ltr'>innotuit,</span> <span class='ocrx_word' id='word_1_52' title='bbox 1041 669 1127 711; x_wconf 91' lang='lat' dir='ltr'>quod</span> <span class='ocrx_word' id='word_1_53' title='bbox 1150 669 1229 700; x_wconf 87' lang='lat' dir='ltr'>mihi</span> <span class='ocrx_word' id='word_1_54' title='bbox 1255 668 1433 711; x_wconf 79' lang='lat' dir='ltr'><strong>displicuit.</strong></span> 
     </span>
     <span class='ocr_line' id='line_1_11' title="bbox 677 719 1595 763; baseline -0.004 -9"><span class='ocrx_word' id='word_1_55' title='bbox 677 722 792 762; x_wconf 85' lang='lat' dir='ltr'>Quem,</span> <span class='ocrx_word' id='word_1_56' title='bbox 817 722 843 754; x_wconf 84' lang='lat' dir='ltr'>si</span> <span class='ocrx_word' id='word_1_57' title='bbox 867 722 933 754; x_wconf 87' lang='lat' dir='ltr'>vita</span> <span class='ocrx_word' id='word_1_58' title='bbox 955 724 1076 760; x_wconf 83' lang='lat' dir='ltr'>manet,</span> <span class='ocrx_word' id='word_1_59' title='bbox 1102 721 1198 763; x_wconf 89' lang='lat' dir='ltr'>cupio</span> <span class='ocrx_word' id='word_1_60' title='bbox 1223 721 1286 752; x_wconf 87' lang='lat' dir='ltr'>cito</span> <span class='ocrx_word' id='word_1_61' title='bbox 1311 730 1447 752; x_wconf 87' lang='lat' dir='ltr'>cernere</span> <span class='ocrx_word' id='word_1_62' title='bbox 1471 719 1595 750; x_wconf 81' lang='lat' dir='ltr'>laetum</span> 
     </span>
     <span class='ocr_line' id='line_1_12' title="bbox 719 771 1492 816; baseline -0.003 -11"><span class='ocrx_word' id='word_1_63' title='bbox 719 774 828 816; x_wconf 90' lang='lat' dir='ltr'>Atque</span> <span class='ocrx_word' id='word_1_64' title='bbox 853 774 923 805; x_wconf 87' lang='lat' dir='ltr'>solo</span> <span class='ocrx_word' id='word_1_65' title='bbox 949 776 1070 805; x_wconf 82' lang='lat' dir='ltr'>stratus</span> <span class='ocrx_word' id='word_1_66' title='bbox 1093 783 1228 815; x_wconf 83' lang='lat' dir='ltr'>poscere</span> <span class='ocrx_word' id='word_1_67' title='bbox 1252 775 1330 804; x_wconf 85' lang='lat' dir='ltr'>tunc</span> <span class='ocrx_word' id='word_1_68' title='bbox 1354 771 1492 803; x_wconf 88' lang='lat' dir='ltr'>veniam.</span> 
     </span>
     <span class='ocr_line' id='line_1_13' title="bbox 676 823 1427 868; baseline -0.003 -11"><span class='ocrx_word' id='word_1_69' title='bbox 676 825 806 868; x_wconf 84' lang='lat' dir='ltr'>Expers</span> <span class='ocrx_word' id='word_1_70' title='bbox 831 826 965 868; x_wconf 89' lang='lat' dir='ltr'>epitimo</span> <span class='ocrx_word' id='word_1_71' title='bbox 989 825 1122 857; x_wconf 89' lang='lat' dir='ltr'>demum</span> <span class='ocrx_word' id='word_1_72' title='bbox 1146 825 1326 868; x_wconf 80' lang='lat' dir='ltr'>persistere</span> <span class='ocrx_word' id='word_1_73' title='bbox 1349 823 1427 862; x_wconf 87' lang='lat' dir='ltr'>vini,</span> 
     </span>
     <span class='ocr_line' id='line_1_14' title="bbox 720 877 1447 920; baseline -0.001 -11"><span class='ocrx_word' id='word_1_74' title='bbox 720 878 833 920; x_wconf 91' lang='lat' dir='ltr'>Ipsum</span> <span class='ocrx_word' id='word_1_75' title='bbox 857 878 1022 920; x_wconf 87' lang='lat' dir='ltr'>placatum</span> <span class='ocrx_word' id='word_1_76' title='bbox 1047 877 1150 909; x_wconf 89' lang='lat' dir='ltr'>donec</span> <span class='ocrx_word' id='word_1_77' title='bbox 1174 877 1296 909; x_wconf 85' lang='lat' dir='ltr'>habere</span> <span class='ocrx_word' id='word_1_78' title='bbox 1321 887 1447 919; x_wconf 83' lang='lat' dir='ltr'>queam.</span> 
     </span>
     <span class='ocr_line' id='line_1_15' title="bbox 615 928 1493 966; baseline -0.002 -5"><span class='ocrx_word' id='word_1_79' title='bbox 615 936 639 955; x_wconf 78' lang='lat'>2⁵</span> <span class='ocrx_word' id='word_1_80' title='bbox 675 929 766 961; x_wconf 81' lang='lat' dir='ltr'>Pane</span> <span class='ocrx_word' id='word_1_81' title='bbox 790 929 879 961; x_wconf 90' lang='lat' dir='ltr'>inhio</span> <span class='ocrx_word' id='word_1_82' title='bbox 903 939 963 961; x_wconf 91' lang='lat' dir='ltr'>nec</span> <span class='ocrx_word' id='word_1_83' title='bbox 986 939 1050 961; x_wconf 88' lang='lat' dir='ltr'>non</span> <span class='ocrx_word' id='word_1_84' title='bbox 1074 931 1143 960; x_wconf 86' lang='lat' dir='ltr'>atro</span> <span class='ocrx_word' id='word_1_85' title='bbox 1167 931 1340 960; x_wconf 86' lang='lat' dir='ltr'>contentus</span> <span class='ocrx_word' id='word_1_86' title='bbox 1365 928 1493 966; x_wconf 81' lang='lat' dir='ltr'>adesse,</span> 
     </span>
     <span class='ocr_line' id='line_1_16' title="bbox 722 980 1471 1024; baseline -0.001 -11"><span class='ocrx_word' id='word_1_87' title='bbox 722 981 900 1024; x_wconf 87' lang='lat' dir='ltr'>Usquequo</span> <span class='ocrx_word' id='word_1_88' title='bbox 925 991 1016 1012; x_wconf 82' lang='lat' dir='ltr'>mens</span> <span class='ocrx_word' id='word_1_89' title='bbox 1040 984 1148 1013; x_wconf 86' lang='lat' dir='ltr'>mesta</span> <span class='ocrx_word' id='word_1_90' title='bbox 1171 981 1213 1012; x_wconf 85' lang='lat' dir='ltr'>sit</span> <span class='ocrx_word' id='word_1_91' title='bbox 1236 980 1377 1012; x_wconf 82' lang='lat' dir='ltr'>hilarata</span> <span class='ocrx_word' id='word_1_92' title='bbox 1401 990 1471 1012; x_wconf 83' lang='lat' dir='ltr'>sua.</span> 
     </span>
     <span class='ocr_line' id='line_1_17' title="bbox 679 1030 1668 1076; baseline -0.004 -11"><span class='ocrx_word' id='word_1_93' title='bbox 679 1033 759 1065; x_wconf 88' lang='lat' dir='ltr'>Plus</span> <span class='ocrx_word' id='word_1_94' title='bbox 783 1034 902 1076; x_wconf 83' lang='lat' dir='ltr'>placet,</span> <span class='ocrx_word' id='word_1_95' title='bbox 928 1044 968 1065; x_wconf 93' lang='lat' dir='ltr'>en</span> <span class='ocrx_word' id='word_1_96' title='bbox 992 1033 1107 1073; x_wconf 86' lang='lat' dir='ltr'>fateor,</span> <span class='ocrx_word' id='word_1_97' title='bbox 1131 1033 1264 1075; x_wconf 85' lang='lat' dir='ltr'>cleptim</span> <span class='ocrx_word' id='word_1_98' title='bbox 1288 1032 1369 1064; x_wconf 84' lang='lat' dir='ltr'>mihi</span> <span class='ocrx_word' id='word_1_99' title='bbox 1392 1031 1508 1063; x_wconf 83' lang='lat' dir='ltr'>caedat</span> <span class='ocrx_word' id='word_1_100' title='bbox 1527 1034 1563 1062; x_wconf 90' lang='lat' dir='ltr'>ut</span> <span class='ocrx_word' id='word_1_101' title='bbox 1586 1030 1668 1072; x_wconf 90' lang='lat' dir='ltr'>ipse,</span> 
     </span>
     <span class='ocr_line' id='line_1_18' title="bbox 723 1083 1570 1127; baseline -0.005 -10"><span class='ocrx_word' id='word_1_102' title='bbox 723 1085 828 1121; x_wconf 85' lang='lat' dir='ltr'>Quam</span> <span class='ocrx_word' id='word_1_103' title='bbox 854 1088 985 1117; x_wconf 84' lang='lat' dir='ltr'>maneat</span> <span class='ocrx_word' id='word_1_104' title='bbox 1008 1095 1060 1116; x_wconf 89' lang='lat' dir='ltr'>mc</span> <span class='ocrx_word' id='word_1_105' title='bbox 1085 1095 1162 1127; x_wconf 85' lang='lat' dir='ltr'>erga</span> <span class='ocrx_word' id='word_1_106' title='bbox 1185 1095 1278 1116; x_wconf 87' lang='lat' dir='ltr'>mens</span> <span class='ocrx_word' id='word_1_107' title='bbox 1302 1083 1478 1116; x_wconf 85' lang='lat' dir='ltr'>furibunda</span> <span class='ocrx_word' id='word_1_108' title='bbox 1501 1093 1570 1114; x_wconf 81' lang='lat' dir='ltr'>sua.</span> 
     </span>
     <span class='ocr_line' id='line_1_19' title="bbox 680 1135 1460 1179; baseline -0.003 -10"><span class='ocrx_word' id='word_1_109' title='bbox 680 1136 732 1168; x_wconf 86' lang='lat' dir='ltr'>Ad</span> <span class='ocrx_word' id='word_1_110' title='bbox 755 1137 854 1169; x_wconf 91' lang='lat' dir='ltr'>finem</span> <span class='ocrx_word' id='word_1_111' title='bbox 877 1136 1086 1169; x_wconf 83' lang='lat' dir='ltr'>Rainhardus</span> <span class='ocrx_word' id='word_1_112' title='bbox 1110 1139 1142 1168; x_wconf 88' lang='lat' dir='ltr'>te</span> <span class='ocrx_word' id='word_1_113' title='bbox 1167 1136 1315 1179; x_wconf 84' lang='lat' dir='ltr'>deposcit</span> <span class='ocrx_word' id='word_1_114' title='bbox 1337 1135 1460 1167; x_wconf 83' lang='lat' dir='ltr'>habere</span> 
     </span>
     <span class='ocr_line' id='line_1_20' title="bbox 617 1186 1545 1231; baseline -0.004 -10"><span class='ocrx_word' id='word_1_115' title='bbox 617 1196 642 1214; x_wconf 86' lang='lat'>³⁰</span> <span class='ocrx_word' id='word_1_116' title='bbox 723 1188 787 1220; x_wconf 89' lang='lat' dir='ltr'>Hic</span> <span class='ocrx_word' id='word_1_117' title='bbox 811 1192 844 1221; x_wconf 86' lang='lat' dir='ltr'>et</span> <span class='ocrx_word' id='word_1_118' title='bbox 866 1189 899 1220; x_wconf 86' lang='lat' dir='ltr'>in</span> <span class='ocrx_word' id='word_1_119' title='bbox 922 1191 1093 1220; x_wconf 87' lang='lat' dir='ltr'>aeternum</span> <span class='ocrx_word' id='word_1_120' title='bbox 1117 1199 1274 1231; x_wconf 85' lang='lat' dir='ltr'>prospera</span> <span class='ocrx_word' id='word_1_121' title='bbox 1297 1190 1416 1220; x_wconf 88' lang='lat' dir='ltr'>cuncta</span> <span class='ocrx_word' id='word_1_122' title='bbox 1440 1186 1545 1218; x_wconf 83' lang='lat' dir='ltr'>simul.</span> 
     </span>
    </p>
   </div>
   <div class='ocr_carea' id='block_1_4' title="bbox 929 1377 1356 1478">
    <p class='ocr_par' dir='ltr' id='par_1_4' title="bbox 929 1377 1356 1478">
     <span class='ocr_line' id='line_1_21' title="bbox 1045 1377 1235 1410; baseline 0.005 -1"><span class='ocrx_word' id='word_1_123' title='bbox 1045 1377 1235 1410; x_wconf 85' lang='lat' dir='ltr'>LXXXVI.</span> 
     </span>
     <span class='ocr_line' id='line_1_22' title="bbox 929 1440 1356 1478; baseline -0.002 0"><span class='ocrx_word' id='word_1_124' title='bbox 929 1440 1085 1478; x_wconf 86' lang='lat' dir='ltr'>SVPER</span> <span class='ocrx_word' id='word_1_125' title='bbox 1111 1440 1356 1477; x_wconf 87' lang='lat' dir='ltr'><strong>LAVACRO.</strong></span> 
     </span>
    </p>
   </div>
   <div class='ocr_carea' id='block_1_5' title="bbox 682 1516 1611 1714">
    <p class='ocr_par' dir='ltr' id='par_1_5' title="bbox 682 1516 1595 1612">
     <span class='ocr_line' id='line_1_23' title="bbox 682 1516 1595 1559; baseline 0 -12"><span class='ocrx_word' id='word_1_126' title='bbox 682 1516 746 1547; x_wconf 91' lang='lat' dir='ltr'>Hic</span> <span class='ocrx_word' id='word_1_127' title='bbox 770 1517 964 1559; x_wconf 86' lang='lat' dir='ltr'>quicumque</span> <span class='ocrx_word' id='word_1_128' title='bbox 988 1517 1076 1549; x_wconf 86' lang='lat' dir='ltr'>lavat</span> <span class='ocrx_word' id='word_1_129' title='bbox 1099 1517 1225 1557; x_wconf 87' lang='lat' dir='ltr'>faciem,</span> <span class='ocrx_word' id='word_1_130' title='bbox 1250 1516 1440 1559; x_wconf 82' lang='lat' dir='ltr'>peccamina</span> <span class='ocrx_word' id='word_1_131' title='bbox 1464 1516 1595 1555; x_wconf 86' lang='lat' dir='ltr'>mentis,</span> 
     </span>
     <span class='ocr_line' id='line_1_24' title="bbox 725 1568 1388 1612; baseline 0.002 -13"><span class='ocrx_word' id='word_1_132' title='bbox 725 1568 887 1611; x_wconf 83' lang='lat' dir='ltr'>Corporis,</span> <span class='ocrx_word' id='word_1_133' title='bbox 911 1570 1024 1612; x_wconf 84' lang='lat' dir='ltr'>ipsius,</span> <span class='ocrx_word' id='word_1_134' title='bbox 1049 1569 1157 1609; x_wconf 83' lang='lat' dir='ltr'>delue,</span> <span class='ocrx_word' id='word_1_135' title='bbox 1182 1569 1271 1601; x_wconf 87' lang='lat' dir='ltr'>celse</span> <span class='ocrx_word' id='word_1_136' title='bbox 1296 1568 1388 1600; x_wconf 72' lang='lat' dir='ltr'>dene.</span> 
     </span>
    </p>

    <p class='ocr_par' dir='ltr' id='par_1_6' title="bbox 683 1620 1611 1714">
     <span class='ocr_line' id='line_1_25' title="bbox 683 1620 1611 1663; baseline 0.001 -13"><span class='ocrx_word' id='word_1_137' title='bbox 683 1620 858 1662; x_wconf 84' lang='lat' dir='ltr'>Squalidus</span> <span class='ocrx_word' id='word_1_138' title='bbox 882 1621 957 1653; x_wconf 90' lang='lat' dir='ltr'>hinc</span> <span class='ocrx_word' id='word_1_139' title='bbox 980 1621 1086 1663; x_wconf 79' lang='lat' dir='ltr'>fugiat</span> <span class='ocrx_word' id='word_1_140' title='bbox 1109 1621 1258 1660; x_wconf 82' lang='lat' dir='ltr'>zabulus,</span> <span class='ocrx_word' id='word_1_141' title='bbox 1283 1631 1324 1652; x_wconf 88' lang='lat' dir='ltr'>ne</span> <span class='ocrx_word' id='word_1_142' title='bbox 1348 1621 1440 1652; x_wconf 78' lang='lat' dir='ltr'>sonte</span> <span class='ocrx_word' id='word_1_143' title='bbox 1464 1620 1611 1652; x_wconf 85' lang='lat' dir='ltr'>lavatum</span> 
     </span>
     <span class='ocr_line' id='line_1_26' title="bbox 723 1672 1484 1714; baseline 0 -11"><span class='ocrx_word' id='word_1_144' title='bbox 723 1672 857 1704; x_wconf 87' lang='lat' dir='ltr'>Plasma</span> <span class='ocrx_word' id='word_1_145' title='bbox 881 1675 972 1704; x_wconf 88' lang='lat' dir='ltr'>tuum</span> <span class='ocrx_word' id='word_1_146' title='bbox 996 1683 1089 1705; x_wconf 84' lang='lat' dir='ltr'>sacro</span> <span class='ocrx_word' id='word_1_147' title='bbox 1113 1673 1351 1705; x_wconf 83' lang='lat' dir='ltr'>commaculare</span> <span class='ocrx_word' id='word_1_148' title='bbox 1376 1675 1484 1714; x_wconf 88' lang='lat' dir='ltr'>queat.</span> 
     </span>
    </p>
   </div>
   <div class='ocr_carea' id='block_1_6' title="bbox 774 1862 1514 1962">
    <p class='ocr_par' dir='ltr' id='par_1_7' title="bbox 774 1862 1514 1962">
     <span class='ocr_line' id='line_1_27' title="bbox 1039 1862 1247 1895; baseline -0.01 0"><span class='ocrx_word' id='word_1_149' title='bbox 1039 1862 1247 1895; x_wconf 86' lang='lat' dir='ltr'>LXXXVII.</span> 
     </span>
     <span class='ocr_line' id='line_1_28' title="bbox 774 1925 1514 1962; baseline -0.001 0"><span class='ocrx_word' id='word_1_150' title='bbox 774 1926 835 1961; x_wconf 91' lang='lat' dir='ltr'>DE</span> <span class='ocrx_word' id='word_1_151' title='bbox 862 1925 1057 1962; x_wconf 86' lang='lat' dir='ltr'>NOSTRO</span> <span class='ocrx_word' id='word_1_152' title='bbox 1084 1925 1351 1962; x_wconf 85' lang='lat' dir='ltr'>MISERRIMO</span> <span class='ocrx_word' id='word_1_153' title='bbox 1380 1925 1514 1962; x_wconf 88' lang='lat' dir='ltr'>CASV.</span> 
     </span>
    </p>
   </div>
   <div class='ocr_carea' id='block_1_7' title="bbox 632 1998 1715 2407">
    <p class='ocr_par' dir='ltr' id='par_1_8' title="bbox 682 1998 1715 2199">
     <span class='ocr_line' id='line_1_29' title="bbox 684 1998 1715 2042; baseline 0.002 -12"><span class='ocrx_word' id='word_1_154' title='bbox 684 1998 825 2038; x_wconf 84' lang='lat' dir='ltr'>Christe,</span> <span class='ocrx_word' id='word_1_155' title='bbox 843 2002 945 2037; x_wconf 81' lang='lat' dir='ltr'>tuum,</span> <span class='ocrx_word' id='word_1_156' title='bbox 964 2000 1118 2040; x_wconf 83' lang='lat' dir='ltr'>clemens,</span> <span class='ocrx_word' id='word_1_157' title='bbox 1141 2003 1216 2042; x_wconf 86' lang='lat' dir='ltr'>tege</span> <span class='ocrx_word' id='word_1_158' title='bbox 1234 2011 1365 2042; x_wconf 79' lang='lat' dir='ltr'>semper</span> <span class='ocrx_word' id='word_1_159' title='bbox 1380 2000 1421 2032; x_wconf 88' lang='lat' dir='ltr'>ab</span> <span class='ocrx_word' id='word_1_160' title='bbox 1439 2000 1533 2032; x_wconf 87' lang='lat' dir='ltr'>hoste</span> <span class='ocrx_word' id='word_1_161' title='bbox 1553 2001 1715 2039; x_wconf 88' lang='lat' dir='ltr'>clientem,</span> 
     </span>
     <span class='ocr_line' id='line_1_30' title="bbox 683 2051 1592 2094; baseline 0.002 -12"><span class='ocrx_word' id='word_1_162' title='bbox 683 2051 828 2083; x_wconf 87' lang='lat' dir='ltr'>Perdere</span> <span class='ocrx_word' id='word_1_163' title='bbox 852 2052 906 2094; x_wconf 89' lang='lat' dir='ltr'>qui</span> <span class='ocrx_word' id='word_1_164' title='bbox 933 2053 1044 2092; x_wconf 90' lang='lat' dir='ltr'>voluit,</span> <span class='ocrx_word' id='word_1_165' title='bbox 1069 2053 1143 2092; x_wconf 88' lang='lat' dir='ltr'>nisi,</span> <span class='ocrx_word' id='word_1_166' title='bbox 1168 2063 1230 2091; x_wconf 87' lang='lat' dir='ltr'>me,</span> <span class='ocrx_word' id='word_1_167' title='bbox 1256 2055 1311 2084; x_wconf 85' lang='lat' dir='ltr'>tua</span> <span class='ocrx_word' id='word_1_168' title='bbox 1335 2052 1473 2084; x_wconf 83' lang='lat' dir='ltr'>dextera</span> <span class='ocrx_word' id='word_1_169' title='bbox 1497 2063 1592 2084; x_wconf 84' lang='lat' dir='ltr'>sacra</span> 
     </span>
     <span class='ocr_line' id='line_1_31' title="bbox 683 2102 1661 2147; baseline 0.002 -14"><span class='ocrx_word' id='word_1_170' title='bbox 683 2102 805 2134; x_wconf 87' lang='lat' dir='ltr'>Fronte</span> <span class='ocrx_word' id='word_1_171' title='bbox 831 2104 935 2135; x_wconf 88' lang='lat' dir='ltr'>crucis</span> <span class='ocrx_word' id='word_1_172' title='bbox 961 2105 1091 2146; x_wconf 87' lang='lat' dir='ltr'>signum</span> <span class='ocrx_word' id='word_1_173' title='bbox 1115 2104 1327 2143; x_wconf 82' lang='lat' dir='ltr'>obiectasset,</span> <span class='ocrx_word' id='word_1_174' title='bbox 1352 2104 1489 2146; x_wconf 87' lang='lat' dir='ltr'>sculpsit</span> <span class='ocrx_word' id='word_1_175' title='bbox 1511 2104 1567 2136; x_wconf 93' lang='lat' dir='ltr'>ubi</span> <span class='ocrx_word' id='word_1_176' title='bbox 1590 2105 1661 2147; x_wconf 89' lang='lat' dir='ltr'>ipse</span> 
     </span>
     <span class='ocr_line' id='line_1_32' title="bbox 682 2156 1578 2199; baseline 0.001 -12"><span class='ocrx_word' id='word_1_177' title='bbox 682 2156 942 2199; x_wconf 84' lang='lat' dir='ltr'>Perversamquc</span> <span class='ocrx_word' id='word_1_178' title='bbox 966 2157 1151 2189; x_wconf 80' lang='lat' dir='ltr'>cicatricem</span> <span class='ocrx_word' id='word_1_179' title='bbox 1177 2157 1259 2188; x_wconf 88' lang='lat' dir='ltr'>clam</span> <span class='ocrx_word' id='word_1_180' title='bbox 1285 2157 1428 2188; x_wconf 82' lang='lat' dir='ltr'>lubricus</span> <span class='ocrx_word' id='word_1_181' title='bbox 1453 2157 1578 2198; x_wconf 86' lang='lat' dir='ltr'>anguis.</span> 
     </span>
    </p>

    <p class='ocr_par' dir='ltr' id='par_1_9' title="bbox 632 2207 1686 2407">
     <span class='ocr_line' id='line_1_33' title="bbox 632 2207 1686 2251; baseline 0 -11"><span class='ocrx_word' id='word_1_182' title='bbox 632 2215 643 2231; x_wconf 80' lang='lat'>⁵</span> <span class='ocrx_word' id='word_1_183' title='bbox 679 2207 785 2247; x_wconf 82' lang='lat' dir='ltr'>Quod,</span> <span class='ocrx_word' id='word_1_184' title='bbox 809 2209 885 2250; x_wconf 85' lang='lat' dir='ltr'>quia</span> <span class='ocrx_word' id='word_1_185' title='bbox 908 2209 987 2240; x_wconf 87' lang='lat' dir='ltr'>haut</span> <span class='ocrx_word' id='word_1_186' title='bbox 1010 2209 1123 2249; x_wconf 87' lang='lat' dir='ltr'>valuit,</span> <span class='ocrx_word' id='word_1_187' title='bbox 1148 2209 1260 2251; x_wconf 89' lang='lat' dir='ltr'>quivit,</span> <span class='ocrx_word' id='word_1_188' title='bbox 1284 2209 1345 2240; x_wconf 91' lang='lat' dir='ltr'>hoc</span> <span class='ocrx_word' id='word_1_189' title='bbox 1369 2209 1432 2240; x_wconf 84' lang='lat' dir='ltr'>iam</span> <span class='ocrx_word' id='word_1_190' title='bbox 1456 2219 1583 2251; x_wconf 90' lang='lat' dir='ltr'>quoque</span> <span class='ocrx_word' id='word_1_191' title='bbox 1608 2209 1686 2240; x_wconf 85' lang='lat' dir='ltr'>fecit</span> 
     </span>
     <span class='ocr_line' id='line_1_34' title="bbox 683 2259 1467 2302; baseline 0.003 -12"><span class='ocrx_word' id='word_1_192' title='bbox 683 2259 736 2290; x_wconf 85' lang='lat' dir='ltr'>Ex</span> <span class='ocrx_word' id='word_1_193' title='bbox 760 2270 845 2299; x_wconf 85' lang='lat' dir='ltr'>asse,</span> <span class='ocrx_word' id='word_1_194' title='bbox 870 2262 1006 2300; x_wconf 84' lang='lat' dir='ltr'>tantum,</span> <span class='ocrx_word' id='word_1_195' title='bbox 1032 2260 1123 2292; x_wconf 86' lang='lat' dir='ltr'>velut</span> <span class='ocrx_word' id='word_1_196' title='bbox 1146 2260 1321 2292; x_wconf 85' lang='lat' dir='ltr'>intentavit</span> <span class='ocrx_word' id='word_1_197' title='bbox 1344 2263 1467 2302; x_wconf 84' lang='lat' dir='ltr'>aperte.</span> 
     </span>
     <span class='ocr_line' id='line_1_35' title="bbox 680 2311 1631 2354; baseline 0.001 -12"><span class='ocrx_word' id='word_1_198' title='bbox 680 2311 749 2343; x_wconf 84' lang='lat' dir='ltr'>Nec</span> <span class='ocrx_word' id='word_1_199' title='bbox 773 2313 904 2344; x_wconf 86' lang='lat' dir='ltr'>mirum:</span> <span class='ocrx_word' id='word_1_200' title='bbox 929 2312 1081 2354; x_wconf 86' lang='lat' dir='ltr'>quoniam</span> <span class='ocrx_word' id='word_1_201' title='bbox 1105 2311 1231 2354; x_wconf 13' lang='lat' dir='ltr'>tuabsic</span> <span class='ocrx_word' id='word_1_202' title='bbox 1254 2312 1325 2351; x_wconf 87' lang='lat' dir='ltr'>fuit,</span> <span class='ocrx_word' id='word_1_203' title='bbox 1349 2312 1444 2351; x_wconf 82' lang='lat' dir='ltr'>alme,</span> <span class='ocrx_word' id='word_1_204' title='bbox 1470 2313 1631 2350; x_wconf 82' lang='lat' dir='ltr'>voluntas,</span> 
     </span>
     <span class='ocr_line' id='line_1_36' title="bbox 683 2363 1582 2407; baseline 0.001 -12"><span class='ocrx_word' id='word_1_205' title='bbox 683 2363 745 2400; x_wconf 85' lang='lat' dir='ltr'>Qui</span> <span class='ocrx_word' id='word_1_206' title='bbox 769 2364 860 2403; x_wconf 91' lang='lat' dir='ltr'>nihil,</span> <span class='ocrx_word' id='word_1_207' title='bbox 885 2375 914 2405; x_wconf 85' lang='lat' dir='ltr'>o,</span> <span class='ocrx_word' id='word_1_208' title='bbox 939 2367 1053 2396; x_wconf 80' lang='lat' dir='ltr'>contra</span> <span class='ocrx_word' id='word_1_209' title='bbox 1076 2365 1219 2407; x_wconf 84' lang='lat' dir='ltr'>peragis,</span> <span class='ocrx_word' id='word_1_210' title='bbox 1245 2364 1384 2403; x_wconf 85' lang='lat' dir='ltr'>domine,</span> <span class='ocrx_word' id='word_1_211' title='bbox 1409 2364 1582 2402; x_wconf 84' lang='lat' dir='ltr'>rationem,</span> 
     </span>
    </p>
   </div>
   <div class='ocr_carea' id='block_1_8' title="bbox 422 2518 1739 2640">
    <p class='ocr_par' dir='ltr' id='par_1_10' title="bbox 422 2518 1739 2640">
     <span class='ocr_line' id='line_1_37' title="bbox 423 2518 1739 2559; baseline 0.001 -15"><span class='ocrx_word' id='word_1_212' title='bbox 423 2518 453 2544; x_wconf 80' lang='lat'>17</span> <span class='ocrx_word' id='word_1_213' title='bbox 474 2521 573 2552; x_wconf 81' lang='lat' dir='ltr'>placere</span> <span class='ocrx_word' id='word_1_214' title='bbox 592 2530 656 2546; x_wconf 80' lang='lat' dir='ltr'>corr.</span> <span class='ocrx_word' id='word_1_215' title='bbox 671 2521 695 2545; x_wconf 91' lang='lat' dir='ltr'><em>B</em></span> <span class='ocrx_word' id='word_1_216' title='bbox 740 2525 848 2559; x_wconf 65' lang='lat' dir='ltr'>patrono</span> <span class='ocrx_word' id='word_1_217' title='bbox 862 2521 887 2546; x_wconf 88' lang='lat' dir='ltr'><em>B</em></span> <span class='ocrx_word' id='word_1_218' title='bbox 904 2530 971 2547; x_wconf 82' lang='lat' dir='ltr'>corr.</span> <span class='ocrx_word' id='word_1_219' title='bbox 984 2522 1084 2548; x_wconf 79' lang='lat' dir='ltr'>Bethm.</span> <span class='ocrx_word' id='word_1_220' title='bbox 1192 2522 1223 2547; x_wconf 84' lang='lat'>19</span> <span class='ocrx_word' id='word_1_221' title='bbox 1243 2523 1313 2548; x_wconf 79' lang='lat' dir='ltr'>fama</span> <span class='ocrx_word' id='word_1_222' title='bbox 1330 2523 1357 2547; x_wconf 77' lang='lat' dir='ltr'>in</span> <span class='ocrx_word' id='word_1_223' title='bbox 1376 2522 1393 2547; x_wconf 77' lang='lat' dir='ltr'>l.</span> <span class='ocrx_word' id='word_1_224' title='bbox 1406 2531 1428 2547; x_wconf 83' lang='lat' dir='ltr'>r.</span> <span class='ocrx_word' id='word_1_225' title='bbox 1442 2521 1467 2546; x_wconf 88' lang='lat' dir='ltr'><em>B</em></span> <span class='ocrx_word' id='word_1_226' title='bbox 1571 2520 1606 2545; x_wconf 78' lang='lat'>25</span> <span class='ocrx_word' id='word_1_227' title='bbox 1624 2520 1695 2546; x_wconf 64' lang='lat' dir='ltr'>*asro</span> <span class='ocrx_word' id='word_1_228' title='bbox 1714 2520 1739 2545; x_wconf 91' lang='lat' dir='ltr'><em>B</em></span> 
     </span>
     <span class='ocr_line' id='line_1_38' title="bbox 422 2561 1727 2595; baseline 0.001 -8"><span class='ocrx_word' id='word_1_229' title='bbox 422 2561 582 2595; x_wconf 84' lang='lat' dir='ltr'>[LXXXVI.]</span> <span class='ocrx_word' id='word_1_230' title='bbox 601 2563 757 2589; x_wconf 68' lang='lat' dir='ltr'>*hAVA&#39;rR</span> <span class='ocrx_word' id='word_1_231' title='bbox 775 2564 815 2589; x_wconf 84' lang='lat' dir='ltr'>B.-</span> <span class='ocrx_word' id='word_1_232' title='bbox 831 2565 957 2590; x_wconf 78' lang='lat' dir='ltr'>lavatrina</span> <span class='ocrx_word' id='word_1_233' title='bbox 975 2574 1028 2590; x_wconf 77' lang='lat' dir='ltr'>non</span> <span class='ocrx_word' id='word_1_234' title='bbox 1046 2565 1204 2591; x_wconf 68' lang='lat' dir='ltr'>audebamus</span> <span class='ocrx_word' id='word_1_235' title='bbox 1309 2563 1326 2590; x_wconf 85' lang='lat'>4</span> <span class='ocrx_word' id='word_1_236' title='bbox 1345 2565 1504 2591; x_wconf 75' lang='lat' dir='ltr'>Plasmatum</span> <span class='ocrx_word' id='word_1_237' title='bbox 1523 2573 1596 2590; x_wconf 78' lang='lat' dir='ltr'>sacro</span> <span class='ocrx_word' id='word_1_238' title='bbox 1615 2573 1682 2589; x_wconf 81' lang='lat' dir='ltr'>corr.</span> <span class='ocrx_word' id='word_1_239' title='bbox 1701 2563 1727 2588; x_wconf 90' lang='lat' dir='ltr'><em>B</em></span> 
     </span>
     <span class='ocr_line' id='line_1_39' title="bbox 424 2604 1226 2640; baseline 0.006 -10"><span class='ocrx_word' id='word_1_240' title='bbox 424 2604 596 2639; x_wconf 85' lang='lat' dir='ltr'>[LXXXVIL]</span> <span class='ocrx_word' id='word_1_241' title='bbox 616 2606 632 2632; x_wconf 92' lang='lat'><strong>3</strong></span> <span class='ocrx_word' id='word_1_242' title='bbox 651 2608 752 2640; x_wconf 83' lang='lat' dir='ltr'>signum</span> <span class='ocrx_word' id='word_1_243' title='bbox 771 2608 854 2633; x_wconf 82' lang='lat' dir='ltr'>crucis</span> <span class='ocrx_word' id='word_1_244' title='bbox 873 2617 940 2633; x_wconf 85' lang='lat' dir='ltr'>corr.</span> <span class='ocrx_word' id='word_1_245' title='bbox 960 2608 984 2633; x_wconf 91' lang='lat' dir='ltr'><em>B</em></span> <span class='ocrx_word' id='word_1_246' title='bbox 1087 2608 1104 2634; x_wconf 88' lang='lat'>5</span> <span class='ocrx_word' id='word_1_247' title='bbox 1122 2608 1184 2635; x_wconf 72' lang='lat' dir='ltr'>*aut</span> <span class='ocrx_word' id='word_1_248' title='bbox 1201 2609 1226 2634; x_wconf 86' lang='lat' dir='ltr'><em>B</em></span> 
     </span>
    </p>
   </div>
   <div class='ocr_carea' id='block_1_9' title="bbox 423 2699 1564 2785">
    <p class='ocr_par' dir='ltr' id='par_1_11' title="bbox 423 2699 1564 2785">
     <span class='ocr_line' id='line_1_40' title="bbox 425 2699 1564 2735; baseline 0.003 -11"><span class='ocrx_word' id='word_1_249' title='bbox 425 2699 456 2725; x_wconf 78' lang='lat'>18</span> <span class='ocrx_word' id='word_1_250' title='bbox 474 2699 633 2726; x_wconf 80' lang='lat' dir='ltr'>Pascasium</span> <span class='ocrx_word' id='word_1_251' title='bbox 652 2708 687 2726; x_wconf 83' lang='lat' dir='ltr'>sc.</span> <span class='ocrx_word' id='word_1_252' title='bbox 707 2700 872 2727; x_wconf 76' lang='lat' dir='ltr'>Radbertum</span> <span class='ocrx_word' id='word_1_253' title='bbox 889 2701 936 2734; x_wconf 85' lang='lat' dir='ltr'>cfr.</span> <span class='ocrx_word' id='word_1_254' title='bbox 954 2709 1039 2735; x_wconf 78' lang='lat' dir='ltr'>supra</span> <span class='ocrx_word' id='word_1_255' title='bbox 1053 2710 1083 2735; x_wconf 80' lang='lat' dir='ltr'>p.</span> <span class='ocrx_word' id='word_1_256' title='bbox 1099 2701 1158 2728; x_wconf 82' lang='lat'><strong>270.</strong></span> <span class='ocrx_word' id='word_1_257' title='bbox 1252 2702 1284 2727; x_wconf 79' lang='lat'>21</span> <span class='ocrx_word' id='word_1_258' title='bbox 1303 2701 1353 2734; x_wconf 77' lang='lat' dir='ltr'>cfr.</span> <span class='ocrx_word' id='word_1_259' title='bbox 1371 2709 1392 2728; x_wconf 82' lang='lat' dir='ltr'>c.</span> <span class='ocrx_word' id='word_1_260' title='bbox 1414 2701 1528 2734; x_wconf 88' lang='lat' dir='ltr'>XXIV,</span> <span class='ocrx_word' id='word_1_261' title='bbox 1540 2702 1564 2727; x_wconf 78' lang='grc'>8.</span> 
     </span>
     <span class='ocr_line' id='line_1_41' title="bbox 423 2750 785 2785; baseline 0.008 -10"><span class='ocrx_word' id='word_1_262' title='bbox 423 2750 593 2785; x_wconf 60' lang='lat' dir='ltr'>[LXXXVI]</span> <span class='ocrx_word' id='word_1_263' title='bbox 612 2751 661 2784; x_wconf 33' lang='lat' dir='ltr'>cfr*</span> <span class='ocrx_word' id='word_1_264' title='bbox 679 2760 700 2778; x_wconf 76' lang='lat' dir='ltr'>c.</span> <span class='ocrx_word' id='word_1_265' title='bbox 719 2752 785 2779; x_wconf 86' lang='lat' dir='ltr'>LX.</span> 
     </span>
    </p>
   </div>
   <div class='ocr_carea' id='block_1_10' title="bbox 423 2801 1782 2838">
    <p class='ocr_par' dir='ltr' id='par_1_12' title="bbox 423 2801 1782 2838">
     <span class='ocr_line' id='line_1_42' title="bbox 423 2801 1782 2838; baseline 0.001 -11"><span class='ocrx_word' id='word_1_266' title='bbox 423 2801 605 2835; x_wconf 65' lang='lat' dir='ltr'>[LXXXVII]</span> <span class='ocrx_word' id='word_1_267' title='bbox 624 2804 641 2829; x_wconf 85' lang='lat'>5</span> <span class='ocrx_word' id='word_1_268' title='bbox 659 2805 793 2830; x_wconf 66' lang='lat' dir='ltr'>construe:</span> <span class='ocrx_word' id='word_1_269' title='bbox 821 2803 895 2838; x_wconf 89' lang='lat' dir='ltr'>quod</span> <span class='ocrx_word' id='word_1_270' title='bbox 914 2804 1018 2838; x_wconf 85' lang='lat' dir='ltr'>quivit,</span> <span class='ocrx_word' id='word_1_271' title='bbox 1042 2804 1095 2831; x_wconf 83' lang='lat' dir='ltr'>hoc</span> <span class='ocrx_word' id='word_1_272' title='bbox 1118 2804 1174 2831; x_wconf 84' lang='lat' dir='ltr'>iam</span> <span class='ocrx_word' id='word_1_273' title='bbox 1196 2813 1308 2838; x_wconf 86' lang='lat' dir='ltr'>quoque</span> <span class='ocrx_word' id='word_1_274' title='bbox 1330 2805 1441 2831; x_wconf 75' lang='lat' dir='ltr'>tantum</span> <span class='ocrx_word' id='word_1_275' title='bbox 1466 2805 1494 2838; x_wconf 77' lang='grc' dir='ltr'>(ι’,</span> <span class='ocrx_word' id='word_1_276' title='bbox 1513 2813 1533 2831; x_wconf 83' lang='lat' dir='ltr'>e.</span> <span class='ocrx_word' id='word_1_277' title='bbox 1551 2813 1585 2831; x_wconf 85' lang='lat' dir='ltr'>ex</span> <span class='ocrx_word' id='word_1_278' title='bbox 1604 2804 1696 2838; x_wconf 62' lang='lat' dir='ltr'>piu-te)</span> <span class='ocrx_word' id='word_1_279' title='bbox 1715 2803 1782 2830; x_wconf 81' lang='lat' dir='ltr'>fecit</span> 
     </span>
    </p>
   </div>
   <div class='ocr_carea' id='block_1_11' title="bbox 320 2852 1206 2891">
    <p class='ocr_par' dir='ltr' id='par_1_13' title="bbox 320 2852 1206 2891">
     <span class='ocr_line' id='line_1_43' title="bbox 320 2852 1206 2891; baseline 0.007 -13"><span class='ocrx_word' id='word_1_280' title='bbox 320 2852 410 2879; x_wconf 81' lang='lat' dir='ltr'>valuit</span> <span class='ocrx_word' id='word_1_281' title='bbox 429 2862 461 2879; x_wconf 84' lang='lat' dir='ltr'>ex</span> <span class='ocrx_word' id='word_1_282' title='bbox 479 2862 539 2880; x_wconf 82' lang='lat' dir='ltr'>asse</span> <span class='ocrx_word' id='word_1_283' title='bbox 559 2854 587 2887; x_wconf 85' lang='lat' dir='ltr'>(i.</span> <span class='ocrx_word' id='word_1_284' title='bbox 601 2863 620 2880; x_wconf 82' lang='lat' dir='ltr'>e.</span> <span class='ocrx_word' id='word_1_285' title='bbox 639 2864 671 2881; x_wconf 84' lang='lat' dir='ltr'>ex</span> <span class='ocrx_word' id='word_1_286' title='bbox 691 2855 811 2890; x_wconf 80' lang='lat' dir='ltr'>integro)</span> <span class='ocrx_word' id='word_1_287' title='bbox 831 2856 908 2883; x_wconf 84' lang='lat' dir='ltr'>velut</span> <span class='ocrx_word' id='word_1_288' title='bbox 926 2858 1024 2891; x_wconf 82' lang='lat' dir='ltr'>aperte</span> <span class='ocrx_word' id='word_1_289' title='bbox 1043 2857 1206 2884; x_wconf 78' lang='lat' dir='ltr'>intentavit.</span> 
     </span>
    </p>
   </div>
   <div class='ocr_carea' id='block_1_12' title="bbox 1788 2802 1976 2837">
    <p class='ocr_par' dir='ltr' id='par_1_14' title="bbox 1788 2802 1976 2837">
     <span class='ocr_line' id='line_1_44' title="bbox 1788 2802 1976 2837; baseline 0 -8"><span class='ocrx_word' id='word_1_290' title='bbox 1788 2823 1794 2835; x_wconf 86' lang='lat'>,</span> <span class='ocrx_word' id='word_1_291' title='bbox 1819 2803 1888 2837; x_wconf 75' lang='lat' dir='ltr'>quia</span> <span class='ocrx_word' id='word_1_292' title='bbox 1905 2802 1976 2829; x_wconf 77' lang='lat' dir='ltr'>haut·</span> 
     </span>
    </p>
   </div>
  </div>
 </body>
</html>
