2040 2996
249 98 309 134 126
842 94 952 126 PAULI
970 93 1106 125 ALBARI
1125 92 1299 124 CARMINA.

246 189 334 231 passi
358 191 433 219 sunt
454 197 553 227 usque
575 186 618 218 ad
633 184 825 218 Diocletiani
848 188 1001 227 temperas
1024 185 1087 216 158
1108 184 1294 216 exorcismos
1316 183 1395 215 duos
1410 182 1514 225 (infra
1531 182 1652 223 edam);
1675 183 1737 215 159
1752 181 1889 216 Damasi

246 241 283 271 cle
311 239 413 271 Paulo
445 238 582 279 apostolo
616 249 723 270 versus
752 239 894 279 (saepius
921 238 1019 270 editos
1048 237 1105 277 cfr.
1135 237 1172 268 de
1200 235 1295 268 Rossi·
1324 235 1426 268 bullet.
1455 235 1490 267 di
1520 236 1605 267 arch.
1633 236 1718 268 crist.
1745 247 1804 268 ser.
1825 236 1888 268 IV.

245 302 320 323 ann.
338 292 404 322 III.
421 302 457 331 p.
473 292 518 328 8).

350 343 482 375 Praeter
507 342 705 381 Toletanum,
735 353 795 382 quo
822 353 879 375 nos
900 353 938 374 ex
959 341 1088 374 Ewaldi
1110 339 1316 380 descriptione
1338 342 1367 371 et
1389 338 1550 371 collatione
1571 339 1694 371 utimur
1714 350 1794 380 quae
1815 342 1891 372 sunt

245 396 282 427 in
303 406 363 436 reg).
387 394 457 427 bibl.
474 394 579 426 Berol.
602 405 658 426 rnS.
682 393 736 425 lat.
760 389 822 434 fol(
836 395 909 433 448,
932 393 1118 425 Ambrosius
1140 391 1282 423 Morales
1303 401 1375 422 cum
1396 401 1480 422 anno
1503 391 1588 423 1574
1610 391 1641 424 S.
1658 391 1775 432 Euloyi
1796 402 1890 432 opera

250 446 407 487 Compluti
424 447 552 487 primus
579 445 680 478 ederet
702 446 803 486 iisque
824 445 941 486 Euloqi
962 446 1060 477 vitam
1075 444 1293 484 praemitteret
1319 443 1358 474 ab
1380 442 1500 474 Albaro
1521 443 1714 483 conpositam
1746 443 1891 475 adhibuit

249 498 423 530 Ovetcnsem
447 499 571 530 ‘librum
592 498 845 530 vetustissimum'
868 500 897 529 et
918 498 1023 537 ipsum
1046 496 1169 528 ‘litteris
1187 495 1329 527 Gothicis
1350 495 1387 526 in
1408 495 1597 527 membranis
1614 495 1822 536 descriptum’,
1846 496 1892 527 ‘in

246 561 306 590 quo
334 550 445 590 passio
475 561 546 582 cum
575 550 686 583 Sancti
715 550 857 589 operibus
884 549 928 580 ad
954 549 1048 589 finem
1073 547 1277 585 cohaerebatss
1311 547 1441 578 deerant
1468 557 1505 578 ea
1534 557 1615 586 quae
1645 547 1824 587 passionem
1856 547 1892 579 in

249 602 397 634 Toletano
425 605 576 634 secuntur
603 601 823 633 translationis
851 601 999 633 memoria
1028 600 1223 641 epitaphium
1250 599 1351 630 oratio
1361 599 1380 630 ¹.
1429 599 1491 639 Qui
1518 609 1578 639 quo
1604 598 1712 639 pluris
1738 601 1775 630 ut
1807 598 1892 631 solus

246 653 363 694 Euloyi
392 664 519 694 operum
551 654 639 685 testis
663 664 685 685 a
707 652 879 685 Moralesio
901 652 1007 692 siebat,
1040 662 1073 683 eo
1102 651 1212 682 rarius
1238 651 1273 682 in
1289 650 1440 690 passione
1463 650 1679 690 adserebatur,
1701 651 1892 691 praesertim

247 716 317 737 cum
340 705 419 737 lectu
442 708 519 737 esset
540 705 751 746 difficillimus
780 707 809 736 et
830 715 892 745 pro
923 704 979 736 illa
1000 703 1126 744 plenior
1155 705 1290 735 exstaret
1316 702 1494 735 Toletanus.
1535 702 1585 734 Ae
1607 702 1761 735 Moralesi
1790 706 1894 735 textus

247 768 318 789 cum
345 768 367 789 a
397 758 545 789 Toletano
572 758 687 789 recedit
717 760 782 788 tam
803 757 973 797 pueriliter
1000 755 1209 796 interpolatus
1236 757 1294 792 est,
1324 757 1361 785 ut
1389 754 1433 785 ibi
1454 765 1518 786 non
1539 755 1665 786 nitatur
1687 755 1802 786 codicis
1822 755 1893 795 fide,

247 810 301 840 sed
323 810 452 841 editoris
475 809 614 842 lubidine
623 810 644 840 ².

1059 1015 1087 1047 Ι.

518 1079 758 1117 INCIPIUNT
786 1079 939 1115 VERSI.
968 1078 1166 1114 CARMEN
1194 1075 1627 1120 PHILOMEL(AICUM>.

616 1172 700 1211 Vox,
724 1171 875 1212 filomela,
899 1174 956 1202 tua
978 1173 1155 1202 metrorum
1179 1169 1321 1201 carmina
1343 1170 1442 1201 vincit

661 1224 706 1255 Et
729 1226 863 1266 superat
885 1223 975 1254 miris
999 1222 1131 1254 flamina
1154 1232 1274 1264 magna
1297 1221 1412 1254 modis.

614 1276 701 1316 Vox,
724 1275 877 1312 filomela,
901 1278 958 1306 tua
981 1274 1084 1306 dulcis
1109 1283 1208 1316 super
1230 1284 1354 1316 organa
1377 1273 1494 1316 pergit,

665 1327 801 1359 Cantica
823 1337 898 1359 nam
921 1326 1023 1358 suabe
1045 1326 1170 1369 fulgide
1194 1336 1315 1368 magna
1338 1325 1435 1358 canit.

549 1388 560 1405 ⁵
617 1380 702 1419 Vox,
726 1379 915 1422 philomela,
938 1382 996 1410 tua
1019 1381 1151 1420 superat
1174 1378 1220 1410 sic
1243 1380 1373 1420 gutture
1395 1377 1518 1416 Musas,

663 1431 710 1463 Ut
734 1431 876 1463 citharas
898 1431 1010 1462 vincat
1033 1430 1129 1462 sivila
1151 1433 1202 1461 ter
1223 1432 1289 1469 tua,
1312 1432 1373 1461 ter.

618 1484 738 1526 Sicque
762 1483 840 1515 liras
863 1483 977 1515 dulces
1002 1481 1174 1514 cordarum
1196 1481 1317 1524 pollice
1341 1480 1456 1513 ductas

662 1535 809 1567 Excellis
833 1535 990 1572 mulcens,
1014 1534 1113 1566 corda
1135 1533 1252 1566 fobens
1274 1533 1452 1565 hominum.

619 1587 724 1620 Cedat
746 1587 930 1630 omnigena,
953 1587 1012 1619 tivi
1035 1597 1101 1619 vox
1124 1596 1252 1628 quoque
1275 1586 1407 1628 garrula
1429 1585 1534 1626 cedat,

536 1646 560 1665 1⁰
666 1638 779 1671 Iudice
802 1649 855 1671 me
879 1649 1011 1670 carmen
1034 1638 1161 1680 fulgeat
1183 1637 1301 1670 homne
1324 1640 1425 1670 tuum.

358 1786 396 1820 [L]
416 1787 515 1812 titulum
533 1787 658 1819 supplevit
674 1786 777 1819 Ewald,
798 1786 921 1811 Tarnaias
938 1794 1035 1818 quoque
1055 1785 1320 1810 FILOMELAICVM
1337 1788 1443 1810 testatur
1538 1784 1555 1809 6
1573 1785 1698 1811 tertui.ter
1712 1785 1735 1810 0
1751 1784 1804 1811 *απ
1820 1786 1901 1812 vincit
1923 1819 1929 1826 ι

254 1840 273 1857 s.
286 1835 325 1856 ter
342 1831 430 1856 tonitri
443 1830 455 1855 ‘3
541 1829 556 1855 'l
575 1829 683 1856 *ductus
699 1830 722 1856 0

359 1916 386 1950 1)
405 1915 459 1948 Cfr.
482 1915 586 1949 passim
604 1914 733 1941 Moralesi
753 1913 933 1948 praefationes
958 1916 983 1940 et
1007 1913 1110 1940 scholia.
1203 1913 1229 1947 2)
1249 1913 1285 1940 E.
1301 1921 1326 1947 9.
1346 1913 1415 1940 XII
1429 1922 1443 1941 1
1455 1921 1465 1940 ι
1482 1921 1533 1947 pro
1555 1913 1664 1940 revehit
1687 1914 1759 1941 festa
1776 1914 1901 1941 Mor-ales.

255 1967 373 1994 redeunt
384 1967 455 1993 festa
467 1975 526 1993 cum
537 1966 644 1993 nesciret
651 1967 746 2000 festam
755 1966 814 1999 fem.
829 1974 887 2000 esse,
904 1973 981 1992 versu
991 1968 1082 1992 autem
1093 1965 1227 1999 refragari
1238 1965 1334 1992 m'derd
1346 1965 1528 1997 revehuntur;
1549 1966 1583 1992 ib.
1595 1969 1630 1992 26
1642 1974 1679 1999 sq.
1691 1966 1797 2000 scrip-«fit
1808 1969 1902 1993 eonor-a

255 2021 367 2045 metrum
377 2018 502 2044 Christus
521 2018 715 2052 cunctipotens
732 2017 825 2050 vellet,
843 2017 1011 2044 Leocritiam
1027 2018 1031 2052 Ι
1047 2019 1122 2044 recte
1135 2025 1198 2043 mox
1211 2019 1243 2043 ut
1254 2019 1372 2043 contorta
1383 2020 1519 2051 reteoeeret5
1534 2017 1570 2044 48
1582 2018 1656 2044 hunc
1669 2020 1730 2052 post
1746 2026 1782 2044 ne
1793 2018 1904 2044 inm-sit

255 2070 385 2097 elisionem
398 2078 504 2104 parans
521 2078 605 2103 neque
623 2068 678 2096 ἀπό
692 2071 785 2096 κοινοῦ
796 2069 1000 2096 construendum
1017 2077 1068 2096 esse
1084 2069 1176 2096 sciens.
1209 2069 1319 2095 Tcdwus
1329 2069 1491 2103 adparatum
1502 2077 1587 2095 meum
1598 2077 1675 2103 quem
1685 2069 1824 2103 simplicem
1834 2070 1904 2096 malo

256 2130 312 2148 rum
330 2129 445 2148 oneravi.

360 2182 401 2216 [L]
421 2182 458 2208 ad
480 2190 501 2209 c.
520 2183 540 2208 Ι
557 2185 582 2209 et
601 2183 638 2209 ΙΙ
658 2183 708 2216 cfr.
727 2183 836 2217 Euqeni
860 2182 980 2209 Toletani
1003 2190 1044 2216 op.
1066 2184 1141 2216 part.
1169 2181 1213 2208 alt.
1239 2189 1260 2208 c.
1280 2181 1360 2208 VJH
1381 2181 1431 2215 (ed.
1451 2182 1611 2209 lorenzana
1633 2182 1691 2208 PP.
1714 2182 1790 2208 Tulei.
1813 2181 1842 2215 I,
1859 2182 1903 2216 59)

256 2234 474 2267 quemadmodum
490 2234 580 2267 fertur
596 2234 626 2260 in
644 2234 765 2268 Agamem
781 2234 867 2262 codice
886 2234 1012 2261 Toletano
1028 2233 1061 2260 ab
1079 2233 1204 2260 Ewaldio
1221 2233 1315 2260 collato
1332 2233 1390 2266 (dr.
1410 2234 1446 2261 N.
1458 2235 1494 2261 A.
1512 2234 1562 2268 VI,
1579 2236 1652 2268 316).-

800 2303 892 2331 ITEM
910 2302 1064 2330 CARMEN
1081 2302 1363 2329 FILOMELAICUM.

618 2355 687 2387 Vox,
706 2355 867 2390 philomela,
885 2357 935 2382 tua
954 2356 1052 2382 cantus
1069 2355 1098 2381 te
1116 2354 1207 2391 dicere
1226 2354 1293 2389 (eyo;
1310 2363 1332 2382 c.
1351 2354 1458 2381 edicere
1479 2354 1512 2390 T)
1530 2355 1618 2389 cogit:

670 2399 738 2426 Inde
756 2399 799 2426 tui
817 2399 931 2426 laudem
947 2398 1053 2426 rustica
1071 2397 1169 2432 lingua
1187 2397 1270 2424 canit.

618 2442 687 2475 Vox,
706 2442 866 2477 philomela,
888 2443 939 2469 tua
957 2441 1079 2470 citharas
1096 2441 1127 2468 in
1145 2441 1267 2468 carmine
1285 2441 1373 2468 vincit

670 2486 705 2513 Et
723 2488 837 2521 superat
854 2486 932 2513 miris
950 2485 1060 2513 musica·
1073 2485 1161 2512 flabra
1178 2485 1276 2512 modis.

558 2538 569 2555 5
622 2529 691 2561 Vox,
710 2529 872 2564 philomela,
890 2530 941 2556 tua
958 2537 1086 2556 curarum
1105 2527 1211 2554 semina
1228 2527 1318 2562 pellit,

673 2573 791 2599 Recreat
810 2574 838 2599 et
856 2572 967 2599 blandis
985 2571 1070 2599 anxia
1087 2571 1170 2598 corda
1188 2570 1271 2597 sonis.

621 2615 719 2642 Florea
737 2624 802 2642 rura.
820 2615 896 2647 colis,
916 2615 1032 2642 herboso
1051 2614 1155 2649 cespite
1173 2613 1286 2648 gaudes,

672 2658 827 2685 Frondibus
845 2658 967 2685 arboreis
986 2658 1104 2693 pignera
1121 2665 1208 2691 parva
1225 2657 1309 2683 foves.

621 2701 755 2728 Cantibus
773 2709 836 2728 ecce
854 2701 911 2728 tuis
929 2702 1076 2736 recrepant
1094 2700 1208 2727 arbusta
1226 2699 1341 2732 canoris,

546 2752 571 2770 10
673 2744 813 2771 Consonat
830 2744 891 2779 ipsa
909 2744 966 2771 suis
984 2744 1099 2771 frondea
1117 2743 1187 2770 silva
1205 2743 1298 2770 comis.
